[
    {
        "id": 1,
        "name": "English Cucumber",
        "price": "1 ea, $1.33/1ea",
        "image_url": "https://assets.shop.loblaws.ca/products/20070132001/b3/en/front/20070132001_front_a06_@2.png"
    },
    {
        "id": 2,
        "name": "Green Onion",
        "price": "1 bunch, $1.33/1ea",
        "image_url": "https://assets.shop.loblaws.ca/products/20107500001/b3/en/front/20107500001_front_a06_@2.png"
    },
    {
        "id": 3,
        "name": "Asparagus",
        "price": "$6.35/1kg $2.88/1lb",
        "image_url": "https://assets.shop.loblaws.ca/products/20174581001/b3/en/front/20174581001_front_a06_@2.png"
    },
    {
        "id": 4,
        "name": "Tomato Beefsteak  Red",
        "price": "$5.49/1kg $2.49/1lb",
        "image_url": "https://assets.shop.loblaws.ca/products/20426141001/b3/en/front/20426141001_front_a06_@2.png"
    },
    {
        "id": 5,
        "name": "Tomato On The Vine Red (1 Bunch)",
        "price": "$1.63/1kg $0.74/1lb",
        "image_url": "https://assets.shop.loblaws.ca/products/20026703001/b3/en/front/20026703001_front_a06_@2.png"
    },
    {
        "id": 6,
        "name": "Yellow Onions, 3 lb Bag",
        "price": "1.36 kg, $0.26/100g",
        "image_url": "https://assets.shop.loblaws.ca/products/20811994001/b3/en/front/20811994001_front_a06_@2.png"
    },
    {
        "id": 7,
        "name": "Bi-Colour Corn, Corn on the Cob",
        "price": "1 ea, $0.79/1ea",
        "image_url": "https://assets.shop.loblaws.ca/products/20131170001/b3/en/front/20131170001_front_a06_@2.png"
    },
    {
        "id": 8,
        "name": "Celery Stalks",
        "price": "1 ea, $2.99/1ea",
        "image_url": "https://assets.shop.loblaws.ca/products/20163119001/b3/en/front/20163119001_front_a06_@2.png"
    },
    {
        "id": 9,
        "name": "Lettuce Iceberg",
        "price": "1 ea, $2.99/1ea",
        "image_url": "https://assets.shop.loblaws.ca/products/20135326001/b3/en/front/20135326001_front_a06_@2.png"
    },
    {
        "id": 10,
        "name": "Red Onion",
        "price": "$6.59/1kg $2.99/1lb",
        "image_url": "https://assets.shop.loblaws.ca/products/20134101001/b3/en/front/20134101001_front_a06_@2.png"
    },
    {
        "id": 11,
        "name": "Grape Tomatoes",
        "price": "283 g, $1.24/100g",
        "image_url": "https://assets.shop.loblaws.ca/products/21367888001/b3/en/front/21367888001_front_a06_@2.png"
    },
    {
        "id": 12,
        "name": "Red Peppers",
        "price": "$11.00/1kg $4.99/1lb",
        "image_url": "https://assets.shop.loblaws.ca/products/20007535001/b3/en/front/20007535001_front_a06_@2.png"
    },
    {
        "id": 13,
        "name": "Zucchini",
        "price": "$6.59/1kg $2.99/1lb",
        "image_url": "https://assets.shop.loblaws.ca/products/20426596001/b3/en/front/20426596001_front_a06_@2.png"
    },
    {
        "id": 14,
        "name": "Roma Tomatoes",
        "price": "$6.59/1kg $2.99/1lb",
        "image_url": "https://assets.shop.loblaws.ca/products/20143381001/b3/en/front/20143381001_front_a06_@2.png"
    },
    {
        "id": 15,
        "name": "Ginger",
        "price": "$6.59/1kg $2.99/1lb",
        "image_url": "https://assets.shop.loblaws.ca/products/20179038001/b3/en/front/20179038001_front_a06_@2.png"
    },
    {
        "id": 16,
        "name": "Broccoli",
        "price": "1 ea, $3.49/1ea",
        "image_url": "https://assets.shop.loblaws.ca/products/20145621001/b3/en/front/20145621001_front_a06_@2.png"
    },
    {
        "id": 17,
        "name": "Sweet Green Peppers",
        "price": "$8.14/1kg $3.69/1lb",
        "image_url": "https://assets.shop.loblaws.ca/products/20425893001/b3/en/front/20425893001_front_a06_@2.png"
    },
    {
        "id": 18,
        "name": "Garlic Bulbs, 3-count",
        "price": "90 g, $0.33/1ea",
        "image_url": "https://assets.shop.loblaws.ca/products/21004355001/b3/en/front/21004355001_front_a06_@2.png"
    },
    {
        "id": 19,
        "name": "Mini Cucumbers",
        "price": "6 pack, $0.67/1ea",
        "image_url": "https://assets.shop.loblaws.ca/products/20737570001/b3/en/front/20737570001_front_a06_@2.png"
    },
    {
        "id": 20,
        "name": "Cauliflower",
        "price": "1 ea, $3.88/1ea",
        "image_url": "https://assets.shop.loblaws.ca/products/20135377001/b3/en/front/20135377001_front_a06_@2.png"
    },
    {
        "id": 21,
        "name": "Carrots, 3 lb Bag",
        "price": "1.362 kg, $0.26/100g",
        "image_url": "https://assets.shop.loblaws.ca/products/20600927001/b3/en/front/20600927001_front_a06_@2.png"
    },
    {
        "id": 22,
        "name": "Sweet Onion",
        "price": "$6.59/1kg $2.99/1lb",
        "image_url": "https://assets.shop.loblaws.ca/products/20083454001/b3/en/front/20083454001_front_a06_@2.png"
    },
    {
        "id": 23,
        "name": "Red Field Peppers, 4-Pack",
        "price": "1 ea, $0.97/1ea",
        "image_url": "https://assets.shop.loblaws.ca/products/20013208001/b3/en/front/20013208001_front_a06_@2.png"
    },
    {
        "id": 24,
        "name": "Sweet Potato",
        "price": "$3.73/1kg $1.69/1lb",
        "image_url": "https://assets.shop.loblaws.ca/products/20127708001/b3/en/front/20127708001_front_a06_@2.png"
    },
    {
        "id": 25,
        "name": "Naturally Imperfect Mixed Sweet Peppers 2.5lb Bag",
        "price": "1.113 kg, $0.54/100g",
        "image_url": "https://assets.shop.loblaws.ca/products/20921434001/b3/en/front/20921434001_front_a06_@2.png"
    },
    {
        "id": 26,
        "name": "Sweet Baby Peppers (4-Pack)",
        "price": "1 ea, $1.25/1ea",
        "image_url": "https://assets.shop.loblaws.ca/products/20117550001/b3/en/front/20117550001_front_a06_@2.png"
    },
    {
        "id": 27,
        "name": "Broccoli Crown",
        "price": "1 ea, $1.88/1ea",
        "image_url": "https://assets.shop.loblaws.ca/products/21121560001/b3/en/front/21121560001_front_a06_@2.png"
    },
    {
        "id": 28,
        "name": "Sweet Corn",
        "price": "4 pack, $1.00/1ea",
        "image_url": "https://assets.shop.loblaws.ca/products/20348977001/b3/en/front/20348977001_front_a06_@2.png"
    },
    {
        "id": 29,
        "name": "Russet Potatoes, 10 lb Bag",
        "price": "4.54 kg, $0.09/100g",
        "image_url": "https://assets.shop.loblaws.ca/products/20601020001/b3/en/front/20601020001_front_a06_@2.png"
    },
    {
        "id": 30,
        "name": "Mini Carrots",
        "price": "340 g, $0.73/100g",
        "image_url": "https://assets.shop.loblaws.ca/products/20117370001/b3/en/front/20117370001_front_a06_@2.png"
    },
    {
        "id": 31,
        "name": "Romaine Hearts, 2-Pack",
        "price": "1 ea, $2.00/1ea",
        "image_url": "https://assets.shop.loblaws.ca/products/20082756001/b3/en/front/20082756001_front_a06_@2.png"
    },
    {
        "id": 32,
        "name": "Colossal Garlic",
        "price": "$13.21/1kg $5.99/1lb",
        "image_url": "https://assets.shop.loblaws.ca/products/20135581001/b3/en/front/20135581001_front_a06_@2.png"
    },
    {
        "id": 33,
        "name": "Whole White Mushrooms",
        "price": "454 g, $0.85/100g",
        "image_url": "https://assets.shop.loblaws.ca/products/20738571/b3/en/front/20738571_front_a06_@2.png"
    },
    {
        "id": 34,
        "name": "Grape Tomato 907G",
        "price": "908 g, $0.65/100g",
        "image_url": "https://assets.shop.loblaws.ca/products/20840038001/b3/en/front/20840038001_front_a06_@2.png"
    },
    {
        "id": 35,
        "name": "Mini Carrots, 2 lb",
        "price": "907 g, $0.55/100g",
        "image_url": "https://assets.shop.loblaws.ca/products/20031454001/b3/en/front/20031454001_front_a06_@2.png"
    },
    {
        "id": 36,
        "name": "Romaine Lettuce",
        "price": "1 ea, $3.49/1ea",
        "image_url": "https://assets.shop.loblaws.ca/products/20065036001/b3/en/front/20065036001_front_a06_@2.png"
    },
    {
        "id": 37,
        "name": "Yellow Mini Potatoes",
        "price": "0.68 kg, $0.44/100g",
        "image_url": "https://assets.shop.loblaws.ca/products/21247300001/b3/en/front/21247300001_front_a06_@2.png"
    },
    {
        "id": 38,
        "name": "Cucumbers 11 count",
        "price": "750 g, $0.35/1ea",
        "image_url": "https://assets.shop.loblaws.ca/products/21070679001/b3/en/front/21070679001_front_a06_@2.png"
    },
    {
        "id": 39,
        "name": "Cabbage, Green",
        "price": "$2.18/1kg $0.99/1lb",
        "image_url": "https://assets.shop.loblaws.ca/products/20793034001/b3/en/front/20793034001_front_a06_@2.png"
    },
    {
        "id": 40,
        "name": "Whole White Mushrooms",
        "price": "227 g, $1.10/100g",
        "image_url": "https://assets.shop.loblaws.ca/products/20776239/b3/en/front/20776239_front_a06_@2.png"
    },
    {
        "id": 41,
        "name": "Green Leaf Lettuce",
        "price": "1 ea, $2.99/1ea",
        "image_url": "https://assets.shop.loblaws.ca/products/20133884001/b3/en/front/20133884001_front_a06_@2.png"
    },
    {
        "id": 42,
        "name": "Green Peppers",
        "price": "1 ea, $0.97/1ea",
        "image_url": "https://assets.shop.loblaws.ca/products/20115233001/b3/en/front/20115233001_front_a06_@2.png"
    },
    {
        "id": 43,
        "name": "Kale",
        "price": "1 bunch, $2.49/1ea",
        "image_url": "https://assets.shop.loblaws.ca/products/20138805001/b3/en/front/20138805001_front_a06_@2.png"
    },
    {
        "id": 44,
        "name": "Greenhouse Peppers, Orange",
        "price": "$11.00/1kg $4.99/1lb",
        "image_url": "https://assets.shop.loblaws.ca/products/20166880001/b3/en/front/20166880001_front_a06_@2.png"
    },
    {
        "id": 45,
        "name": "Dasheen Leaves",
        "price": "$15.41/1kg $6.99/1lb",
        "image_url": "https://assets.shop.loblaws.ca/products/20864004001/b3/en/front/20864004001_front_a06_@2.png"
    },
    {
        "id": 46,
        "name": "Boston Lettuce",
        "price": "2 pack, $2.00/1ea",
        "image_url": "https://assets.shop.loblaws.ca/products/20686537/b3/en/front/20686537_front_a06_@2.png"
    },
    {
        "id": 47,
        "name": "Jalapeno Peppers",
        "price": "$9.90/1kg $4.49/1lb",
        "image_url": "https://assets.shop.loblaws.ca/products/20088387001/b3/en/front/20088387001_front_a06_@2.png"
    },
    {
        "id": 48,
        "name": "Long Beans",
        "price": "$1.32/100g $13.21/1kg",
        "image_url": "https://assets.shop.loblaws.ca/products/20686492001/b3/en/front/20686492001_front_a06_@2.png"
    },
    {
        "id": 49,
        "name": "Brown Mushrooms",
        "price": "680 g, $0.66/100g",
        "image_url": "https://assets.shop.loblaws.ca/products/20938403/b3/en/front/20938403_front_a06_@2.png"
    },
    {
        "id": 50,
        "name": "Mini Cucumber",
        "price": "680 g, $0.44/100g",
        "image_url": "https://assets.shop.loblaws.ca/products/21285907001/b3/en/front/21285907001_front_a06_@2.png"
    },
    {
        "id": 51,
        "name": "Taiwanese Flat Cabbage",
        "price": "$2.16/1kg $0.98/1lb",
        "image_url": "https://assets.shop.loblaws.ca/products/20020863001/b3/en/front/20020863001_front_a06_@2.png"
    },
    {
        "id": 52,
        "name": "Mixed Little Gems",
        "price": "0.68 kg, $0.44/100g",
        "image_url": "https://assets.shop.loblaws.ca/products/21247301001/b3/en/front/21247301001_front_a06_@2.png"
    },
    {
        "id": 53,
        "name": "Organic Cucumber Mini",
        "price": "342 g, $0.83/1ea",
        "image_url": "https://assets.shop.loblaws.ca/products/20935931001/b3/en/front/20935931001_front_a06_@2.png"
    },
    {
        "id": 54,
        "name": "Celery Hearts",
        "price": "2 pack, $1.90/1ea",
        "image_url": "https://assets.shop.loblaws.ca/products/20100770001/b3/en/front/20100770001_front_a06_@2.png"
    },
    {
        "id": 55,
        "name": "Whole Cremini Mushrooms",
        "price": "454 g, $0.85/100g",
        "image_url": "https://assets.shop.loblaws.ca/products/20761372/b3/en/front/20761372_front_a06_@2.png"
    },
    {
        "id": 56,
        "name": "Chinese Long Beans (Bodie)",
        "price": "$1.21/100g $12.10/1kg",
        "image_url": "https://assets.shop.loblaws.ca/products/20162508001/b3/en/front/20162508001_front_a06_@2.png"
    },
    {
        "id": 57,
        "name": "Pearl Onion",
        "price": "250 g, $1.20/100g",
        "image_url": "https://assets.shop.loblaws.ca/products/21083917001/b3/en/front/21083917001_front_a06_@2.png"
    },
    {
        "id": 58,
        "name": "Chinese Broccoli (gai lan)",
        "price": "$4.37/1kg $1.98/1lb",
        "image_url": "https://assets.shop.loblaws.ca/products/20003604001/b3/en/front/20003604001_front_a06_@2.png"
    },
    {
        "id": 59,
        "name": "Organic Beet Bunch",
        "price": "699 g, $0.71/100g",
        "image_url": "https://assets.shop.loblaws.ca/products/21095252001/b3/en/front/21095252001_front_a06_@2.png"
    },
    {
        "id": 60,
        "name": "Jamaican Sweet Potatoes",
        "price": "$11.00/1kg $4.99/1lb",
        "image_url": "https://assets.shop.loblaws.ca/products/20130919001/b3/en/front/20130919001_front_a06_@2.png"
    },
    {
        "id": 61,
        "name": "Naturally Imperfect English Cucumber 3lb Bag",
        "price": "1.36 kg, $0.37/100g",
        "image_url": "https://assets.shop.loblaws.ca/products/21046471001/b3/en/front/21046471001_front_a06_@2.png"
    },
    {
        "id": 62,
        "name": "Yu Choy Sum",
        "price": "$4.37/1kg $1.98/1lb",
        "image_url": "https://assets.shop.loblaws.ca/products/20171853001/b3/en/front/20171853001_front_a06_@2.png"
    },
    {
        "id": 63,
        "name": "Organic Garlic",
        "price": "115 g, $2.60/100g",
        "image_url": "https://assets.shop.loblaws.ca/products/20717130001/b3/en/front/20717130001_front_a06_@2.png"
    },
    {
        "id": 64,
        "name": "Don Qua",
        "price": "$5.49/1kg $2.49/1lb",
        "image_url": "https://assets.shop.loblaws.ca/products/20175056001/b3/en/front/20175056001_front_a06_@2.png"
    },
    {
        "id": 65,
        "name": "LoBok (Daikon Radish)",
        "price": "$2.16/1kg $0.98/1lb",
        "image_url": "https://assets.shop.loblaws.ca/products/20082109001/b3/en/front/20082109001_front_a06_@2.png"
    },
    {
        "id": 66,
        "name": "Ruby and Golden Little Gems, 5 lb bag",
        "price": "2.27 kg, $0.35/100g",
        "image_url": "https://assets.shop.loblaws.ca/products/20767842/b3/en/front/20767842_front_a06_@2.png"
    },
    {
        "id": 67,
        "name": "Organic French Beans",
        "price": "350 g, $1.43/100g",
        "image_url": "https://assets.shop.loblaws.ca/products/21126944001/b3/en/front/21126944001_front_a06_@2.png"
    },
    {
        "id": 68,
        "name": "Grape Tomatoes",
        "price": "255 g, $1.56/100g",
        "image_url": "https://assets.shop.loblaws.ca/products/20799491001/b3/en/front/20799491001_front_a06_@2.png"
    },
    {
        "id": 69,
        "name": "Karela",
        "price": "$4.39/1kg $1.99/1lb",
        "image_url": "https://assets.shop.loblaws.ca/products/20028046001/b3/en/front/20028046001_front_a06_@2.png"
    },
    {
        "id": 70,
        "name": "Green Beans",
        "price": "$0.77/100g $7.69/1kg",
        "image_url": "https://assets.shop.loblaws.ca/products/20142683001/b3/en/front/20142683001_front_a06_@2.png"
    },
    {
        "id": 71,
        "name": "Chinese Bitter Melons",
        "price": "$6.59/1kg $2.99/1lb",
        "image_url": "https://assets.shop.loblaws.ca/products/20101393001/b3/en/front/20101393001_front_a06_@2.png"
    },
    {
        "id": 72,
        "name": "Roma Tomatoes",
        "price": "1 ea, $0.55/100g",
        "image_url": "https://assets.shop.loblaws.ca/products/20887498001/b3/en/front/20887498001_front_a06_@2.png"
    },
    {
        "id": 73,
        "name": "Baby Bok Choy Jr",
        "price": "$6.59/1kg $2.99/1lb",
        "image_url": "https://assets.shop.loblaws.ca/products/20099639001/b3/en/front/20099639001_front_a06_@2.png"
    },
    {
        "id": 74,
        "name": "Organic, Red Kale",
        "price": "1 bunch",
        "image_url": "https://assets.shop.loblaws.ca/products/21095251001/b3/en/front/21095251001_front_a06_@2.png"
    },
    {
        "id": 75,
        "name": "Purple Sweet Potatoes",
        "price": "$4.39/1kg $1.99/1lb",
        "image_url": "https://assets.shop.loblaws.ca/products/20849858001/b3/en/front/20849858001_front_a06_@2.png"
    },
    {
        "id": 76,
        "name": "Organic Butternut Squash",
        "price": "$5.05/1kg $2.29/1lb",
        "image_url": "https://assets.shop.loblaws.ca/products/20051060001/b3/en/front/20051060001_front_a06_@2.png"
    },
    {
        "id": 77,
        "name": "Organic English Cucumber",
        "price": "1 ea, $2.49/1ea",
        "image_url": "https://assets.shop.loblaws.ca/products/20080489001/b3/en/front/20080489001_front_a06_@2.png"
    },
    {
        "id": 78,
        "name": "Tomato On The Vine Red (1 Bunch)",
        "price": "$8.80/1kg $3.99/1lb",
        "image_url": "https://assets.shop.loblaws.ca/products/20127917001/b3/en/front/20127917001_front_a06_@2.png"
    },
    {
        "id": 79,
        "name": "Organic Sweet Potatoes, 3 lb Bag",
        "price": "1.36 kg, $0.44/100g",
        "image_url": "https://assets.shop.loblaws.ca/products/20639082001/b3/en/front/20639082001_front_a06_@2.png"
    },
    {
        "id": 80,
        "name": "French Beans",
        "price": "400 g, $1.25/100g",
        "image_url": "https://assets.shop.loblaws.ca/products/20889720/b3/en/front/20889720_front_a06_@2.png"
    },
    {
        "id": 81,
        "name": "Red Beets, Bunched",
        "price": "1 bunch, $3.99/1ea",
        "image_url": "https://assets.shop.loblaws.ca/products/20174607001/b3/en/front/20174607001_front_a06_@2.png"
    },
    {
        "id": 82,
        "name": "Organic Cauliflower",
        "price": "1 ea, $5.99/1ea",
        "image_url": "https://assets.shop.loblaws.ca/products/20001440001/b3/en/front/20001440001_front_a06_@2.png"
    },
    {
        "id": 83,
        "name": "Villagio Marzano Tomatoes",
        "price": "681 g, $11.73/1kg $0.53/1lb",
        "image_url": "https://assets.shop.loblaws.ca/products/20889119001/b3/en/front/20889119001_front_a06_@2.png"
    },
    {
        "id": 84,
        "name": "Organic Rapini",
        "price": "20 ea, $2.97/1ea",
        "image_url": "https://assets.shop.loblaws.ca/products/20962173001/b3/en/front/20962173001_front_a06_@2.png"
    },
    {
        "id": 85,
        "name": "Yam Leaves",
        "price": "$6.59/1kg",
        "image_url": "https://assets.shop.loblaws.ca/products/21122853001/b3/en/front/21122853001_front_a06_@2.png"
    },
    {
        "id": 86,
        "name": "Portobello Mushroom Caps",
        "price": "4 pack, $2.38/100g",
        "image_url": "https://assets.shop.loblaws.ca/products/20753132/b3/en/front/20753132_front_a06_@2.png"
    },
    {
        "id": 87,
        "name": "Snap Peas",
        "price": "227 g, $1.76/100g",
        "image_url": "https://assets.shop.loblaws.ca/products/20712998/b3/en/front/20712998_front_a06_@2.png"
    },
    {
        "id": 88,
        "name": "Rhubarb",
        "price": "454 g, $1.10/100g",
        "image_url": "https://assets.shop.loblaws.ca/products/20899644001/b3/en/front/20899644001_front_a06_@2.png"
    },
    {
        "id": 89,
        "name": "Cubanelle Peppers",
        "price": "$9.90/1kg $4.49/1lb",
        "image_url": "https://assets.shop.loblaws.ca/products/20049810001/b3/en/front/20049810001_front_a06_@2.png"
    },
    {
        "id": 90,
        "name": "Jamaican Ginger",
        "price": "$17.61/1kg $7.99/1lb",
        "image_url": "https://assets.shop.loblaws.ca/products/20863969001/b3/en/front/20863969001_front_a06_@2.png"
    },
    {
        "id": 91,
        "name": "Chinese Carrots, Jumbo",
        "price": "$2.16/1kg $0.98/1lb",
        "image_url": "https://assets.shop.loblaws.ca/products/20851084001/b3/en/front/20851084001_front_a06_@2.png"
    },
    {
        "id": 92,
        "name": "Vietnamese Basil",
        "price": "$39.66/1kg $17.99/1lb",
        "image_url": "https://assets.shop.loblaws.ca/products/20863300001/b3/en/front/20863300001_front_a06_@2.png"
    },
    {
        "id": 93,
        "name": "Drumstick",
        "price": "1 ea, $1.29/1ea",
        "image_url": "https://assets.shop.loblaws.ca/products/20867050001/b3/en/front/20867050001_front_a06_@2.png"
    },
    {
        "id": 94,
        "name": "Butternut Squash",
        "price": "$4.39/1kg $1.99/1lb",
        "image_url": "https://assets.shop.loblaws.ca/products/20325274001/b3/en/front/20325274001_front_a06_@2.png"
    },
    {
        "id": 95,
        "name": "Radicchio Lettuce",
        "price": "$8.80/1kg $3.99/1lb",
        "image_url": "https://assets.shop.loblaws.ca/products/20149995001/b3/en/front/20149995001_front_a06_@2.png"
    },
    {
        "id": 96,
        "name": "Chinese Okra",
        "price": "$6.15/1kg $2.79/1lb",
        "image_url": "https://assets.shop.loblaws.ca/products/20113382001/b3/en/front/20113382001_front_a06_@2.png"
    },
    {
        "id": 97,
        "name": "Collard Greens",
        "price": "1 bunch, $3.99/1ea",
        "image_url": "https://assets.shop.loblaws.ca/products/20118251001/b3/en/front/20118251001_front_a06_@2.png"
    },
    {
        "id": 98,
        "name": "Organic Green Cabbage",
        "price": "$2.84/1kg $1.29/1lb",
        "image_url": "https://assets.shop.loblaws.ca/products/20125182001/b3/en/front/20125182001_front_a06_@2.png"
    },
    {
        "id": 99,
        "name": "Japanese Yams",
        "price": "$5.49/1kg $2.49/1lb",
        "image_url": "https://assets.shop.loblaws.ca/products/20524922001/b3/en/front/20524922001_front_a06_@2.png"
    },
    {
        "id": 100,
        "name": "Organic Yellow Potatoes, 3 lb Bag",
        "price": "3 lb bag, $0.44/100g",
        "image_url": "https://assets.shop.loblaws.ca/products/20075900/b3/en/front/20075900_front_a06_@2.png"
    },
    {
        "id": 101,
        "name": "Green Thai Hot Peppers",
        "price": "75 g, $5.33/100g",
        "image_url": "https://assets.shop.loblaws.ca/products/21454049001/b3/en/front/21454049001_front_a06_@2.png"
    },
    {
        "id": 102,
        "name": "Organics Whole Cremini Mushrooms",
        "price": "227 g, $1.32/100g",
        "image_url": "https://assets.shop.loblaws.ca/products/21021565/b3/en/front/21021565_front_a06_@2.png"
    },
    {
        "id": 103,
        "name": "Baby Bok Choy",
        "price": "$4.37/1kg $1.98/1lb",
        "image_url": "https://assets.shop.loblaws.ca/products/20082279001/b3/en/front/20082279001_front_a06_@2.png"
    },
    {
        "id": 104,
        "name": "Purple Eggplants",
        "price": "$6.59/1kg $2.99/1lb",
        "image_url": "https://assets.shop.loblaws.ca/products/20155709001/b3/en/front/20155709001_front_a06_@2.png"
    },
    {
        "id": 105,
        "name": "Yellow Potato, 10 lb Bag",
        "price": "4.54 kg, $0.15/100g",
        "image_url": "https://assets.shop.loblaws.ca/products/20601017001/b3/en/front/20601017001_front_a06_@2.png"
    },
    {
        "id": 106,
        "name": "Spaghetti Squash",
        "price": "$4.39/1kg $1.99/1lb",
        "image_url": "https://assets.shop.loblaws.ca/products/20307900001/b3/en/front/20307900001_front_a06_@2.png"
    },
    {
        "id": 107,
        "name": "Campari Tomatoes 1lb",
        "price": "454 g, $0.99/100g",
        "image_url": "https://assets.shop.loblaws.ca/products/20062963/b3/en/front/20062963_front_a06_@2.png"
    },
    {
        "id": 108,
        "name": "Organic Radish Bunched",
        "price": "1 ea, $3.49/1ea",
        "image_url": "https://assets.shop.loblaws.ca/products/20129456001/b3/en/front/20129456001_front_a06_@2.png"
    },
    {
        "id": 109,
        "name": "Greenhouse Peppers, Yellow",
        "price": "$11.00/1kg $4.99/1lb",
        "image_url": "https://assets.shop.loblaws.ca/products/20141814001/b3/en/front/20141814001_front_a06_@2.png"
    },
    {
        "id": 110,
        "name": "Thai Green Chili Peppers",
        "price": "$12.77/1kg $5.79/1lb",
        "image_url": "https://assets.shop.loblaws.ca/products/20010072001/b3/en/front/20010072001_front_a06_@2.png"
    },
    {
        "id": 111,
        "name": "Organic Grape Tomatoes",
        "price": "680 g, $1.18/100g",
        "image_url": "https://assets.shop.loblaws.ca/products/20966838001/b3/en/front/20966838001_front_a06_@2.png"
    },
    {
        "id": 112,
        "name": "Romaine Lettuce Hearts",
        "price": "3 ea, $2.00/1ea",
        "image_url": "https://assets.shop.loblaws.ca/products/20599776001/b3/en/front/20599776001_front_a06_@2.png"
    },
    {
        "id": 113,
        "name": "Carrots, Bunched",
        "price": "1 bunch, $2.99/1ea",
        "image_url": "https://assets.shop.loblaws.ca/products/20047449001/b3/en/front/20047449001_front_a06_@2.png"
    },
    {
        "id": 114,
        "name": "Sliced Cremini Mushrooms",
        "price": "227 g, $1.32/100g",
        "image_url": "https://assets.shop.loblaws.ca/products/20757811/b3/en/front/20757811_front_a06_@2.png"
    },
    {
        "id": 115,
        "name": "Rutabaga",
        "price": "2.27 kg, $0.22/100g",
        "image_url": "https://assets.shop.loblaws.ca/products/20146539/b3/en/front/20146539_front_a06_@2.png"
    },
    {
        "id": 116,
        "name": "Rutabaga",
        "price": "$2.18/1kg $0.99/1lb",
        "image_url": "https://assets.shop.loblaws.ca/products/20164563001/b3/en/front/20164563001_front_a06_@2.png"
    },
    {
        "id": 117,
        "name": "Finger Hot Hot Peppers",
        "price": "226 g, $1.77/100g",
        "image_url": "https://assets.shop.loblaws.ca/products/21454748001/b3/en/front/21454748001_front_a06_@2.png"
    },
    {
        "id": 118,
        "name": "Organic Russet Potatoes, 3 lb bag",
        "price": "1.36 kg, $0.37/100g",
        "image_url": "https://assets.shop.loblaws.ca/products/20063146001/b3/en/front/20063146001_front_a06_@2.png"
    },
    {
        "id": 119,
        "name": "Whole Cremini Mushrooms",
        "price": "227 g, $1.32/100g",
        "image_url": "https://assets.shop.loblaws.ca/products/20775805/b3/en/front/20775805_front_a06_@2.png"
    },
    {
        "id": 120,
        "name": "Bhindi/Okra",
        "price": "$8.80/1kg $3.99/1lb",
        "image_url": "https://assets.shop.loblaws.ca/products/20968510001/b3/en/front/20968510001_front_a06_@2.png"
    },
    {
        "id": 121,
        "name": "Italian Eggplants",
        "price": "$11.00/1kg $4.99/1lb",
        "image_url": "https://assets.shop.loblaws.ca/products/20051660001/b3/en/front/20051660001_front_a06_@2.png"
    },
    {
        "id": 122,
        "name": "Red Onions, 3 lb Bag",
        "price": "1.36 kg, $0.46/100g",
        "image_url": "https://assets.shop.loblaws.ca/products/20811362001/b3/en/front/20811362001_front_a06_@2.png"
    },
    {
        "id": 123,
        "name": "Sliced White Mushrooms",
        "price": "227 g, $1.23/100g",
        "image_url": "https://assets.shop.loblaws.ca/products/20743653/b3/en/front/20743653_front_a06_@2.png"
    },
    {
        "id": 124,
        "name": "Red Carrots, Bunched",
        "price": "$5.49/1kg $2.49/1lb",
        "image_url": "https://assets.shop.loblaws.ca/products/20935181001/b3/en/front/20935181001_front_a06_@2.png"
    },
    {
        "id": 125,
        "name": "Arrowroot",
        "price": "$4.39/1kg $1.99/1lb",
        "image_url": "https://assets.shop.loblaws.ca/products/20034506001/b3/en/front/20034506001_front_a06_@2.png"
    },
    {
        "id": 126,
        "name": "Jamaican Pumpkin",
        "price": "$4.39/1kg $1.99/1lb",
        "image_url": "https://assets.shop.loblaws.ca/products/20615981001/b3/en/front/20615981001_front_a06_@2.png"
    },
    {
        "id": 127,
        "name": "Whole Button Mushrooms",
        "price": "227 g, $1.54/100g",
        "image_url": "https://assets.shop.loblaws.ca/products/20751829/b3/en/front/20751829_front_a06_@2.png"
    },
    {
        "id": 128,
        "name": "Black Tuscan Kale",
        "price": "1 ea, $3.99/1ea",
        "image_url": "https://assets.shop.loblaws.ca/products/20689084001/b3/en/front/20689084001_front_a06_@2.png"
    },
    {
        "id": 129,
        "name": "Garlic, Peeled",
        "price": "250 g, $1.20/100g",
        "image_url": "https://assets.shop.loblaws.ca/products/20636099/b3/en/front/20636099_front_a06_@2.png"
    },
    {
        "id": 130,
        "name": "Peppers",
        "price": "2 pack, $2.50/1ea",
        "image_url": "https://assets.shop.loblaws.ca/products/20690699001/b3/en/front/20690699001_front_a06_@2.png"
    },
    {
        "id": 131,
        "name": "Whole Oyster Mushrooms",
        "price": "100 g, $3.99/100g",
        "image_url": "https://assets.shop.loblaws.ca/products/20769135/b3/en/front/20769135_front_a06_@2.png"
    },
    {
        "id": 132,
        "name": "Carrots",
        "price": "2270 g, $0.18/100g",
        "image_url": "https://assets.shop.loblaws.ca/products/20945332001/b3/en/front/20945332001_front_a06_@2.png"
    },
    {
        "id": 133,
        "name": "Pimentos",
        "price": "$3.54/100g $35.35/1kg",
        "image_url": "https://assets.shop.loblaws.ca/products/20864198001/b3/en/front/20864198001_front_a06_@2.png"
    },
    {
        "id": 134,
        "name": "Organics Baby Cut Carrots, 2 lb bag",
        "price": "907 g, $0.66/100g",
        "image_url": "https://assets.shop.loblaws.ca/products/20628932001/b3/en/front/20628932001_front_a06_@2.png"
    },
    {
        "id": 135,
        "name": "Turmeric",
        "price": "$30.84/1kg $13.99/1lb",
        "image_url": "https://assets.shop.loblaws.ca/products/20863447001/b3/en/front/20863447001_front_a06_@2.png"
    },
    {
        "id": 136,
        "name": "Field Cucumbers",
        "price": "1 ea, $1.49/1ea",
        "image_url": "https://assets.shop.loblaws.ca/products/20027651001/b3/en/front/20027651001_front_a06_@2.png"
    },
    {
        "id": 137,
        "name": "White Onion",
        "price": "$6.59/1kg $2.99/1lb",
        "image_url": "https://assets.shop.loblaws.ca/products/20003839001/b3/en/front/20003839001_front_a06_@2.png"
    },
    {
        "id": 138,
        "name": "Peppers Mini",
        "price": "227 g, $2.20/100g",
        "image_url": "https://assets.shop.loblaws.ca/products/21240519001/b3/en/front/21240519001_front_a06_@2.png"
    },
    {
        "id": 139,
        "name": "Red Potatoes, 5 lb Bag",
        "price": "2.268 kg, $0.26/100g",
        "image_url": "https://assets.shop.loblaws.ca/products/20600999001/b3/en/front/20600999001_front_a06_@2.png"
    },
    {
        "id": 140,
        "name": "Sweet Nantes Carrots",
        "price": "454 g, $0.77/100g",
        "image_url": "https://assets.shop.loblaws.ca/products/21302363001/b3/en/front/21302363001_front_a06_@2.png"
    },
    {
        "id": 141,
        "name": "Snow Peas",
        "price": "200 g, $0.99/100g",
        "image_url": "https://assets.shop.loblaws.ca/products/21023553001/b3/en/front/21023553001_front_a06_@2.png"
    },
    {
        "id": 142,
        "name": "Yellow Potatoes",
        "price": "$5.49/1kg $2.49/1lb",
        "image_url": "https://assets.shop.loblaws.ca/products/20106716001/b3/en/front/20106716001_front_a06_@2.png"
    },
    {
        "id": 143,
        "name": "Yellow Onions, 10 lb bag",
        "price": "4.54 kg, $0.13/100g",
        "image_url": "https://assets.shop.loblaws.ca/products/20600991001/b3/en/front/20600991001_front_a06_@2.png"
    },
    {
        "id": 144,
        "name": "Organics Yellow Onions, 2 lb Bag",
        "price": "907 g, $0.42/100g",
        "image_url": "https://assets.shop.loblaws.ca/products/20107532/b3/en/front/20107532_front_a06_@2.png"
    },
    {
        "id": 145,
        "name": "Broccolini",
        "price": "1 bunch, $2.99/1ea",
        "image_url": "https://assets.shop.loblaws.ca/products/20154907/b3/en/front/20154907_front_a06_@2.png"
    },
    {
        "id": 146,
        "name": "Carrot Chips",
        "price": "454 g, $0.66/100g",
        "image_url": "https://assets.shop.loblaws.ca/products/20885999/b3/en/front/20885999_front_a06_@2.png"
    },
    {
        "id": 147,
        "name": "Oyster Mushrooms",
        "price": "$1.54/100g $15.41/1kg",
        "image_url": "https://assets.shop.loblaws.ca/products/20742074/b3/en/front/20742074_front_a06_@2.png"
    },
    {
        "id": 148,
        "name": "Live Lettuce Tri Mix - 1 Unit",
        "price": "350 g, $2.99/1ea",
        "image_url": "https://assets.shop.loblaws.ca/products/21178850/b3/en/front/21178850_front_a06_@2.png"
    },
    {
        "id": 149,
        "name": "Organic Green Onions",
        "price": "1 bunch, $1.49/1ea",
        "image_url": "https://assets.shop.loblaws.ca/products/20603423001/b3/en/front/20603423001_front_a06_@2.png"
    },
    {
        "id": 150,
        "name": "Brussels Sprouts",
        "price": "$8.80/1kg $3.99/1lb",
        "image_url": "https://assets.shop.loblaws.ca/products/20036155001/b3/en/front/20036155001_front_a06_@2.png"
    },
    {
        "id": 151,
        "name": "Yellow Yams",
        "price": "$8.80/1kg $3.99/1lb",
        "image_url": "https://assets.shop.loblaws.ca/products/20070018001/b3/en/front/20070018001_front_a06_@2.png"
    },
    {
        "id": 152,
        "name": "Leeks",
        "price": "1 bunch, $4.99/1ea",
        "image_url": "https://assets.shop.loblaws.ca/products/20090117001/b3/en/front/20090117001_front_a06_@2.png"
    },
    {
        "id": 153,
        "name": "Endive",
        "price": "300 g, $1.66/100g",
        "image_url": "https://assets.shop.loblaws.ca/products/20899441001/b3/en/front/20899441001_front_a06_@2.png"
    },
    {
        "id": 154,
        "name": "Indian Okra",
        "price": "$13.21/1kg $5.99/1lb",
        "image_url": "https://assets.shop.loblaws.ca/products/20710542001/b3/en/front/20710542001_front_a06_@2.png"
    },
    {
        "id": 155,
        "name": "Organic Roma Tomatoes",
        "price": "454 g, $0.88/100g",
        "image_url": "https://assets.shop.loblaws.ca/products/20651932001/b3/en/front/20651932001_front_a06_@2.png"
    },
    {
        "id": 156,
        "name": "White Potatoes, 5 lb Bag",
        "price": "2.268 kg, $0.26/100g",
        "image_url": "https://assets.shop.loblaws.ca/products/20600995001/b3/en/front/20600995001_front_a06_@2.png"
    },
    {
        "id": 157,
        "name": "Fenugreek",
        "price": "1 bunch, $2.29/1ea",
        "image_url": "https://assets.shop.loblaws.ca/products/20159689001/b3/en/front/20159689001_front_a06_@2.png"
    },
    {
        "id": 158,
        "name": "Opo Squash",
        "price": "$3.73/1kg $1.69/1lb",
        "image_url": "https://assets.shop.loblaws.ca/products/20142055001/b3/en/front/20142055001_front_a06_@2.png"
    },
    {
        "id": 159,
        "name": "Turnips",
        "price": "$4.39/1kg $1.99/1lb",
        "image_url": "https://assets.shop.loblaws.ca/products/20136107001/b3/en/front/20136107001_front_a06_@2.png"
    },
    {
        "id": 160,
        "name": "Vidalia Onions, 3 lb Bag",
        "price": "1.36 kg, $0.37/100g",
        "image_url": "https://assets.shop.loblaws.ca/products/20157705001/b3/en/front/20157705001_front_a06_@2.png"
    },
    {
        "id": 161,
        "name": "Jamaican Aloe",
        "price": "$2.84/1kg $1.29/1lb",
        "image_url": "https://assets.shop.loblaws.ca/products/20866469001/b3/en/front/20866469001_front_a06_@2.png"
    },
    {
        "id": 162,
        "name": "Carrots",
        "price": "$4.39/1kg $1.99/1lb",
        "image_url": "https://assets.shop.loblaws.ca/products/20116186001/b3/en/front/20116186001_front_a06_@2.png"
    },
    {
        "id": 163,
        "name": "Spinach, Bunched",
        "price": "1 ea, $1.88/1ea",
        "image_url": "https://assets.shop.loblaws.ca/products/20162840001/b3/en/front/20162840001_front_a06_@2.png"
    },
    {
        "id": 164,
        "name": "Naturally Imperfect Potatoes 15lb",
        "price": "6804 g, $0.09/100g",
        "image_url": "https://assets.shop.loblaws.ca/products/20944462001/b3/en/front/20944462001_front_a06_@2.png"
    },
    {
        "id": 165,
        "name": "Sliced Portobello Mushrooms",
        "price": "170 g, $2.94/100g",
        "image_url": "https://assets.shop.loblaws.ca/products/20755816/b3/en/front/20755816_front_a06_@2.png"
    },
    {
        "id": 166,
        "name": "Tomatoes, Roma",
        "price": "1 ea, $24.99/1ea",
        "image_url": "https://assets.shop.loblaws.ca/products/20055547/b3/en/front/20055547_front_a06_@2.png"
    },
    {
        "id": 167,
        "name": "Ruby & Golden Little Gems Potatoes",
        "price": "1.36 kg, $0.44/100g",
        "image_url": "https://assets.shop.loblaws.ca/products/21037948001/b3/en/front/21037948001_front_a06_@2.png"
    },
    {
        "id": 168,
        "name": "Russet Potatoes, 5 lb Bag",
        "price": "2.268 kg, $0.22/100g",
        "image_url": "https://assets.shop.loblaws.ca/products/20616206001/b3/en/front/20616206001_front_a06_@2.png"
    },
    {
        "id": 169,
        "name": "Lotus Root",
        "price": "$8.80/1kg $3.99/1lb",
        "image_url": "https://assets.shop.loblaws.ca/products/20048557001/b3/en/front/20048557001_front_a06_@2.png"
    },
    {
        "id": 170,
        "name": "Kohlrabi",
        "price": "$5.49/1kg $2.49/1lb",
        "image_url": "https://assets.shop.loblaws.ca/products/20178532001/b3/en/front/20178532001_front_a06_@2.png"
    },
    {
        "id": 171,
        "name": "Shiitake Mushrooms",
        "price": "$2.86/100g $28.64/1kg",
        "image_url": "https://assets.shop.loblaws.ca/products/20066913001/b3/en/front/20066913001_front_a06_@2.png"
    },
    {
        "id": 172,
        "name": "Organic Enoki Mushrooms",
        "price": "150 g, $2.66/100g",
        "image_url": "https://assets.shop.loblaws.ca/products/21005376/b3/en/front/21005376_front_a06_@2.png"
    },
    {
        "id": 173,
        "name": "Snap Peas",
        "price": "425 g, $1.41/100g",
        "image_url": "https://assets.shop.loblaws.ca/products/20645558/b3/en/front/20645558_front_a06_@2.png"
    },
    {
        "id": 174,
        "name": "Snow Peas",
        "price": "170 g, $2.35/100g",
        "image_url": "https://assets.shop.loblaws.ca/products/20712967/b3/en/front/20712967_front_a06_@2.png"
    },
    {
        "id": 175,
        "name": "Red Beets",
        "price": "$4.39/1kg $1.99/1lb",
        "image_url": "https://assets.shop.loblaws.ca/products/20150181001/b3/en/front/20150181001_front_a06_@2.png"
    },
    {
        "id": 176,
        "name": "Chayote Squash",
        "price": "$7.69/1kg",
        "image_url": "https://assets.shop.loblaws.ca/products/20891206001/b3/en/front/20891206001_front_a06_@2.png"
    },
    {
        "id": 177,
        "name": "Axiany Cherry Tomatoes",
        "price": "0.225 kg, $1.78/100g",
        "image_url": "https://assets.shop.loblaws.ca/products/21089853001/b3/en/front/21089853001_front_a06_@2.png"
    },
    {
        "id": 178,
        "name": "Baby Napa",
        "price": "$4.37/1kg",
        "image_url": "https://assets.shop.loblaws.ca/products/21024088001/b3/en/front/21024088001_front_a06_@2.png"
    },
    {
        "id": 179,
        "name": "Jamaican Calalloo",
        "price": "$8.80/1kg $3.99/1lb",
        "image_url": null
    },
    {
        "id": 180,
        "name": "Sweet Bell Peppers, Trio",
        "price": "1 ea, $3.99/1ea",
        "image_url": "https://assets.shop.loblaws.ca/products/20903636001/b3/en/front/20903636001_front_a06_@2.png"
    },
    {
        "id": 181,
        "name": "Fennel",
        "price": "1 ea, $3.49/1ea",
        "image_url": "https://assets.shop.loblaws.ca/products/20003346001/b3/en/front/20003346001_front_a06_@2.png"
    },
    {
        "id": 182,
        "name": "Lemon Grass, 2 Pack",
        "price": "104 g, $2.88/100g",
        "image_url": "https://assets.shop.loblaws.ca/products/21193203001/b3/en/front/21193203001_front_a06_@2.png"
    },
    {
        "id": 183,
        "name": "Naturally Imperfect White Mushrooms",
        "price": "680 g, $0.66/100g",
        "image_url": "https://assets.shop.loblaws.ca/products/20937529/b3/en/front/20937529_front_a06_@2.png"
    },
    {
        "id": 184,
        "name": "Rapini",
        "price": "1 bunch, $3.99/1ea",
        "image_url": "https://assets.shop.loblaws.ca/products/20048070001/b3/en/front/20048070001_front_a06_@2.png"
    },
    {
        "id": 185,
        "name": "Red Potatoes",
        "price": "$5.49/1kg $2.49/1lb",
        "image_url": "https://assets.shop.loblaws.ca/products/20426724001/b3/en/front/20426724001_front_a06_@2.png"
    },
    {
        "id": 186,
        "name": "Red Thai Hot Peppers",
        "price": "75 g, $5.33/100g",
        "image_url": "https://assets.shop.loblaws.ca/products/21454495001/b3/en/front/21454495001_front_a06_@2.png"
    },
    {
        "id": 187,
        "name": "Axiany Cherry Tomatoes",
        "price": "681 g, $1.03/100g",
        "image_url": "https://assets.shop.loblaws.ca/products/21090447001/b3/en/front/21090447001_front_a06_@2.png"
    },
    {
        "id": 188,
        "name": "Red Leaf Lettuce",
        "price": "1 ea, $2.99/1ea",
        "image_url": "https://assets.shop.loblaws.ca/products/20305726001/b3/en/front/20305726001_front_a06_@2.png"
    },
    {
        "id": 189,
        "name": "Broccoli",
        "price": "1 ea, $4.99/1ea",
        "image_url": "https://assets.shop.loblaws.ca/products/20149635001/b3/en/front/20149635001_front_a06_@2.png"
    },
    {
        "id": 190,
        "name": "Yellow Hot Hot Peppers",
        "price": "226 g, $1.77/100g",
        "image_url": "https://assets.shop.loblaws.ca/products/21454589001/b3/en/front/21454589001_front_a06_@2.png"
    },
    {
        "id": 191,
        "name": "Shanghai Bok Choy",
        "price": "$4.37/1kg $1.98/1lb",
        "image_url": "https://assets.shop.loblaws.ca/products/20032454001/b3/en/front/20032454001_front_a06_@2.png"
    },
    {
        "id": 192,
        "name": "Radish",
        "price": "454 g, $0.55/100g",
        "image_url": "https://assets.shop.loblaws.ca/products/20175513001/b3/en/front/20175513001_front_a06_@2.png"
    },
    {
        "id": 193,
        "name": "Organic Brussel Sprouts",
        "price": "454 g, $1.76/100g",
        "image_url": "https://assets.shop.loblaws.ca/products/20668528/b3/en/front/20668528_front_a06_@2.png"
    },
    {
        "id": 194,
        "name": "Organic Mini Carrots, 1 lb bag",
        "price": "454 g, $0.77/100g",
        "image_url": "https://assets.shop.loblaws.ca/products/20185409/b3/en/front/20185409_front_a06_@2.png"
    },
    {
        "id": 195,
        "name": "Parsnip",
        "price": "$6.59/1kg $2.99/1lb",
        "image_url": "https://assets.shop.loblaws.ca/products/20084198001/b3/en/front/20084198001_front_a06_@2.png"
    },
    {
        "id": 196,
        "name": "Fava Beans",
        "price": "$0.88/100g $8.80/1kg",
        "image_url": "https://assets.shop.loblaws.ca/products/20093242001/b3/en/front/20093242001_front_a06_@2.png"
    },
    {
        "id": 197,
        "name": "Spanish Onion",
        "price": "$6.59/1kg $2.99/1lb",
        "image_url": "https://assets.shop.loblaws.ca/products/20043212001/b3/en/front/20043212001_front_a06_@2.png"
    },
    {
        "id": 198,
        "name": "Cremini Mushrooms",
        "price": "$1.10/100g $11.00/1kg",
        "image_url": "https://assets.shop.loblaws.ca/products/20096584001/b3/en/front/20096584001_front_a06_@2.png"
    },
    {
        "id": 199,
        "name": "Organic Black Kale",
        "price": "1 bunch, $1.05/100g",
        "image_url": "https://assets.shop.loblaws.ca/products/21095249001/b3/en/front/21095249001_front_a06_@2.png"
    },
    {
        "id": 200,
        "name": "Organic Iceberg Lettuce",
        "price": "1 ea, $3.49/1ea",
        "image_url": "https://assets.shop.loblaws.ca/products/20619353001/b3/en/front/20619353001_front_a06_@2.png"
    },
    {
        "id": 201,
        "name": "Savoy Cabbage",
        "price": "$3.28/1kg",
        "image_url": "https://assets.shop.loblaws.ca/products/21291599001/b3/en/front/21291599001_front_a06_@2.png"
    },
    {
        "id": 202,
        "name": "Variety Pack Tomatoes",
        "price": "680 g, $0.86/100g",
        "image_url": "https://assets.shop.loblaws.ca/products/20949866001/b3/en/front/20949866001_front_a06_@2.png"
    },
    {
        "id": 203,
        "name": "Ginger",
        "price": "160 g, $2.18/100g",
        "image_url": "https://assets.shop.loblaws.ca/products/21102204001/b3/en/front/21102204001_front_a06_@2.png"
    },
    {
        "id": 204,
        "name": "Caribbean Sweet Potatoes",
        "price": "$4.39/1kg $1.99/1lb",
        "image_url": "https://assets.shop.loblaws.ca/products/20169868001/b3/en/front/20169868001_front_a06_@2.png"
    },
    {
        "id": 205,
        "name": "Organics Whole Shitake Mushrooms",
        "price": "100 g, $3.99/100g",
        "image_url": "https://assets.shop.loblaws.ca/products/20626629/b3/en/front/20626629_front_a06_@2.png"
    },
    {
        "id": 206,
        "name": "Horseradish",
        "price": "$15.41/1kg $6.99/1lb",
        "image_url": "https://assets.shop.loblaws.ca/products/20099665001/b3/en/front/20099665001_front_a06_@2.png"
    },
    {
        "id": 207,
        "name": "Acorn Squash",
        "price": "$4.39/1kg $1.99/1lb",
        "image_url": "https://assets.shop.loblaws.ca/products/20071263001/b3/en/front/20071263001_front_a06_@2.png"
    },
    {
        "id": 208,
        "name": "Organic Red Potatoes, 3 lb Bag",
        "price": "1.36 kg, $0.44/100g",
        "image_url": "https://assets.shop.loblaws.ca/products/20009380/b3/en/front/20009380_front_a06_@2.png"
    },
    {
        "id": 209,
        "name": "Organic Leeks",
        "price": "1 bunch, $4.99/1ea",
        "image_url": "https://assets.shop.loblaws.ca/products/20003351001/b3/en/front/20003351001_front_a06_@2.png"
    },
    {
        "id": 210,
        "name": "Snap Peas",
        "price": "200 g, $0.99/100g",
        "image_url": "https://assets.shop.loblaws.ca/products/21023581001/b3/en/front/21023581001_front_a06_@2.png"
    },
    {
        "id": 211,
        "name": "Bean Sprouts",
        "price": "454 g, $0.44/100g",
        "image_url": "https://assets.shop.loblaws.ca/products/20058232001/b3/en/front/20058232001_front_a06_@2.png"
    },
    {
        "id": 212,
        "name": "Jamaican Thyme",
        "price": "$33.05/1kg $15.00/1lb",
        "image_url": "https://assets.shop.loblaws.ca/products/20866301001/b3/en/front/20866301001_front_a06_@2.png"
    },
    {
        "id": 213,
        "name": "Organics Portobello Mushroom Caps",
        "price": "2 pack, $2.94/100g",
        "image_url": "https://assets.shop.loblaws.ca/products/20626950/b3/en/front/20626950_front_a06_@2.png"
    },
    {
        "id": 214,
        "name": "Paradise Crunch Super Sweet Mini Peppers",
        "price": "450 g, $1.11/100g",
        "image_url": "https://assets.shop.loblaws.ca/products/21534092001/b3/en/front/21534092001_front_a06_@2.png"
    },
    {
        "id": 215,
        "name": "Green House Beefsteak Tomatoes",
        "price": "454 g, $0.77/100g",
        "image_url": "https://assets.shop.loblaws.ca/products/21049092001/b3/en/front/21049092001_front_a06_@2.png"
    },
    {
        "id": 216,
        "name": "Asparagus",
        "price": "340 g, $1.76/100g",
        "image_url": "https://assets.shop.loblaws.ca/products/21003749001/b3/en/front/21003749001_front_a06_@2.png"
    },
    {
        "id": 217,
        "name": "Peppers, Mini",
        "price": "454 g, $1.32/100g",
        "image_url": "https://assets.shop.loblaws.ca/products/20889400001/b3/en/front/20889400001_front_a06_@2.png"
    },
    {
        "id": 218,
        "name": "Organic Spaghetti Squash",
        "price": "$5.05/1kg $2.29/1lb",
        "image_url": "https://assets.shop.loblaws.ca/products/20526871001/b3/en/front/20526871001_front_a06_@2.png"
    },
    {
        "id": 219,
        "name": "Matchstick Carrots",
        "price": "283 g, $0.88/100g",
        "image_url": "https://assets.shop.loblaws.ca/products/20136399/b3/en/front/20136399_front_a06_@2.png"
    },
    {
        "id": 220,
        "name": "Shallots",
        "price": "350 g, $0.71/100g",
        "image_url": "https://assets.shop.loblaws.ca/products/21063342001/b3/en/front/21063342001_front_a06_@2.png"
    },
    {
        "id": 221,
        "name": "White Mushrooms",
        "price": "$1.10/100g $11.00/1kg",
        "image_url": "https://assets.shop.loblaws.ca/products/20321225001/b3/en/front/20321225001_front_a06_@2.png"
    },
    {
        "id": 222,
        "name": "Artichokes, Large",
        "price": "1 ea, $2.49/1ea",
        "image_url": "https://assets.shop.loblaws.ca/products/20022168001/b3/en/front/20022168001_front_a06_@2.png"
    },
    {
        "id": 223,
        "name": "Celery Hearts",
        "price": "1 ea, $2.00/1ea",
        "image_url": "https://assets.shop.loblaws.ca/products/20600792001/b3/en/front/20600792001_front_a06_@2.png"
    },
    {
        "id": 224,
        "name": "Wiri Wiri Peppers",
        "price": "$35.35/1kg $16.04/1lb",
        "image_url": null
    },
    {
        "id": 225,
        "name": "Baby Bok Choy",
        "price": "$6.59/1kg $2.99/1lb",
        "image_url": "https://assets.shop.loblaws.ca/products/20909940001/b3/en/front/20909940001_front_a06_@2.png"
    },
    {
        "id": 226,
        "name": "Okra (1 pack)",
        "price": "$13.21/1kg $5.99/1lb",
        "image_url": "https://assets.shop.loblaws.ca/products/20686141001/b3/en/front/20686141001_front_a06_@2.png"
    },
    {
        "id": 227,
        "name": "Chinese Bitter Melon",
        "price": "$11.00/1kg $4.99/1lb",
        "image_url": "https://assets.shop.loblaws.ca/products/20686129001/b3/en/front/20686129001_front_a06_@2.png"
    },
    {
        "id": 228,
        "name": "Red Cabbage",
        "price": "$2.84/1kg $1.29/1lb",
        "image_url": "https://assets.shop.loblaws.ca/products/20773656001/b3/en/front/20773656001_front_a06_@2.png"
    },
    {
        "id": 229,
        "name": "Vero Tomato",
        "price": "680 g, $0.88/100g",
        "image_url": "https://assets.shop.loblaws.ca/products/21068372001/b3/en/front/21068372001_front_a06_@2.png"
    },
    {
        "id": 230,
        "name": "Habanero Hot Peppers",
        "price": "50 g, $8.00/100g",
        "image_url": "https://assets.shop.loblaws.ca/products/21454511001/b3/en/front/21454511001_front_a06_@2.png"
    },
    {
        "id": 231,
        "name": "Cassava",
        "price": "$2.84/1kg $1.29/1lb",
        "image_url": "https://assets.shop.loblaws.ca/products/20087682001/b3/en/front/20087682001_front_a06_@2.png"
    },
    {
        "id": 232,
        "name": "Organic Green Kale",
        "price": "1 bunch, $3.99/1ea",
        "image_url": "https://assets.shop.loblaws.ca/products/21165282001/b3/en/front/21165282001_front_a06_@2.png"
    },
    {
        "id": 233,
        "name": "Potato Baking Tray",
        "price": "1 ea, $3.99/1ea",
        "image_url": "https://assets.shop.loblaws.ca/products/21035898001/b3/en/front/21035898001_front_a06_@2.png"
    },
    {
        "id": 234,
        "name": "Chinese Napa Cabbage",
        "price": "$2.16/1kg $0.98/1lb",
        "image_url": "https://assets.shop.loblaws.ca/products/20015025001/b3/en/front/20015025001_front_a06_@2.png"
    },
    {
        "id": 235,
        "name": "Curry Leaf Whole",
        "price": "20 g, $4.95/100g",
        "image_url": "https://assets.shop.loblaws.ca/products/20708176001/b3/en/front/20708176001_front_a06_@2.png"
    },
    {
        "id": 236,
        "name": "Okra",
        "price": "$8.80/1kg $3.99/1lb",
        "image_url": "https://assets.shop.loblaws.ca/products/20091263001/b3/en/front/20091263001_front_a06_@2.png"
    },
    {
        "id": 237,
        "name": "Heirloom Tomatoes",
        "price": "$8.80/1kg $3.99/1lb",
        "image_url": "https://assets.shop.loblaws.ca/products/20154799001/b3/en/front/20154799001_front_a06_@2.png"
    },
    {
        "id": 238,
        "name": "White Mushrooms",
        "price": "227 g, $1.32/100g",
        "image_url": "https://assets.shop.loblaws.ca/products/21021499/b3/en/front/21021499_front_a06_@2.png"
    },
    {
        "id": 239,
        "name": "Garlic Bulbs",
        "price": "1 kg, $0.39/100g",
        "image_url": "https://assets.shop.loblaws.ca/products/21238843001/b3/en/front/21238843001_front_a06_@2.png"
    },
    {
        "id": 240,
        "name": "Green Swiss Chard",
        "price": "1 bunch, $3.99/1ea",
        "image_url": "https://assets.shop.loblaws.ca/products/20276364001/b3/en/front/20276364001_front_a06_@2.png"
    },
    {
        "id": 241,
        "name": "Shanghai Bok Choy Jr.",
        "price": "$6.59/1kg $2.99/1lb",
        "image_url": "https://assets.shop.loblaws.ca/products/20073098001/b3/en/front/20073098001_front_a06_@2.png"
    },
    {
        "id": 242,
        "name": "Curry Leaf (1 pack)",
        "price": "60 g, $4.98/100g",
        "image_url": "https://assets.shop.loblaws.ca/products/20866958001/b3/en/front/20866958001_front_a06_@2.png"
    },
    {
        "id": 243,
        "name": "Naturally Imperfect Green Peppers 2.5lb Bag",
        "price": "1130 g, $6.00/1ea",
        "image_url": "https://assets.shop.loblaws.ca/products/20969990001/b3/en/front/20969990001_front_a06_@2.png"
    },
    {
        "id": 244,
        "name": "Pencil Hot Hot Peppers",
        "price": "80 g, $5.00/100g",
        "image_url": "https://assets.shop.loblaws.ca/products/21454333001/b3/en/front/21454333001_front_a06_@2.png"
    },
    {
        "id": 245,
        "name": "Baking Russet Potato",
        "price": "$3.95/1kg $1.79/1lb",
        "image_url": "https://assets.shop.loblaws.ca/products/20025548001/b3/en/front/20025548001_front_a06_@2.png"
    },
    {
        "id": 246,
        "name": "Dandelion Greens",
        "price": "1 bunch, $3.99/1ea",
        "image_url": "https://assets.shop.loblaws.ca/products/20168298001/b3/en/front/20168298001_front_a06_@2.png"
    },
    {
        "id": 247,
        "name": "Yellow Potatoes, 5 lb Bag",
        "price": "2.268 kg, $0.26/100g",
        "image_url": "https://assets.shop.loblaws.ca/products/20601014001/b3/en/front/20601014001_front_a06_@2.png"
    },
    {
        "id": 248,
        "name": "Yellow Onion",
        "price": "$4.39/1kg $1.99/1lb",
        "image_url": "https://assets.shop.loblaws.ca/products/20168304001/b3/en/front/20168304001_front_a06_@2.png"
    },
    {
        "id": 249,
        "name": "Ruby Little Gems Potatoes",
        "price": "0.68 kg, $0.44/100g",
        "image_url": "https://assets.shop.loblaws.ca/products/21247299001/b3/en/front/21247299001_front_a06_@2.png"
    },
    {
        "id": 250,
        "name": "Mixiany Cherry Tomatoes",
        "price": "680 g, $1.03/100g",
        "image_url": "https://assets.shop.loblaws.ca/products/21285888001/b3/en/front/21285888001_front_a06_@2.png"
    },
    {
        "id": 251,
        "name": "Parsnips, 1 lb Bag",
        "price": "1 lb bag, $0.88/100g",
        "image_url": "https://assets.shop.loblaws.ca/products/20081596/b3/en/front/20081596_front_a06_@2.png"
    },
    {
        "id": 252,
        "name": "Taro Root, Medium",
        "price": "$11.00/1kg $4.99/1lb",
        "image_url": "https://assets.shop.loblaws.ca/products/20347167001/b3/en/front/20347167001_front_a06_@2.png"
    },
    {
        "id": 253,
        "name": "Shishito Peppers",
        "price": "227 g, $1.76/100g",
        "image_url": "https://assets.shop.loblaws.ca/products/21111986001/b3/en/front/21111986001_front_a06_@2.png"
    },
    {
        "id": 254,
        "name": "Red Swiss Chard",
        "price": "1 bunch, $3.99/1ea",
        "image_url": "https://assets.shop.loblaws.ca/products/20275935001/b3/en/front/20275935001_front_a06_@2.png"
    },
    {
        "id": 255,
        "name": "Watercress",
        "price": "1 bunch, $1.99/1ea",
        "image_url": "https://assets.shop.loblaws.ca/products/20143101001/b3/en/front/20143101001_front_a06_@2.png"
    },
    {
        "id": 256,
        "name": "Organic Carrots, 2 lb Bag",
        "price": "907 g, $0.44/100g",
        "image_url": "https://assets.shop.loblaws.ca/products/20053421/b3/en/front/20053421_front_a06_@2.png"
    },
    {
        "id": 257,
        "name": "Yellow Beans",
        "price": "250 g, $2.00/100g",
        "image_url": "https://assets.shop.loblaws.ca/products/21108038001/b3/en/front/21108038001_front_a06_@2.png"
    },
    {
        "id": 258,
        "name": "Jalapeno Hot Peppers",
        "price": "226 g, $1.77/100g",
        "image_url": "https://assets.shop.loblaws.ca/products/21454762001/b3/en/front/21454762001_front_a06_@2.png"
    },
    {
        "id": 259,
        "name": "Celery Root",
        "price": "$4.39/1kg $1.99/1lb",
        "image_url": "https://assets.shop.loblaws.ca/products/20038258001/b3/en/front/20038258001_front_a06_@2.png"
    },
    {
        "id": 260,
        "name": "Brussels Sprouts",
        "price": "454 g, $0.88/100g",
        "image_url": "https://assets.shop.loblaws.ca/products/20702473001/b3/en/front/20702473001_front_a06_@2.png"
    },
    {
        "id": 261,
        "name": "Scotch Bonnet Hot Peppers",
        "price": "113 g, $3.54/100g",
        "image_url": "https://assets.shop.loblaws.ca/products/21454569001/b3/en/front/21454569001_front_a06_@2.png"
    },
    {
        "id": 262,
        "name": "Chayote Squash",
        "price": "1 ea, $0.99/1ea",
        "image_url": "https://assets.shop.loblaws.ca/products/20167837001/b3/en/front/20167837001_front_a06_@2.png"
    },
    {
        "id": 263,
        "name": "Sweet Potatoes, 5 lb bag",
        "price": "2.27 kg, $0.26/100g",
        "image_url": "https://assets.shop.loblaws.ca/products/20697331001/b3/en/front/20697331001_front_a06_@2.png"
    },
    {
        "id": 264,
        "name": "Eddoes",
        "price": "$5.49/1kg $2.49/1lb",
        "image_url": "https://assets.shop.loblaws.ca/products/20126133001/b3/en/front/20126133001_front_a06_@2.png"
    },
    {
        "id": 265,
        "name": "White Potatoes",
        "price": "$5.49/1kg $2.49/1lb",
        "image_url": "https://assets.shop.loblaws.ca/products/20025066001/b3/en/front/20025066001_front_a06_@2.png"
    },
    {
        "id": 266,
        "name": "Buttercup Squash",
        "price": "$4.39/1kg $1.99/1lb",
        "image_url": "https://assets.shop.loblaws.ca/products/20317208001/b3/en/front/20317208001_front_a06_@2.png"
    },
    {
        "id": 267,
        "name": "Long Eggplants",
        "price": "$4.39/1kg $1.99/1lb",
        "image_url": "https://assets.shop.loblaws.ca/products/20159013001/b3/en/front/20159013001_front_a06_@2.png"
    },
    {
        "id": 268,
        "name": "Green Beans",
        "price": "380 g, $1.31/100g",
        "image_url": "https://assets.shop.loblaws.ca/products/21108053001/b3/en/front/21108053001_front_a06_@2.png"
    }
]