<div data-testid="product-grid" class="css-epcqr3"><div class="css-0"><div class="css-f5i5wc"><div class="chakra-linkbox css-vhnn8v"><div data-testid="product-image" class="css-16dr4ly"><img alt="Farmer's Market Butter Croissant 270 g, $1.85/100g" src="https://assets.shop.loblaws.ca/products/20975943/b3/en/front/20975943_front_a06_@2.png" srcset="https://assets.shop.loblaws.ca/products/20975943/b3/en/front/20975943_front_a06_@2.png 1x, https://assets.shop.loblaws.ca/products/20975943/b3/en/front/20975943_front_a06_@2.png 2x" loading="lazy" class="chakra-image css-oguq8l" aria-hidden="true"></div><div class="css-qoklea"><div class="css-12dchmx"></div><div data-testid="price-product-tile" class="css-8atqhb"><p class="chakra-text css-0"><span class="chakra-text css-pwnbcb" data-testid="regular-price"><span class="css-idkz9h">$5.00</span>$5.00</span></p></div><a href="/butter-croissant/p/20975943_EA?source=nspt" class="chakra-linkbox__overlay css-1hnz6hu"><div class="css-0"><p class="chakra-text css-1ecdp9w" data-testid="product-brand">Farmer's Market</p><h3 class="chakra-heading css-6qrhwc" id="20975943_EA" data-testid="product-title">Butter Croissant</h3><p class="chakra-text css-1yftjin" data-testid="product-package-size">270 g, $1.85/100g</p></div></a><div class="css-8keand"></div></div><div class="css-1q5omjq"><div class="css-fcebb8"><div data-testid="atc-compact" class="css-y94ivq" style="width: 45px;"><button type="button" class="chakra-button css-mudsm6" data-testid="atc-button"><svg stroke="currentColor" fill="currentColor" stroke-width="0" viewBox="0 0 24 24" focusable="false" class="chakra-icon css-1g3sp7a" data-testid="btn-icon" aria-hidden="true" height="1em" width="1em" xmlns="http://www.w3.org/2000/svg"><path d="M19 13h-6v6h-2v-6H5v-2h6V5h2v6h6v2z"></path></svg><span class="css-idkz9h">Add Butter Croissant to cart</span></button></div></div></div></div></div></div><div class="css-0"><div class="css-f5i5wc"><div class="chakra-linkbox css-vhnn8v"><div data-testid="product-image" class="css-16dr4ly"><img alt="No Name Original English Muffins 342 g, $0.58/100g" src="https://assets.shop.loblaws.ca/products/21297780/b3/en/front/21297780_front_a06_@2.png" srcset="https://assets.shop.loblaws.ca/products/21297780/b3/en/front/21297780_front_a06_@2.png 1x, https://assets.shop.loblaws.ca/products/21297780/b3/en/front/21297780_front_a06_@2.png 2x" loading="lazy" class="chakra-image css-oguq8l" aria-hidden="true"></div><div class="css-qoklea"><div class="css-12dchmx"></div><div data-testid="price-product-tile" class="css-8atqhb"><p class="chakra-text css-0"><span class="chakra-text css-pwnbcb" data-testid="regular-price"><span class="css-idkz9h">$1.97</span>$1.97</span></p></div><a href="/original-english-muffins/p/21297780_EA?source=nspt" class="chakra-linkbox__overlay css-1hnz6hu"><div class="css-0"><p class="chakra-text css-1ecdp9w" data-testid="product-brand">No Name</p><h3 class="chakra-heading css-6qrhwc" id="21297780_EA" data-testid="product-title">Original English Muffins</h3><p class="chakra-text css-1yftjin" data-testid="product-package-size">342 g, $0.58/100g</p></div></a><div class="css-8keand"></div></div><div class="css-1q5omjq"><div class="css-fcebb8"><div data-testid="atc-compact" class="css-y94ivq" style="width: 45px;"><button type="button" class="chakra-button css-mudsm6" data-testid="atc-button"><svg stroke="currentColor" fill="currentColor" stroke-width="0" viewBox="0 0 24 24" focusable="false" class="chakra-icon css-1g3sp7a" data-testid="btn-icon" aria-hidden="true" height="1em" width="1em" xmlns="http://www.w3.org/2000/svg"><path d="M19 13h-6v6h-2v-6H5v-2h6V5h2v6h6v2z"></path></svg><span class="css-idkz9h">Add Original English Muffins to cart</span></button></div></div></div></div></div></div><div class="css-0"><div class="css-f5i5wc"><div class="chakra-linkbox css-vhnn8v"><div data-testid="product-image" class="css-16dr4ly"><img alt="No Name Everything Bagels 510 g, $0.39/100g" src="https://assets.shop.loblaws.ca/products/21297831/b3/en/front/21297831_front_a06_@2.png" srcset="https://assets.shop.loblaws.ca/products/21297831/b3/en/front/21297831_front_a06_@2.png 1x, https://assets.shop.loblaws.ca/products/21297831/b3/en/front/21297831_front_a06_@2.png 2x" loading="lazy" class="chakra-image css-oguq8l" aria-hidden="true"></div><div class="css-qoklea"><div class="css-12dchmx"></div><div data-testid="price-product-tile" class="css-8atqhb"><p class="chakra-text css-0"><span class="chakra-text css-pwnbcb" data-testid="regular-price"><span class="css-idkz9h">$1.97</span>$1.97</span></p></div><a href="/everything-bagels/p/21297831_EA?source=nspt" class="chakra-linkbox__overlay css-1hnz6hu"><div class="css-0"><p class="chakra-text css-1ecdp9w" data-testid="product-brand">No Name</p><h3 class="chakra-heading css-6qrhwc" id="21297831_EA" data-testid="product-title">Everything Bagels</h3><p class="chakra-text css-1yftjin" data-testid="product-package-size">510 g, $0.39/100g</p></div></a><div class="css-8keand"></div></div><div class="css-1q5omjq"><div class="css-fcebb8"><div data-testid="atc-compact" class="css-y94ivq" style="width: 45px;"><button type="button" class="chakra-button css-mudsm6" data-testid="atc-button"><svg stroke="currentColor" fill="currentColor" stroke-width="0" viewBox="0 0 24 24" focusable="false" class="chakra-icon css-1g3sp7a" data-testid="btn-icon" aria-hidden="true" height="1em" width="1em" xmlns="http://www.w3.org/2000/svg"><path d="M19 13h-6v6h-2v-6H5v-2h6V5h2v6h6v2z"></path></svg><span class="css-idkz9h">Add Everything Bagels to cart</span></button></div></div></div></div></div></div><div class="css-0"><div class="css-f5i5wc"><div class="chakra-linkbox css-vhnn8v"><div data-testid="product-image" class="css-16dr4ly"><img alt="No Name Bagel Plain, 6 Pack 510 g, $0.39/100g" src="https://assets.shop.loblaws.ca/products/21297816/b3/en/front/21297816_front_a06_@2.png" srcset="https://assets.shop.loblaws.ca/products/21297816/b3/en/front/21297816_front_a06_@2.png 1x, https://assets.shop.loblaws.ca/products/21297816/b3/en/front/21297816_front_a06_@2.png 2x" loading="lazy" class="chakra-image css-oguq8l" aria-hidden="true"></div><div class="css-qoklea"><div class="css-12dchmx"></div><div data-testid="price-product-tile" class="css-8atqhb"><p class="chakra-text css-0"><span class="chakra-text css-pwnbcb" data-testid="regular-price"><span class="css-idkz9h">$1.97</span>$1.97</span></p></div><a href="/bagel-plain-6-pack/p/21297816_EA?source=nspt" class="chakra-linkbox__overlay css-1hnz6hu"><div class="css-0"><p class="chakra-text css-1ecdp9w" data-testid="product-brand">No Name</p><h3 class="chakra-heading css-6qrhwc" id="21297816_EA" data-testid="product-title">Bagel Plain, 6 Pack</h3><p class="chakra-text css-1yftjin" data-testid="product-package-size">510 g, $0.39/100g</p></div></a><div class="css-8keand"></div></div><div class="css-1q5omjq"><div class="css-fcebb8"><div data-testid="atc-compact" class="css-y94ivq" style="width: 45px;"><button type="button" class="chakra-button css-mudsm6" data-testid="atc-button"><svg stroke="currentColor" fill="currentColor" stroke-width="0" viewBox="0 0 24 24" focusable="false" class="chakra-icon css-1g3sp7a" data-testid="btn-icon" aria-hidden="true" height="1em" width="1em" xmlns="http://www.w3.org/2000/svg"><path d="M19 13h-6v6h-2v-6H5v-2h6V5h2v6h6v2z"></path></svg><span class="css-idkz9h">Add Bagel Plain, 6 Pack to cart</span></button></div></div></div></div></div></div><div class="css-0"><div class="css-f5i5wc"><div class="chakra-linkbox css-vhnn8v"><div data-testid="product-image" class="css-16dr4ly"><img alt="President's Choice Original English Muffins 342 g, $0.87/100g" src="https://assets.shop.loblaws.ca/products/20810728/b3/en/front/20810728_front_a06_@2.png" srcset="https://assets.shop.loblaws.ca/products/20810728/b3/en/front/20810728_front_a06_@2.png 1x, https://assets.shop.loblaws.ca/products/20810728/b3/en/front/20810728_front_a06_@2.png 2x" loading="lazy" class="chakra-image css-oguq8l" aria-hidden="true"></div><div class="css-qoklea"><div class="css-12dchmx"></div><div data-testid="price-product-tile" class="css-8atqhb"><p class="chakra-text css-0"><span class="chakra-text css-pwnbcb" data-testid="regular-price"><span class="css-idkz9h">$2.99</span>$2.99</span></p></div><a href="/original-english-muffins/p/20810728_EA?source=nspt" class="chakra-linkbox__overlay css-1hnz6hu"><div class="css-0"><p class="chakra-text css-1ecdp9w" data-testid="product-brand">President's Choice</p><h3 class="chakra-heading css-6qrhwc" id="20810728_EA" data-testid="product-title">Original English Muffins</h3><p class="chakra-text css-1yftjin" data-testid="product-package-size">342 g, $0.87/100g</p></div></a><div class="css-8keand"></div></div><div class="css-1q5omjq"><div class="css-fcebb8"><div data-testid="atc-compact" class="css-y94ivq" style="width: 45px;"><button type="button" class="chakra-button css-mudsm6" data-testid="atc-button"><svg stroke="currentColor" fill="currentColor" stroke-width="0" viewBox="0 0 24 24" focusable="false" class="chakra-icon css-1g3sp7a" data-testid="btn-icon" aria-hidden="true" height="1em" width="1em" xmlns="http://www.w3.org/2000/svg"><path d="M19 13h-6v6h-2v-6H5v-2h6V5h2v6h6v2z"></path></svg><span class="css-idkz9h">Add Original English Muffins to cart</span></button></div></div></div></div></div></div><div class="css-0"><div class="css-f5i5wc"><div class="chakra-linkbox css-vhnn8v"><div data-testid="product-image" class="css-16dr4ly"><img alt="Country Harvest Everything Bagel 450 g, $0.67/100g" src="https://assets.shop.loblaws.ca/products/21178597/b3/en/front/21178597_front_a06_@2.png" srcset="https://assets.shop.loblaws.ca/products/21178597/b3/en/front/21178597_front_a06_@2.png 1x, https://assets.shop.loblaws.ca/products/21178597/b3/en/front/21178597_front_a06_@2.png 2x" loading="lazy" class="chakra-image css-oguq8l" aria-hidden="true"></div><div class="css-qoklea"><div class="css-12dchmx"></div><div data-testid="price-product-tile" class="css-8atqhb"><p class="chakra-text css-0"><span class="chakra-text css-o93gbd" data-testid="sale-price"><span class="css-idkz9h">$3.00</span>$3.00</span><span class="chakra-text css-623q5h" data-testid="was-price"><span class="css-idkz9h">$3.29</span>$3.29</span></p><p class="chakra-text css-1m5a6y8" data-testid="price-descriptor">SAVE $0.29</p></div><a href="/everything-bagel/p/21178597_EA?source=nspt" class="chakra-linkbox__overlay css-1hnz6hu"><div class="css-0"><p class="chakra-text css-1ecdp9w" data-testid="product-brand">Country Harvest</p><h3 class="chakra-heading css-6qrhwc" id="21178597_EA" data-testid="product-title">Everything Bagel</h3><p class="chakra-text css-1yftjin" data-testid="product-package-size">450 g, $0.67/100g</p></div></a><div class="css-8keand"></div></div><div class="css-1q5omjq"><div class="css-fcebb8"><div data-testid="atc-compact" class="css-y94ivq" style="width: 45px;"><button type="button" class="chakra-button css-mudsm6" data-testid="atc-button"><svg stroke="currentColor" fill="currentColor" stroke-width="0" viewBox="0 0 24 24" focusable="false" class="chakra-icon css-1g3sp7a" data-testid="btn-icon" aria-hidden="true" height="1em" width="1em" xmlns="http://www.w3.org/2000/svg"><path d="M19 13h-6v6h-2v-6H5v-2h6V5h2v6h6v2z"></path></svg><span class="css-idkz9h">Add Everything Bagel to cart</span></button></div></div></div></div></div></div><div class="css-0"><div class="css-f5i5wc"><div class="chakra-linkbox css-vhnn8v"><div data-testid="product-image" class="css-16dr4ly"><img alt="Farmer's Market Butter Croissants Mini 336 g, $1.49/100g" src="https://assets.shop.loblaws.ca/products/21032805/b3/en/front/21032805_front_a06_@2.png" srcset="https://assets.shop.loblaws.ca/products/21032805/b3/en/front/21032805_front_a06_@2.png 1x, https://assets.shop.loblaws.ca/products/21032805/b3/en/front/21032805_front_a06_@2.png 2x" loading="lazy" class="chakra-image css-oguq8l" aria-hidden="true"></div><div class="css-qoklea"><div class="css-12dchmx"></div><div data-testid="price-product-tile" class="css-8atqhb"><p class="chakra-text css-0"><span class="chakra-text css-pwnbcb" data-testid="regular-price"><span class="css-idkz9h">$5.00</span>$5.00</span></p></div><a href="/butter-croissants-mini/p/21032805_EA?source=nspt" class="chakra-linkbox__overlay css-1hnz6hu"><div class="css-0"><p class="chakra-text css-1ecdp9w" data-testid="product-brand">Farmer's Market</p><h3 class="chakra-heading css-6qrhwc" id="21032805_EA" data-testid="product-title">Butter Croissants Mini</h3><p class="chakra-text css-1yftjin" data-testid="product-package-size">336 g, $1.49/100g</p></div></a><div class="css-8keand"></div></div><div class="css-1q5omjq"><div class="css-fcebb8"><div data-testid="atc-compact" class="css-y94ivq" style="width: 45px;"><button type="button" class="chakra-button css-mudsm6" data-testid="atc-button"><svg stroke="currentColor" fill="currentColor" stroke-width="0" viewBox="0 0 24 24" focusable="false" class="chakra-icon css-1g3sp7a" data-testid="btn-icon" aria-hidden="true" height="1em" width="1em" xmlns="http://www.w3.org/2000/svg"><path d="M19 13h-6v6h-2v-6H5v-2h6V5h2v6h6v2z"></path></svg><span class="css-idkz9h">Add Butter Croissants Mini to cart</span></button></div></div></div></div></div></div><div class="css-0"><div class="css-f5i5wc"><div class="chakra-linkbox css-vhnn8v"><div data-testid="product-image" class="css-16dr4ly"><img alt="No Name Sesame Seed Bagels 510 g, $0.39/100g" src="https://assets.shop.loblaws.ca/products/21297778/b3/en/front/21297778_front_a06_@2.png" srcset="https://assets.shop.loblaws.ca/products/21297778/b3/en/front/21297778_front_a06_@2.png 1x, https://assets.shop.loblaws.ca/products/21297778/b3/en/front/21297778_front_a06_@2.png 2x" loading="lazy" class="chakra-image css-oguq8l" aria-hidden="true"></div><div class="css-qoklea"><div class="css-12dchmx"></div><div data-testid="price-product-tile" class="css-8atqhb"><p class="chakra-text css-0"><span class="chakra-text css-pwnbcb" data-testid="regular-price"><span class="css-idkz9h">$1.97</span>$1.97</span></p></div><a href="/sesame-seed-bagels/p/21297778_EA?source=nspt" class="chakra-linkbox__overlay css-1hnz6hu"><div class="css-0"><p class="chakra-text css-1ecdp9w" data-testid="product-brand">No Name</p><h3 class="chakra-heading css-6qrhwc" id="21297778_EA" data-testid="product-title">Sesame Seed Bagels</h3><p class="chakra-text css-1yftjin" data-testid="product-package-size">510 g, $0.39/100g</p></div></a><div class="css-8keand"></div></div><div class="css-1q5omjq"><div class="css-fcebb8"><div data-testid="atc-compact" class="css-y94ivq" style="width: 45px;"><button type="button" class="chakra-button css-mudsm6" data-testid="atc-button"><svg stroke="currentColor" fill="currentColor" stroke-width="0" viewBox="0 0 24 24" focusable="false" class="chakra-icon css-1g3sp7a" data-testid="btn-icon" aria-hidden="true" height="1em" width="1em" xmlns="http://www.w3.org/2000/svg"><path d="M19 13h-6v6h-2v-6H5v-2h6V5h2v6h6v2z"></path></svg><span class="css-idkz9h">Add Sesame Seed Bagels to cart</span></button></div></div></div></div></div></div><div class="css-0"><div class="css-f5i5wc"><div class="chakra-linkbox css-vhnn8v"><div data-testid="product-image" class="css-16dr4ly"><img alt="Country Harvest Original Bagels 450 g, $0.67/100g" src="https://assets.shop.loblaws.ca/products/21178546/b3/en/front/21178546_front_a06_@2.png" srcset="https://assets.shop.loblaws.ca/products/21178546/b3/en/front/21178546_front_a06_@2.png 1x, https://assets.shop.loblaws.ca/products/21178546/b3/en/front/21178546_front_a06_@2.png 2x" loading="lazy" class="chakra-image css-oguq8l" aria-hidden="true"></div><div class="css-qoklea"><div class="css-12dchmx"></div><div data-testid="price-product-tile" class="css-8atqhb"><p class="chakra-text css-0"><span class="chakra-text css-o93gbd" data-testid="sale-price"><span class="css-idkz9h">$3.00</span>$3.00</span><span class="chakra-text css-623q5h" data-testid="was-price"><span class="css-idkz9h">$3.29</span>$3.29</span></p><p class="chakra-text css-1m5a6y8" data-testid="price-descriptor">SAVE $0.29</p></div><a href="/original-bagels/p/21178546_EA?source=nspt" class="chakra-linkbox__overlay css-1hnz6hu"><div class="css-0"><p class="chakra-text css-1ecdp9w" data-testid="product-brand">Country Harvest</p><h3 class="chakra-heading css-6qrhwc" id="21178546_EA" data-testid="product-title">Original Bagels</h3><p class="chakra-text css-1yftjin" data-testid="product-package-size">450 g, $0.67/100g</p></div></a><div class="css-8keand"></div></div><div class="css-1q5omjq"><div class="css-fcebb8"><div data-testid="atc-compact" class="css-y94ivq" style="width: 45px;"><button type="button" class="chakra-button css-mudsm6" data-testid="atc-button"><svg stroke="currentColor" fill="currentColor" stroke-width="0" viewBox="0 0 24 24" focusable="false" class="chakra-icon css-1g3sp7a" data-testid="btn-icon" aria-hidden="true" height="1em" width="1em" xmlns="http://www.w3.org/2000/svg"><path d="M19 13h-6v6h-2v-6H5v-2h6V5h2v6h6v2z"></path></svg><span class="css-idkz9h">Add Original Bagels to cart</span></button></div></div></div></div></div></div><div class="css-0"><div class="css-f5i5wc"><div class="chakra-linkbox css-vhnn8v"><div data-testid="product-image" class="css-16dr4ly"><img alt="No Name Whole Wheat English Muffins 342 g, $0.58/100g" src="https://assets.shop.loblaws.ca/products/21297819/b3/en/front/21297819_front_a06_@2.png" srcset="https://assets.shop.loblaws.ca/products/21297819/b3/en/front/21297819_front_a06_@2.png 1x, https://assets.shop.loblaws.ca/products/21297819/b3/en/front/21297819_front_a06_@2.png 2x" loading="lazy" class="chakra-image css-oguq8l" aria-hidden="true"></div><div class="css-qoklea"><div class="css-12dchmx"></div><div data-testid="price-product-tile" class="css-8atqhb"><p class="chakra-text css-0"><span class="chakra-text css-pwnbcb" data-testid="regular-price"><span class="css-idkz9h">$1.97</span>$1.97</span></p></div><a href="/whole-wheat-english-muffins/p/21297819_EA?source=nspt" class="chakra-linkbox__overlay css-1hnz6hu"><div class="css-0"><p class="chakra-text css-1ecdp9w" data-testid="product-brand">No Name</p><h3 class="chakra-heading css-6qrhwc" id="21297819_EA" data-testid="product-title">Whole Wheat English Muffins</h3><p class="chakra-text css-1yftjin" data-testid="product-package-size">342 g, $0.58/100g</p></div></a><div class="css-8keand"></div></div><div class="css-1q5omjq"><div class="css-fcebb8"><div data-testid="atc-compact" class="css-y94ivq" style="width: 45px;"><button type="button" class="chakra-button css-mudsm6" data-testid="atc-button"><svg stroke="currentColor" fill="currentColor" stroke-width="0" viewBox="0 0 24 24" focusable="false" class="chakra-icon css-1g3sp7a" data-testid="btn-icon" aria-hidden="true" height="1em" width="1em" xmlns="http://www.w3.org/2000/svg"><path d="M19 13h-6v6h-2v-6H5v-2h6V5h2v6h6v2z"></path></svg><span class="css-idkz9h">Add Whole Wheat English Muffins to cart</span></button></div></div></div></div></div></div><div class="css-0"><div class="css-f5i5wc"><div class="chakra-linkbox css-vhnn8v"><div data-testid="product-image" class="css-16dr4ly"><img alt="Country Harvest Bagels, Raisin Cinnamon with Whole Wheat 450 g, $0.67/100g" src="https://assets.shop.loblaws.ca/products/20914389/b3/en/front/20914389_front_a06_@2.png" srcset="https://assets.shop.loblaws.ca/products/20914389/b3/en/front/20914389_front_a06_@2.png 1x, https://assets.shop.loblaws.ca/products/20914389/b3/en/front/20914389_front_a06_@2.png 2x" loading="lazy" class="chakra-image css-oguq8l" aria-hidden="true"></div><div class="css-qoklea"><div class="css-12dchmx"></div><div data-testid="price-product-tile" class="css-8atqhb"><p class="chakra-text css-0"><span class="chakra-text css-o93gbd" data-testid="sale-price"><span class="css-idkz9h">$3.00</span>$3.00</span><span class="chakra-text css-623q5h" data-testid="was-price"><span class="css-idkz9h">$3.29</span>$3.29</span></p><p class="chakra-text css-1m5a6y8" data-testid="price-descriptor">SAVE $0.29</p></div><a href="/bagels-raisin-cinnamon-with-whole-wheat/p/20914389_EA?source=nspt" class="chakra-linkbox__overlay css-1hnz6hu"><div class="css-0"><p class="chakra-text css-1ecdp9w" data-testid="product-brand">Country Harvest</p><h3 class="chakra-heading css-6qrhwc" id="20914389_EA" data-testid="product-title">Bagels, Raisin Cinnamon with Whole Wheat</h3><p class="chakra-text css-1yftjin" data-testid="product-package-size">450 g, $0.67/100g</p></div></a><div class="css-8keand"></div></div><div class="css-1q5omjq"><div class="css-fcebb8"><div data-testid="atc-compact" class="css-y94ivq" style="width: 45px;"><button type="button" class="chakra-button css-mudsm6" data-testid="atc-button"><svg stroke="currentColor" fill="currentColor" stroke-width="0" viewBox="0 0 24 24" focusable="false" class="chakra-icon css-1g3sp7a" data-testid="btn-icon" aria-hidden="true" height="1em" width="1em" xmlns="http://www.w3.org/2000/svg"><path d="M19 13h-6v6h-2v-6H5v-2h6V5h2v6h6v2z"></path></svg><span class="css-idkz9h">Add Bagels, Raisin Cinnamon with Whole Wheat to cart</span></button></div></div></div></div></div></div><div class="css-0"><div class="css-f5i5wc"><div class="chakra-linkbox css-vhnn8v"><div data-testid="product-image" class="css-16dr4ly"><img alt="Country Harvest 14 Grain Bagels 450 g, $0.67/100g" src="https://assets.shop.loblaws.ca/products/21178601/b3/en/front/21178601_front_a06_@2.png" srcset="https://assets.shop.loblaws.ca/products/21178601/b3/en/front/21178601_front_a06_@2.png 1x, https://assets.shop.loblaws.ca/products/21178601/b3/en/front/21178601_front_a06_@2.png 2x" loading="lazy" class="chakra-image css-oguq8l" aria-hidden="true"></div><div class="css-qoklea"><div class="css-12dchmx"></div><div data-testid="price-product-tile" class="css-8atqhb"><p class="chakra-text css-0"><span class="chakra-text css-o93gbd" data-testid="sale-price"><span class="css-idkz9h">$3.00</span>$3.00</span><span class="chakra-text css-623q5h" data-testid="was-price"><span class="css-idkz9h">$3.29</span>$3.29</span></p><p class="chakra-text css-1m5a6y8" data-testid="price-descriptor">SAVE $0.29</p></div><a href="/14-grain-bagels/p/21178601_EA?source=nspt" class="chakra-linkbox__overlay css-1hnz6hu"><div class="css-0"><p class="chakra-text css-1ecdp9w" data-testid="product-brand">Country Harvest</p><h3 class="chakra-heading css-6qrhwc" id="21178601_EA" data-testid="product-title">14 Grain Bagels</h3><p class="chakra-text css-1yftjin" data-testid="product-package-size">450 g, $0.67/100g</p></div></a><div class="css-8keand"></div></div><div class="css-1q5omjq"><div class="css-fcebb8"><div data-testid="atc-compact" class="css-y94ivq" style="width: 45px;"><button type="button" class="chakra-button css-mudsm6" data-testid="atc-button"><svg stroke="currentColor" fill="currentColor" stroke-width="0" viewBox="0 0 24 24" focusable="false" class="chakra-icon css-1g3sp7a" data-testid="btn-icon" aria-hidden="true" height="1em" width="1em" xmlns="http://www.w3.org/2000/svg"><path d="M19 13h-6v6h-2v-6H5v-2h6V5h2v6h6v2z"></path></svg><span class="css-idkz9h">Add 14 Grain Bagels to cart</span></button></div></div></div></div></div></div><div class="css-0"><div class="css-f5i5wc"><div class="chakra-linkbox css-vhnn8v"><div data-testid="product-image" class="css-16dr4ly"><img alt="Dempster Everything Bagels 6x75.0 g, $1.00/100g" src="https://assets.shop.loblaws.ca/products/20563221/b3/en/front/20563221_front_a06_@2.png" srcset="https://assets.shop.loblaws.ca/products/20563221/b3/en/front/20563221_front_a06_@2.png 1x, https://assets.shop.loblaws.ca/products/20563221/b3/en/front/20563221_front_a06_@2.png 2x" loading="lazy" class="chakra-image css-oguq8l" aria-hidden="true"></div><div class="css-qoklea"><div class="css-12dchmx"></div><div data-testid="price-product-tile" class="css-8atqhb"><p class="chakra-text css-0"><span class="chakra-text css-pwnbcb" data-testid="regular-price"><span class="css-idkz9h">$4.49</span>$4.49</span></p></div><a href="/everything-bagels/p/20563221_EA?source=nspt" class="chakra-linkbox__overlay css-1hnz6hu"><div class="css-0"><p class="chakra-text css-1ecdp9w" data-testid="product-brand">Dempster</p><h3 class="chakra-heading css-6qrhwc" id="20563221_EA" data-testid="product-title">Everything Bagels</h3><p class="chakra-text css-1yftjin" data-testid="product-package-size">6x75.0 g, $1.00/100g</p></div></a><div class="css-8keand"></div></div><div class="css-1q5omjq"><div class="css-fcebb8"><div data-testid="atc-compact" class="css-y94ivq" style="width: 45px;"><button type="button" class="chakra-button css-mudsm6" data-testid="atc-button"><svg stroke="currentColor" fill="currentColor" stroke-width="0" viewBox="0 0 24 24" focusable="false" class="chakra-icon css-1g3sp7a" data-testid="btn-icon" aria-hidden="true" height="1em" width="1em" xmlns="http://www.w3.org/2000/svg"><path d="M19 13h-6v6h-2v-6H5v-2h6V5h2v6h6v2z"></path></svg><span class="css-idkz9h">Add Everything Bagels to cart</span></button></div></div></div></div></div></div><div class="css-0"><div class="css-f5i5wc"><div class="chakra-linkbox css-vhnn8v"><div data-testid="product-image" class="css-16dr4ly"><img alt="President's Choice Crumpets 284 g, $1.05/100g" src="https://assets.shop.loblaws.ca/products/20123948/b3/en/front/20123948_front_a06_@2.png" srcset="https://assets.shop.loblaws.ca/products/20123948/b3/en/front/20123948_front_a06_@2.png 1x, https://assets.shop.loblaws.ca/products/20123948/b3/en/front/20123948_front_a06_@2.png 2x" loading="lazy" class="chakra-image css-oguq8l" aria-hidden="true"></div><div class="css-qoklea"><div class="css-12dchmx"></div><div data-testid="price-product-tile" class="css-8atqhb"><p class="chakra-text css-0"><span class="chakra-text css-pwnbcb" data-testid="regular-price"><span class="css-idkz9h">$2.99</span>$2.99</span></p></div><a href="/crumpets/p/20123948_EA?source=nspt" class="chakra-linkbox__overlay css-1hnz6hu"><div class="css-0"><p class="chakra-text css-1ecdp9w" data-testid="product-brand">President's Choice</p><h3 class="chakra-heading css-6qrhwc" id="20123948_EA" data-testid="product-title">Crumpets</h3><p class="chakra-text css-1yftjin" data-testid="product-package-size">284 g, $1.05/100g</p></div></a><div class="css-8keand"></div></div><div class="css-1q5omjq"><div class="css-fcebb8"><div data-testid="atc-compact" class="css-y94ivq" style="width: 45px;"><button type="button" class="chakra-button css-mudsm6" data-testid="atc-button"><svg stroke="currentColor" fill="currentColor" stroke-width="0" viewBox="0 0 24 24" focusable="false" class="chakra-icon css-1g3sp7a" data-testid="btn-icon" aria-hidden="true" height="1em" width="1em" xmlns="http://www.w3.org/2000/svg"><path d="M19 13h-6v6h-2v-6H5v-2h6V5h2v6h6v2z"></path></svg><span class="css-idkz9h">Add Crumpets to cart</span></button></div></div></div></div></div></div><div class="css-0"><div class="css-f5i5wc"><div class="chakra-linkbox css-vhnn8v"><div data-testid="product-image" class="css-16dr4ly"><img alt="No Name Bagel Cinnamon Raisin, 6 pack 510 g, $0.39/100g" src="https://assets.shop.loblaws.ca/products/21297784/b3/en/front/21297784_front_a06_@2.png" srcset="https://assets.shop.loblaws.ca/products/21297784/b3/en/front/21297784_front_a06_@2.png 1x, https://assets.shop.loblaws.ca/products/21297784/b3/en/front/21297784_front_a06_@2.png 2x" loading="lazy" class="chakra-image css-oguq8l" aria-hidden="true"></div><div class="css-qoklea"><div class="css-12dchmx"></div><div data-testid="price-product-tile" class="css-8atqhb"><p class="chakra-text css-0"><span class="chakra-text css-pwnbcb" data-testid="regular-price"><span class="css-idkz9h">$1.97</span>$1.97</span></p></div><a href="/bagel-cinnamon-raisin-6-pack/p/21297784_EA?source=nspt" class="chakra-linkbox__overlay css-1hnz6hu"><div class="css-0"><p class="chakra-text css-1ecdp9w" data-testid="product-brand">No Name</p><h3 class="chakra-heading css-6qrhwc" id="21297784_EA" data-testid="product-title">Bagel Cinnamon Raisin, 6 pack</h3><p class="chakra-text css-1yftjin" data-testid="product-package-size">510 g, $0.39/100g</p></div></a><div class="css-8keand"></div></div><div class="css-1q5omjq"><div class="css-fcebb8"><div data-testid="atc-compact" class="css-y94ivq" style="width: 45px;"><button type="button" class="chakra-button css-mudsm6" data-testid="atc-button"><svg stroke="currentColor" fill="currentColor" stroke-width="0" viewBox="0 0 24 24" focusable="false" class="chakra-icon css-1g3sp7a" data-testid="btn-icon" aria-hidden="true" height="1em" width="1em" xmlns="http://www.w3.org/2000/svg"><path d="M19 13h-6v6h-2v-6H5v-2h6V5h2v6h6v2z"></path></svg><span class="css-idkz9h">Add Bagel Cinnamon Raisin, 6 pack to cart</span></button></div></div></div></div></div></div><div class="css-0"><div class="css-f5i5wc"><div class="chakra-linkbox css-vhnn8v"><div data-testid="product-image" class="css-16dr4ly"><img alt="Country Harvest Sesame Bagels 450 g, $0.67/100g" src="https://assets.shop.loblaws.ca/products/21178531/b3/en/front/21178531_front_a06_@2.png" srcset="https://assets.shop.loblaws.ca/products/21178531/b3/en/front/21178531_front_a06_@2.png 1x, https://assets.shop.loblaws.ca/products/21178531/b3/en/front/21178531_front_a06_@2.png 2x" loading="lazy" class="chakra-image css-oguq8l" aria-hidden="true"></div><div class="css-qoklea"><div class="css-12dchmx"></div><div data-testid="price-product-tile" class="css-8atqhb"><p class="chakra-text css-0"><span class="chakra-text css-o93gbd" data-testid="sale-price"><span class="css-idkz9h">$3.00</span>$3.00</span><span class="chakra-text css-623q5h" data-testid="was-price"><span class="css-idkz9h">$3.29</span>$3.29</span></p><p class="chakra-text css-1m5a6y8" data-testid="price-descriptor">SAVE $0.29</p></div><a href="/sesame-bagels/p/21178531_EA?source=nspt" class="chakra-linkbox__overlay css-1hnz6hu"><div class="css-0"><p class="chakra-text css-1ecdp9w" data-testid="product-brand">Country Harvest</p><h3 class="chakra-heading css-6qrhwc" id="21178531_EA" data-testid="product-title">Sesame Bagels</h3><p class="chakra-text css-1yftjin" data-testid="product-package-size">450 g, $0.67/100g</p></div></a><div class="css-8keand"></div></div><div class="css-1q5omjq"><div class="css-fcebb8"><div data-testid="atc-compact" class="css-y94ivq" style="width: 45px;"><button type="button" class="chakra-button css-mudsm6" data-testid="atc-button"><svg stroke="currentColor" fill="currentColor" stroke-width="0" viewBox="0 0 24 24" focusable="false" class="chakra-icon css-1g3sp7a" data-testid="btn-icon" aria-hidden="true" height="1em" width="1em" xmlns="http://www.w3.org/2000/svg"><path d="M19 13h-6v6h-2v-6H5v-2h6V5h2v6h6v2z"></path></svg><span class="css-idkz9h">Add Sesame Bagels to cart</span></button></div></div></div></div></div></div><div class="css-0"><div class="css-f5i5wc"><div class="chakra-linkbox css-vhnn8v"><div data-testid="product-image" class="css-16dr4ly"><img alt="No Name Bagel Whole Wheat 510 g, $0.39/100g" src="https://assets.shop.loblaws.ca/products/21297807/b3/en/front/21297807_front_a06_@2.png" srcset="https://assets.shop.loblaws.ca/products/21297807/b3/en/front/21297807_front_a06_@2.png 1x, https://assets.shop.loblaws.ca/products/21297807/b3/en/front/21297807_front_a06_@2.png 2x" loading="lazy" class="chakra-image css-oguq8l" aria-hidden="true"></div><div class="css-qoklea"><div class="css-12dchmx"></div><div data-testid="price-product-tile" class="css-8atqhb"><p class="chakra-text css-0"><span class="chakra-text css-pwnbcb" data-testid="regular-price"><span class="css-idkz9h">$1.97</span>$1.97</span></p></div><a href="/bagel-whole-wheat/p/21297807_EA?source=nspt" class="chakra-linkbox__overlay css-1hnz6hu"><div class="css-0"><p class="chakra-text css-1ecdp9w" data-testid="product-brand">No Name</p><h3 class="chakra-heading css-6qrhwc" id="21297807_EA" data-testid="product-title">Bagel Whole Wheat</h3><p class="chakra-text css-1yftjin" data-testid="product-package-size">510 g, $0.39/100g</p></div></a><div class="css-8keand"></div></div><div class="css-1q5omjq"><div class="css-fcebb8"><div data-testid="atc-compact" class="css-y94ivq" style="width: 45px;"><button type="button" class="chakra-button css-mudsm6" data-testid="atc-button"><svg stroke="currentColor" fill="currentColor" stroke-width="0" viewBox="0 0 24 24" focusable="false" class="chakra-icon css-1g3sp7a" data-testid="btn-icon" aria-hidden="true" height="1em" width="1em" xmlns="http://www.w3.org/2000/svg"><path d="M19 13h-6v6h-2v-6H5v-2h6V5h2v6h6v2z"></path></svg><span class="css-idkz9h">Add Bagel Whole Wheat to cart</span></button></div></div></div></div></div></div><div class="css-0"><div class="css-f5i5wc"><div class="chakra-linkbox css-vhnn8v"><div data-testid="product-image" class="css-16dr4ly"><img alt="Dempster Original Bagels 6x75.0 g, $1.00/100g" src="https://assets.shop.loblaws.ca/products/20563427/b3/en/front/20563427_front_a06_@2.png" srcset="https://assets.shop.loblaws.ca/products/20563427/b3/en/front/20563427_front_a06_@2.png 1x, https://assets.shop.loblaws.ca/products/20563427/b3/en/front/20563427_front_a06_@2.png 2x" loading="lazy" class="chakra-image css-oguq8l" aria-hidden="true"></div><div class="css-qoklea"><div class="css-12dchmx"></div><div data-testid="price-product-tile" class="css-8atqhb"><p class="chakra-text css-0"><span class="chakra-text css-pwnbcb" data-testid="regular-price"><span class="css-idkz9h">$4.49</span>$4.49</span></p></div><a href="/original-bagels/p/20563427_EA?source=nspt" class="chakra-linkbox__overlay css-1hnz6hu"><div class="css-0"><p class="chakra-text css-1ecdp9w" data-testid="product-brand">Dempster</p><h3 class="chakra-heading css-6qrhwc" id="20563427_EA" data-testid="product-title">Original Bagels</h3><p class="chakra-text css-1yftjin" data-testid="product-package-size">6x75.0 g, $1.00/100g</p></div></a><div class="css-8keand"></div></div><div class="css-1q5omjq"><div class="css-fcebb8"><div data-testid="atc-compact" class="css-y94ivq" style="width: 45px;"><button type="button" class="chakra-button css-mudsm6" data-testid="atc-button"><svg stroke="currentColor" fill="currentColor" stroke-width="0" viewBox="0 0 24 24" focusable="false" class="chakra-icon css-1g3sp7a" data-testid="btn-icon" aria-hidden="true" height="1em" width="1em" xmlns="http://www.w3.org/2000/svg"><path d="M19 13h-6v6h-2v-6H5v-2h6V5h2v6h6v2z"></path></svg><span class="css-idkz9h">Add Original Bagels to cart</span></button></div></div></div></div></div></div><div class="css-0"><div class="css-f5i5wc"><div class="chakra-linkbox css-vhnn8v"><div data-testid="product-image" class="css-16dr4ly"><img alt="Farmer's Market Butter Croissant Buns 300 g, $1.67/100g" src="https://assets.shop.loblaws.ca/products/21577824/b3/en/front/21577824_front_a06_@2.png" srcset="https://assets.shop.loblaws.ca/products/21577824/b3/en/front/21577824_front_a06_@2.png 1x, https://assets.shop.loblaws.ca/products/21577824/b3/en/front/21577824_front_a06_@2.png 2x" loading="lazy" class="chakra-image css-oguq8l" aria-hidden="true"></div><div class="css-qoklea"><div class="css-12dchmx"></div><div data-testid="price-product-tile" class="css-8atqhb"><p class="chakra-text css-0"><span class="chakra-text css-pwnbcb" data-testid="regular-price"><span class="css-idkz9h">$5.00</span>$5.00</span></p></div><a href="/butter-croissant-buns/p/21577824_EA?source=nspt" class="chakra-linkbox__overlay css-1hnz6hu"><div class="css-0"><p class="chakra-text css-1ecdp9w" data-testid="product-brand">Farmer's Market</p><h3 class="chakra-heading css-6qrhwc" id="21577824_EA" data-testid="product-title">Butter Croissant Buns</h3><p class="chakra-text css-1yftjin" data-testid="product-package-size">300 g, $1.67/100g</p></div></a><div class="css-8keand"></div></div><div class="css-1q5omjq"><div class="css-fcebb8"><div data-testid="atc-compact" class="css-y94ivq" style="width: 45px;"><button type="button" class="chakra-button css-mudsm6" data-testid="atc-button"><svg stroke="currentColor" fill="currentColor" stroke-width="0" viewBox="0 0 24 24" focusable="false" class="chakra-icon css-1g3sp7a" data-testid="btn-icon" aria-hidden="true" height="1em" width="1em" xmlns="http://www.w3.org/2000/svg"><path d="M19 13h-6v6h-2v-6H5v-2h6V5h2v6h6v2z"></path></svg><span class="css-idkz9h">Add Butter Croissant Buns to cart</span></button></div></div></div></div></div></div><div class="css-0"><div class="css-f5i5wc"><div class="chakra-linkbox css-vhnn8v"><div data-testid="product-image" class="css-16dr4ly"><img alt="Dumas Original 6 Croissants 6x300.0 g, $1.33/100g" src="https://assets.shop.loblaws.ca/products/21161077/b3/en/front/21161077_front_a06_@2.png" srcset="https://assets.shop.loblaws.ca/products/21161077/b3/en/front/21161077_front_a06_@2.png 1x, https://assets.shop.loblaws.ca/products/21161077/b3/en/front/21161077_front_a06_@2.png 2x" loading="lazy" class="chakra-image css-oguq8l" aria-hidden="true"></div><div class="css-qoklea"><div class="css-12dchmx"></div><div data-testid="price-product-tile" class="css-8atqhb"><p class="chakra-text css-0"><span class="chakra-text css-pwnbcb" data-testid="regular-price"><span class="css-idkz9h">$4.00</span>$4.00</span></p></div><a href="/original-6-croissants/p/21161077_EA?source=nspt" class="chakra-linkbox__overlay css-1hnz6hu"><div class="css-0"><p class="chakra-text css-1ecdp9w" data-testid="product-brand">Dumas</p><h3 class="chakra-heading css-6qrhwc" id="21161077_EA" data-testid="product-title">Original 6 Croissants</h3><p class="chakra-text css-1yftjin" data-testid="product-package-size">6x300.0 g, $1.33/100g</p></div></a><div class="css-8keand"></div></div><div class="css-1q5omjq"><div class="css-fcebb8"><div data-testid="atc-compact" class="css-y94ivq" style="width: 45px;"><button type="button" class="chakra-button css-mudsm6" data-testid="atc-button"><svg stroke="currentColor" fill="currentColor" stroke-width="0" viewBox="0 0 24 24" focusable="false" class="chakra-icon css-1g3sp7a" data-testid="btn-icon" aria-hidden="true" height="1em" width="1em" xmlns="http://www.w3.org/2000/svg"><path d="M19 13h-6v6h-2v-6H5v-2h6V5h2v6h6v2z"></path></svg><span class="css-idkz9h">Add Original 6 Croissants to cart</span></button></div></div></div></div></div></div><div class="css-0"><div class="css-f5i5wc"><div class="chakra-linkbox css-vhnn8v"><div data-testid="product-image" class="css-16dr4ly"><img alt="LA PETITE BRETONNE Mini Choco Buns 400 g, $1.15/100g" src="https://assets.shop.loblaws.ca/products/20174610/b3/en/front/20174610_front_a06_@2.png" srcset="https://assets.shop.loblaws.ca/products/20174610/b3/en/front/20174610_front_a06_@2.png 1x, https://assets.shop.loblaws.ca/products/20174610/b3/en/front/20174610_front_a06_@2.png 2x" loading="lazy" class="chakra-image css-oguq8l" aria-hidden="true"></div><div class="css-qoklea"><div class="css-12dchmx"></div><div data-testid="price-product-tile" class="css-8atqhb"><p class="chakra-text css-0"><span class="chakra-text css-pwnbcb" data-testid="regular-price"><span class="css-idkz9h">$4.59</span>$4.59</span></p></div><a href="/mini-choco-buns/p/20174610_EA?source=nspt" class="chakra-linkbox__overlay css-1hnz6hu"><div class="css-0"><p class="chakra-text css-1ecdp9w" data-testid="product-brand">LA PETITE BRETONNE</p><h3 class="chakra-heading css-6qrhwc" id="20174610_EA" data-testid="product-title">Mini Choco Buns</h3><p class="chakra-text css-1yftjin" data-testid="product-package-size">400 g, $1.15/100g</p></div></a><div class="css-8keand"></div></div><div class="css-1q5omjq"><div class="css-fcebb8"><div data-testid="atc-compact" class="css-y94ivq" style="width: 45px;"><button disabled="" type="button" class="chakra-button css-mudsm6" data-testid="atc-button"><svg stroke="currentColor" fill="currentColor" stroke-width="0" viewBox="0 0 24 24" focusable="false" class="chakra-icon css-1g3sp7a" data-testid="btn-icon" aria-hidden="true" height="1em" width="1em" xmlns="http://www.w3.org/2000/svg"><path d="M19 13h-6v6h-2v-6H5v-2h6V5h2v6h6v2z"></path></svg><span class="css-idkz9h">Add Mini Choco Buns to cart</span></button></div></div><div class="css-4saf4a"><p class="chakra-text css-py8788" data-testid="inventory-badge-text">Out of Stock</p></div></div></div></div></div><div class="css-0"><div class="css-f5i5wc"><div class="chakra-linkbox css-vhnn8v"><div data-testid="product-image" class="css-16dr4ly"><img alt="No Name Blueberry Bagel 450 g, $0.44/100g" src="https://assets.shop.loblaws.ca/products/21343191/b3/en/front/21343191_front_a06_@2.png" srcset="https://assets.shop.loblaws.ca/products/21343191/b3/en/front/21343191_front_a06_@2.png 1x, https://assets.shop.loblaws.ca/products/21343191/b3/en/front/21343191_front_a06_@2.png 2x" loading="lazy" class="chakra-image css-oguq8l" aria-hidden="true"></div><div class="css-qoklea"><div class="css-12dchmx"></div><div data-testid="price-product-tile" class="css-8atqhb"><p class="chakra-text css-0"><span class="chakra-text css-pwnbcb" data-testid="regular-price"><span class="css-idkz9h">$1.97</span>$1.97</span></p></div><a href="/blueberry-bagel/p/21343191_EA?source=nspt" class="chakra-linkbox__overlay css-1hnz6hu"><div class="css-0"><p class="chakra-text css-1ecdp9w" data-testid="product-brand">No Name</p><h3 class="chakra-heading css-6qrhwc" id="21343191_EA" data-testid="product-title">Blueberry Bagel</h3><p class="chakra-text css-1yftjin" data-testid="product-package-size">450 g, $0.44/100g</p></div></a><div class="css-8keand"></div></div><div class="css-1q5omjq"><div class="css-fcebb8"><div data-testid="atc-compact" class="css-y94ivq" style="width: 45px;"><button type="button" class="chakra-button css-mudsm6" data-testid="atc-button"><svg stroke="currentColor" fill="currentColor" stroke-width="0" viewBox="0 0 24 24" focusable="false" class="chakra-icon css-1g3sp7a" data-testid="btn-icon" aria-hidden="true" height="1em" width="1em" xmlns="http://www.w3.org/2000/svg"><path d="M19 13h-6v6h-2v-6H5v-2h6V5h2v6h6v2z"></path></svg><span class="css-idkz9h">Add Blueberry Bagel to cart</span></button></div></div></div></div></div></div><div class="css-0"><div class="css-f5i5wc"><div class="chakra-linkbox css-vhnn8v"><div data-testid="product-image" class="css-16dr4ly"><img alt="No Name Bagel Poppy Seed 510 g, $0.39/100g" src="https://assets.shop.loblaws.ca/products/21297811/b3/en/front/21297811_front_a06_@2.png" srcset="https://assets.shop.loblaws.ca/products/21297811/b3/en/front/21297811_front_a06_@2.png 1x, https://assets.shop.loblaws.ca/products/21297811/b3/en/front/21297811_front_a06_@2.png 2x" loading="lazy" class="chakra-image css-oguq8l" aria-hidden="true"></div><div class="css-qoklea"><div class="css-12dchmx"></div><div data-testid="price-product-tile" class="css-8atqhb"><p class="chakra-text css-0"><span class="chakra-text css-pwnbcb" data-testid="regular-price"><span class="css-idkz9h">$1.97</span>$1.97</span></p></div><a href="/bagel-poppy-seed/p/21297811_EA?source=nspt" class="chakra-linkbox__overlay css-1hnz6hu"><div class="css-0"><p class="chakra-text css-1ecdp9w" data-testid="product-brand">No Name</p><h3 class="chakra-heading css-6qrhwc" id="21297811_EA" data-testid="product-title">Bagel Poppy Seed</h3><p class="chakra-text css-1yftjin" data-testid="product-package-size">510 g, $0.39/100g</p></div></a><div class="css-8keand"></div></div><div class="css-1q5omjq"><div class="css-fcebb8"><div data-testid="atc-compact" class="css-y94ivq" style="width: 45px;"><button type="button" class="chakra-button css-mudsm6" data-testid="atc-button"><svg stroke="currentColor" fill="currentColor" stroke-width="0" viewBox="0 0 24 24" focusable="false" class="chakra-icon css-1g3sp7a" data-testid="btn-icon" aria-hidden="true" height="1em" width="1em" xmlns="http://www.w3.org/2000/svg"><path d="M19 13h-6v6h-2v-6H5v-2h6V5h2v6h6v2z"></path></svg><span class="css-idkz9h">Add Bagel Poppy Seed to cart</span></button></div></div></div></div></div></div><div class="css-0"><div class="css-f5i5wc"><div class="chakra-linkbox css-vhnn8v"><div data-testid="product-image" class="css-16dr4ly"><img alt="PC Blue Menu Everything Bagels 6 Bagels 336 g, $1.19/100g" src="https://assets.shop.loblaws.ca/products/21018518/b3/en/front/21018518_front_a06_@2.png" srcset="https://assets.shop.loblaws.ca/products/21018518/b3/en/front/21018518_front_a06_@2.png 1x, https://assets.shop.loblaws.ca/products/21018518/b3/en/front/21018518_front_a06_@2.png 2x" loading="lazy" class="chakra-image css-oguq8l" aria-hidden="true"></div><div class="css-qoklea"><div class="css-12dchmx"></div><div data-testid="price-product-tile" class="css-8atqhb"><p class="chakra-text css-0"><span class="chakra-text css-pwnbcb" data-testid="regular-price"><span class="css-idkz9h">$3.99</span>$3.99</span></p></div><a href="/everything-bagels-6-bagels/p/21018518_EA?source=nspt" class="chakra-linkbox__overlay css-1hnz6hu"><div class="css-0"><p class="chakra-text css-1ecdp9w" data-testid="product-brand">PC Blue Menu</p><h3 class="chakra-heading css-6qrhwc" id="21018518_EA" data-testid="product-title">Everything Bagels 6 Bagels</h3><p class="chakra-text css-1yftjin" data-testid="product-package-size">336 g, $1.19/100g</p></div></a><div class="css-8keand"></div></div><div class="css-1q5omjq"><div class="css-fcebb8"><div data-testid="atc-compact" class="css-y94ivq" style="width: 45px;"><button type="button" class="chakra-button css-mudsm6" data-testid="atc-button"><svg stroke="currentColor" fill="currentColor" stroke-width="0" viewBox="0 0 24 24" focusable="false" class="chakra-icon css-1g3sp7a" data-testid="btn-icon" aria-hidden="true" height="1em" width="1em" xmlns="http://www.w3.org/2000/svg"><path d="M19 13h-6v6h-2v-6H5v-2h6V5h2v6h6v2z"></path></svg><span class="css-idkz9h">Add Everything Bagels 6 Bagels to cart</span></button></div></div></div></div></div></div><div class="css-0"><div class="css-f5i5wc"><div class="chakra-linkbox css-vhnn8v"><div data-testid="product-image" class="css-16dr4ly"><img alt="Di Manno Bakery Mini-Croissants 340 g, $1.14/100g" src="https://assets.shop.loblaws.ca/products/21615681/b3/en/front/21615681_front_a06_@2.png" srcset="https://assets.shop.loblaws.ca/products/21615681/b3/en/front/21615681_front_a06_@2.png 1x, https://assets.shop.loblaws.ca/products/21615681/b3/en/front/21615681_front_a06_@2.png 2x" loading="lazy" class="chakra-image css-oguq8l" aria-hidden="true"></div><div class="css-qoklea"><div class="css-12dchmx"><div class="chakra-badge css-34x0wr" data-testid="product-badge"><div class="css-u4p24i">New</div></div></div><div data-testid="price-product-tile" class="css-8atqhb"><p class="chakra-text css-0"><span class="chakra-text css-pwnbcb" data-testid="regular-price"><span class="css-idkz9h">$3.89</span>$3.89</span></p></div><a href="/mini-croissants/p/21615681_EA?source=nspt" class="chakra-linkbox__overlay css-1hnz6hu"><div class="css-0"><p class="chakra-text css-1ecdp9w" data-testid="product-brand">Di Manno Bakery</p><h3 class="chakra-heading css-6qrhwc" id="21615681_EA" data-testid="product-title">Mini-Croissants</h3><p class="chakra-text css-1yftjin" data-testid="product-package-size">340 g, $1.14/100g</p></div></a><div class="css-8keand"></div></div><div class="css-1q5omjq"><div class="css-fcebb8"><div data-testid="atc-compact" class="css-y94ivq" style="width: 45px;"><button disabled="" type="button" class="chakra-button css-mudsm6" data-testid="atc-button"><svg stroke="currentColor" fill="currentColor" stroke-width="0" viewBox="0 0 24 24" focusable="false" class="chakra-icon css-1g3sp7a" data-testid="btn-icon" aria-hidden="true" height="1em" width="1em" xmlns="http://www.w3.org/2000/svg"><path d="M19 13h-6v6h-2v-6H5v-2h6V5h2v6h6v2z"></path></svg><span class="css-idkz9h">Add Mini-Croissants to cart</span></button></div></div><div class="css-4saf4a"><p class="chakra-text css-py8788" data-testid="inventory-badge-text">Out of Stock</p></div></div></div></div></div><div class="css-0"><div class="css-f5i5wc"><div class="chakra-linkbox css-vhnn8v"><div data-testid="product-image" class="css-16dr4ly"><img alt="Dempster Plain English Muffins 6x57.0 g, $0.96/100g" src="https://assets.shop.loblaws.ca/products/20339353/b3/en/front/20339353_front_a06_@2.png" srcset="https://assets.shop.loblaws.ca/products/20339353/b3/en/front/20339353_front_a06_@2.png 1x, https://assets.shop.loblaws.ca/products/20339353/b3/en/front/20339353_front_a06_@2.png 2x" loading="lazy" class="chakra-image css-oguq8l" aria-hidden="true"></div><div class="css-qoklea"><div class="css-12dchmx"></div><div data-testid="price-product-tile" class="css-8atqhb"><p class="chakra-text css-0"><span class="chakra-text css-pwnbcb" data-testid="regular-price"><span class="css-idkz9h">$3.29</span>$3.29</span></p></div><a href="/plain-english-muffins/p/20339353_EA?source=nspt" class="chakra-linkbox__overlay css-1hnz6hu"><div class="css-0"><p class="chakra-text css-1ecdp9w" data-testid="product-brand">Dempster</p><h3 class="chakra-heading css-6qrhwc" id="20339353_EA" data-testid="product-title">Plain English Muffins</h3><p class="chakra-text css-1yftjin" data-testid="product-package-size">6x57.0 g, $0.96/100g</p></div></a><div class="css-8keand"></div></div><div class="css-1q5omjq"><div class="css-fcebb8"><div data-testid="atc-compact" class="css-y94ivq" style="width: 45px;"><button type="button" class="chakra-button css-mudsm6" data-testid="atc-button"><svg stroke="currentColor" fill="currentColor" stroke-width="0" viewBox="0 0 24 24" focusable="false" class="chakra-icon css-1g3sp7a" data-testid="btn-icon" aria-hidden="true" height="1em" width="1em" xmlns="http://www.w3.org/2000/svg"><path d="M19 13h-6v6h-2v-6H5v-2h6V5h2v6h6v2z"></path></svg><span class="css-idkz9h">Add Plain English Muffins to cart</span></button></div></div></div></div></div></div><div class="css-0"><div class="css-f5i5wc"><div class="chakra-linkbox css-vhnn8v"><div data-testid="product-image" class="css-16dr4ly"><img alt="Silver Hills Sprouted Power Bagels Sesame Sunflower Organic 5 Bagels 400 g, $1.67/100g" src="https://assets.shop.loblaws.ca/products/21100346/b3/en/front/21100346_front_a06_@2.png" srcset="https://assets.shop.loblaws.ca/products/21100346/b3/en/front/21100346_front_a06_@2.png 1x, https://assets.shop.loblaws.ca/products/21100346/b3/en/front/21100346_front_a06_@2.png 2x" loading="lazy" class="chakra-image css-oguq8l" aria-hidden="true"></div><div class="css-qoklea"><div class="css-12dchmx"></div><div data-testid="price-product-tile" class="css-8atqhb"><p class="chakra-text css-0"><span class="chakra-text css-pwnbcb" data-testid="regular-price"><span class="css-idkz9h">$6.69</span>$6.69</span></p></div><a href="/sprouted-power-bagels-sesame-sunflower-organic-5-b/p/21100346_EA?source=nspt" class="chakra-linkbox__overlay css-1hnz6hu"><div class="css-0"><p class="chakra-text css-1ecdp9w" data-testid="product-brand">Silver Hills</p><h3 class="chakra-heading css-6qrhwc" id="21100346_EA" data-testid="product-title">Sprouted Power Bagels Sesame Sunflower Organic 5 Bagels</h3><p class="chakra-text css-1yftjin" data-testid="product-package-size">400 g, $1.67/100g</p></div></a><div class="css-8keand"></div></div><div class="css-1q5omjq"><div class="css-fcebb8"><div data-testid="atc-compact" class="css-y94ivq" style="width: 45px;"><button type="button" class="chakra-button css-mudsm6" data-testid="atc-button"><svg stroke="currentColor" fill="currentColor" stroke-width="0" viewBox="0 0 24 24" focusable="false" class="chakra-icon css-1g3sp7a" data-testid="btn-icon" aria-hidden="true" height="1em" width="1em" xmlns="http://www.w3.org/2000/svg"><path d="M19 13h-6v6h-2v-6H5v-2h6V5h2v6h6v2z"></path></svg><span class="css-idkz9h">Add Sprouted Power Bagels Sesame Sunflower Organic 5 Bagels to cart</span></button></div></div></div></div></div></div><div class="css-0"><div class="css-f5i5wc"><div class="chakra-linkbox css-vhnn8v"><div data-testid="product-image" class="css-16dr4ly"><img alt="D'Italiano Gusto! Black &amp; White Sesame 6 Bagels 540 g, $0.83/100g" src="https://assets.shop.loblaws.ca/products/21577155/b3/en/front/21577155_front_a06_@2.png" srcset="https://assets.shop.loblaws.ca/products/21577155/b3/en/front/21577155_front_a06_@2.png 1x, https://assets.shop.loblaws.ca/products/21577155/b3/en/front/21577155_front_a06_@2.png 2x" loading="lazy" class="chakra-image css-oguq8l" aria-hidden="true"></div><div class="css-qoklea"><div class="css-12dchmx"></div><div data-testid="price-product-tile" class="css-8atqhb"><p class="chakra-text css-0"><span class="chakra-text css-pwnbcb" data-testid="regular-price"><span class="css-idkz9h">$4.49</span>$4.49</span></p></div><a href="/gusto-black-white-sesame-6-bagels/p/21577155_EA?source=nspt" class="chakra-linkbox__overlay css-1hnz6hu"><div class="css-0"><p class="chakra-text css-1ecdp9w" data-testid="product-brand">D'Italiano</p><h3 class="chakra-heading css-6qrhwc" id="21577155_EA" data-testid="product-title">Gusto! Black &amp; White Sesame 6 Bagels</h3><p class="chakra-text css-1yftjin" data-testid="product-package-size">540 g, $0.83/100g</p></div></a><div class="css-8keand"></div></div><div class="css-1q5omjq"><div class="css-fcebb8"><div data-testid="atc-compact" class="css-y94ivq" style="width: 45px;"><button type="button" class="chakra-button css-mudsm6" data-testid="atc-button"><svg stroke="currentColor" fill="currentColor" stroke-width="0" viewBox="0 0 24 24" focusable="false" class="chakra-icon css-1g3sp7a" data-testid="btn-icon" aria-hidden="true" height="1em" width="1em" xmlns="http://www.w3.org/2000/svg"><path d="M19 13h-6v6h-2v-6H5v-2h6V5h2v6h6v2z"></path></svg><span class="css-idkz9h">Add Gusto! Black &amp; White Sesame 6 Bagels to cart</span></button></div></div></div></div></div></div><div class="css-0"><div class="css-f5i5wc"><div class="chakra-linkbox css-vhnn8v"><div data-testid="product-image" class="css-16dr4ly"><img alt="LA PETITE BRETONNE Micro Croissants 350 g, $1.31/100g" src="https://assets.shop.loblaws.ca/products/20302754/b3/en/front/20302754_front_a06_@2.png" srcset="https://assets.shop.loblaws.ca/products/20302754/b3/en/front/20302754_front_a06_@2.png 1x, https://assets.shop.loblaws.ca/products/20302754/b3/en/front/20302754_front_a06_@2.png 2x" loading="lazy" class="chakra-image css-oguq8l" aria-hidden="true"></div><div class="css-qoklea"><div class="css-12dchmx"></div><div data-testid="price-product-tile" class="css-8atqhb"><p class="chakra-text css-0"><span class="chakra-text css-pwnbcb" data-testid="regular-price"><span class="css-idkz9h">$4.59</span>$4.59</span></p></div><a href="/micro-croissants/p/20302754_EA?source=nspt" class="chakra-linkbox__overlay css-1hnz6hu"><div class="css-0"><p class="chakra-text css-1ecdp9w" data-testid="product-brand">LA PETITE BRETONNE</p><h3 class="chakra-heading css-6qrhwc" id="20302754_EA" data-testid="product-title">Micro Croissants</h3><p class="chakra-text css-1yftjin" data-testid="product-package-size">350 g, $1.31/100g</p></div></a><div class="css-8keand"></div></div><div class="css-1q5omjq"><div class="css-fcebb8"><div data-testid="atc-compact" class="css-y94ivq" style="width: 45px;"><button disabled="" type="button" class="chakra-button css-mudsm6" data-testid="atc-button"><svg stroke="currentColor" fill="currentColor" stroke-width="0" viewBox="0 0 24 24" focusable="false" class="chakra-icon css-1g3sp7a" data-testid="btn-icon" aria-hidden="true" height="1em" width="1em" xmlns="http://www.w3.org/2000/svg"><path d="M19 13h-6v6h-2v-6H5v-2h6V5h2v6h6v2z"></path></svg><span class="css-idkz9h">Add Micro Croissants to cart</span></button></div></div><div class="css-4saf4a"><p class="chakra-text css-py8788" data-testid="inventory-badge-text">Out of Stock</p></div></div></div></div></div><div class="css-0"><div class="css-f5i5wc"><div class="chakra-linkbox css-vhnn8v"><div data-testid="product-image" class="css-16dr4ly"><img alt="Old Mill Original English Muffins 684 g, $0.48/100g" src="https://assets.shop.loblaws.ca/products/20757203/b3/en/front/20757203_front_a06_@2.png" srcset="https://assets.shop.loblaws.ca/products/20757203/b3/en/front/20757203_front_a06_@2.png 1x, https://assets.shop.loblaws.ca/products/20757203/b3/en/front/20757203_front_a06_@2.png 2x" loading="lazy" class="chakra-image css-oguq8l" aria-hidden="true"></div><div class="css-qoklea"><div class="css-12dchmx"></div><div data-testid="price-product-tile" class="css-8atqhb"><p class="chakra-text css-0"><span class="chakra-text css-pwnbcb" data-testid="regular-price"><span class="css-idkz9h">$3.29</span>$3.29</span></p></div><a href="/original-english-muffins/p/20757203_EA?source=nspt" class="chakra-linkbox__overlay css-1hnz6hu"><div class="css-0"><p class="chakra-text css-1ecdp9w" data-testid="product-brand">Old Mill</p><h3 class="chakra-heading css-6qrhwc" id="20757203_EA" data-testid="product-title">Original English Muffins</h3><p class="chakra-text css-1yftjin" data-testid="product-package-size">684 g, $0.48/100g</p></div></a><div class="css-8keand"></div></div><div class="css-1q5omjq"><div class="css-fcebb8"><div data-testid="atc-compact" class="css-y94ivq" style="width: 45px;"><button disabled="" type="button" class="chakra-button css-mudsm6" data-testid="atc-button"><svg stroke="currentColor" fill="currentColor" stroke-width="0" viewBox="0 0 24 24" focusable="false" class="chakra-icon css-1g3sp7a" data-testid="btn-icon" aria-hidden="true" height="1em" width="1em" xmlns="http://www.w3.org/2000/svg"><path d="M19 13h-6v6h-2v-6H5v-2h6V5h2v6h6v2z"></path></svg><span class="css-idkz9h">Add Original English Muffins to cart</span></button></div></div><div class="css-4saf4a"><p class="chakra-text css-py8788" data-testid="inventory-badge-text">Out of Stock</p></div></div></div></div></div><div class="css-0"><div class="css-f5i5wc"><div class="chakra-linkbox css-vhnn8v"><div data-testid="product-image" class="css-16dr4ly"><img alt="LA PETITE BRETONNE Croissant Cocktail  370x370.0 g, $1.29/100g" src="https://assets.shop.loblaws.ca/products/21298096/b3/en/front/21298096_front_a06_@2.png" srcset="https://assets.shop.loblaws.ca/products/21298096/b3/en/front/21298096_front_a06_@2.png 1x, https://assets.shop.loblaws.ca/products/21298096/b3/en/front/21298096_front_a06_@2.png 2x" loading="lazy" class="chakra-image css-oguq8l" aria-hidden="true"></div><div class="css-qoklea"><div class="css-12dchmx"></div><div data-testid="price-product-tile" class="css-8atqhb"><p class="chakra-text css-0"><span class="chakra-text css-pwnbcb" data-testid="regular-price"><span class="css-idkz9h">$4.79</span>$4.79</span></p></div><a href="/croissant-cocktail/p/21298096_EA?source=nspt" class="chakra-linkbox__overlay css-1hnz6hu"><div class="css-0"><p class="chakra-text css-1ecdp9w" data-testid="product-brand">LA PETITE BRETONNE</p><h3 class="chakra-heading css-6qrhwc" id="21298096_EA" data-testid="product-title">Croissant Cocktail </h3><p class="chakra-text css-1yftjin" data-testid="product-package-size">370x370.0 g, $1.29/100g</p></div></a><div class="css-8keand"></div></div><div class="css-1q5omjq"><div class="css-fcebb8"><div data-testid="atc-compact" class="css-y94ivq" style="width: 45px;"><button type="button" class="chakra-button css-mudsm6" data-testid="atc-button"><svg stroke="currentColor" fill="currentColor" stroke-width="0" viewBox="0 0 24 24" focusable="false" class="chakra-icon css-1g3sp7a" data-testid="btn-icon" aria-hidden="true" height="1em" width="1em" xmlns="http://www.w3.org/2000/svg"><path d="M19 13h-6v6h-2v-6H5v-2h6V5h2v6h6v2z"></path></svg><span class="css-idkz9h">Add Croissant Cocktail  to cart</span></button></div></div></div></div></div></div><div class="css-0"><div class="css-f5i5wc"><div class="chakra-linkbox css-vhnn8v"><div data-testid="product-image" class="css-16dr4ly"><img alt="Silver Hills Sprouted Power Bagels Cinnamon Raisin Organic 5 Bagels 400 g, $1.67/100g" src="https://assets.shop.loblaws.ca/products/21100351/b3/en/front/21100351_front_a06_@2.png" srcset="https://assets.shop.loblaws.ca/products/21100351/b3/en/front/21100351_front_a06_@2.png 1x, https://assets.shop.loblaws.ca/products/21100351/b3/en/front/21100351_front_a06_@2.png 2x" loading="lazy" class="chakra-image css-oguq8l" aria-hidden="true"></div><div class="css-qoklea"><div class="css-12dchmx"></div><div data-testid="price-product-tile" class="css-8atqhb"><p class="chakra-text css-0"><span class="chakra-text css-pwnbcb" data-testid="regular-price"><span class="css-idkz9h">$6.69</span>$6.69</span></p></div><a href="/sprouted-power-bagels-cinnamon-raisin-organic-5-ba/p/21100351_EA?source=nspt" class="chakra-linkbox__overlay css-1hnz6hu"><div class="css-0"><p class="chakra-text css-1ecdp9w" data-testid="product-brand">Silver Hills</p><h3 class="chakra-heading css-6qrhwc" id="21100351_EA" data-testid="product-title">Sprouted Power Bagels Cinnamon Raisin Organic 5 Bagels</h3><p class="chakra-text css-1yftjin" data-testid="product-package-size">400 g, $1.67/100g</p></div></a><div class="css-8keand"></div></div><div class="css-1q5omjq"><div class="css-fcebb8"><div data-testid="atc-compact" class="css-y94ivq" style="width: 45px;"><button type="button" class="chakra-button css-mudsm6" data-testid="atc-button"><svg stroke="currentColor" fill="currentColor" stroke-width="0" viewBox="0 0 24 24" focusable="false" class="chakra-icon css-1g3sp7a" data-testid="btn-icon" aria-hidden="true" height="1em" width="1em" xmlns="http://www.w3.org/2000/svg"><path d="M19 13h-6v6h-2v-6H5v-2h6V5h2v6h6v2z"></path></svg><span class="css-idkz9h">Add Sprouted Power Bagels Cinnamon Raisin Organic 5 Bagels to cart</span></button></div></div></div></div></div></div><div class="css-0"><div class="css-f5i5wc"><div class="chakra-linkbox css-vhnn8v"><div data-testid="product-image" class="css-16dr4ly"><img alt="D'Italiano Gusto! Everything &amp; Herbs 6 Bagels 540 g, $0.83/100g" src="https://assets.shop.loblaws.ca/products/21577054/b3/en/front/21577054_front_a06_@2.png" srcset="https://assets.shop.loblaws.ca/products/21577054/b3/en/front/21577054_front_a06_@2.png 1x, https://assets.shop.loblaws.ca/products/21577054/b3/en/front/21577054_front_a06_@2.png 2x" loading="lazy" class="chakra-image css-oguq8l" aria-hidden="true"></div><div class="css-qoklea"><div class="css-12dchmx"></div><div data-testid="price-product-tile" class="css-8atqhb"><p class="chakra-text css-0"><span class="chakra-text css-pwnbcb" data-testid="regular-price"><span class="css-idkz9h">$4.49</span>$4.49</span></p></div><a href="/gusto-everything-herbs-6-bagels/p/21577054_EA?source=nspt" class="chakra-linkbox__overlay css-1hnz6hu"><div class="css-0"><p class="chakra-text css-1ecdp9w" data-testid="product-brand">D'Italiano</p><h3 class="chakra-heading css-6qrhwc" id="21577054_EA" data-testid="product-title">Gusto! Everything &amp; Herbs 6 Bagels</h3><p class="chakra-text css-1yftjin" data-testid="product-package-size">540 g, $0.83/100g</p></div></a><div class="css-8keand"></div></div><div class="css-1q5omjq"><div class="css-fcebb8"><div data-testid="atc-compact" class="css-y94ivq" style="width: 45px;"><button type="button" class="chakra-button css-mudsm6" data-testid="atc-button"><svg stroke="currentColor" fill="currentColor" stroke-width="0" viewBox="0 0 24 24" focusable="false" class="chakra-icon css-1g3sp7a" data-testid="btn-icon" aria-hidden="true" height="1em" width="1em" xmlns="http://www.w3.org/2000/svg"><path d="M19 13h-6v6h-2v-6H5v-2h6V5h2v6h6v2z"></path></svg><span class="css-idkz9h">Add Gusto! Everything &amp; Herbs 6 Bagels to cart</span></button></div></div></div></div></div></div><div class="css-0"><div class="css-f5i5wc"><div class="chakra-linkbox css-vhnn8v"><div data-testid="product-image" class="css-16dr4ly"><img alt="D'Italiano Gusto! Original 6 Bagels 540 g, $0.83/100g" src="https://assets.shop.loblaws.ca/products/21577059/b3/en/front/21577059_front_a06_@2.png" srcset="https://assets.shop.loblaws.ca/products/21577059/b3/en/front/21577059_front_a06_@2.png 1x, https://assets.shop.loblaws.ca/products/21577059/b3/en/front/21577059_front_a06_@2.png 2x" loading="lazy" class="chakra-image css-oguq8l" aria-hidden="true"></div><div class="css-qoklea"><div class="css-12dchmx"></div><div data-testid="price-product-tile" class="css-8atqhb"><p class="chakra-text css-0"><span class="chakra-text css-pwnbcb" data-testid="regular-price"><span class="css-idkz9h">$4.49</span>$4.49</span></p></div><a href="/gusto-original-6-bagels/p/21577059_EA?source=nspt" class="chakra-linkbox__overlay css-1hnz6hu"><div class="css-0"><p class="chakra-text css-1ecdp9w" data-testid="product-brand">D'Italiano</p><h3 class="chakra-heading css-6qrhwc" id="21577059_EA" data-testid="product-title">Gusto! Original 6 Bagels</h3><p class="chakra-text css-1yftjin" data-testid="product-package-size">540 g, $0.83/100g</p></div></a><div class="css-8keand"></div></div><div class="css-1q5omjq"><div class="css-fcebb8"><div data-testid="atc-compact" class="css-y94ivq" style="width: 45px;"><button type="button" class="chakra-button css-mudsm6" data-testid="atc-button"><svg stroke="currentColor" fill="currentColor" stroke-width="0" viewBox="0 0 24 24" focusable="false" class="chakra-icon css-1g3sp7a" data-testid="btn-icon" aria-hidden="true" height="1em" width="1em" xmlns="http://www.w3.org/2000/svg"><path d="M19 13h-6v6h-2v-6H5v-2h6V5h2v6h6v2z"></path></svg><span class="css-idkz9h">Add Gusto! Original 6 Bagels to cart</span></button></div></div></div></div></div></div><div class="css-0"><div class="css-f5i5wc"><div class="chakra-linkbox css-vhnn8v"><div data-testid="product-image" class="css-16dr4ly"><img alt="President's Choice Raisin Cinnamon English Muffins 342 g, $0.87/100g" src="https://assets.shop.loblaws.ca/products/20810726/b3/en/front/20810726_front_a06_@2.png" srcset="https://assets.shop.loblaws.ca/products/20810726/b3/en/front/20810726_front_a06_@2.png 1x, https://assets.shop.loblaws.ca/products/20810726/b3/en/front/20810726_front_a06_@2.png 2x" loading="lazy" class="chakra-image css-oguq8l" aria-hidden="true"></div><div class="css-qoklea"><div class="css-12dchmx"></div><div data-testid="price-product-tile" class="css-8atqhb"><p class="chakra-text css-0"><span class="chakra-text css-pwnbcb" data-testid="regular-price"><span class="css-idkz9h">$2.99</span>$2.99</span></p></div><a href="/raisin-cinnamon-english-muffins/p/20810726_EA?source=nspt" class="chakra-linkbox__overlay css-1hnz6hu"><div class="css-0"><p class="chakra-text css-1ecdp9w" data-testid="product-brand">President's Choice</p><h3 class="chakra-heading css-6qrhwc" id="20810726_EA" data-testid="product-title">Raisin Cinnamon English Muffins</h3><p class="chakra-text css-1yftjin" data-testid="product-package-size">342 g, $0.87/100g</p></div></a><div class="css-8keand"></div></div><div class="css-1q5omjq"><div class="css-fcebb8"><div data-testid="atc-compact" class="css-y94ivq" style="width: 45px;"><button type="button" class="chakra-button css-mudsm6" data-testid="atc-button"><svg stroke="currentColor" fill="currentColor" stroke-width="0" viewBox="0 0 24 24" focusable="false" class="chakra-icon css-1g3sp7a" data-testid="btn-icon" aria-hidden="true" height="1em" width="1em" xmlns="http://www.w3.org/2000/svg"><path d="M19 13h-6v6h-2v-6H5v-2h6V5h2v6h6v2z"></path></svg><span class="css-idkz9h">Add Raisin Cinnamon English Muffins to cart</span></button></div></div></div></div></div></div><div class="css-0"><div class="css-f5i5wc"><div class="chakra-linkbox css-vhnn8v"><div data-testid="product-image" class="css-16dr4ly"><img alt="PC Blue Menu Multigrain English Muffins 342 g, $0.87/100g" src="https://assets.shop.loblaws.ca/products/20810793/b3/en/front/20810793_front_a06_@2.png" srcset="https://assets.shop.loblaws.ca/products/20810793/b3/en/front/20810793_front_a06_@2.png 1x, https://assets.shop.loblaws.ca/products/20810793/b3/en/front/20810793_front_a06_@2.png 2x" loading="lazy" class="chakra-image css-oguq8l" aria-hidden="true"></div><div class="css-qoklea"><div class="css-12dchmx"></div><div data-testid="price-product-tile" class="css-8atqhb"><p class="chakra-text css-0"><span class="chakra-text css-pwnbcb" data-testid="regular-price"><span class="css-idkz9h">$2.99</span>$2.99</span></p></div><a href="/multigrain-english-muffins/p/20810793_EA?source=nspt" class="chakra-linkbox__overlay css-1hnz6hu"><div class="css-0"><p class="chakra-text css-1ecdp9w" data-testid="product-brand">PC Blue Menu</p><h3 class="chakra-heading css-6qrhwc" id="20810793_EA" data-testid="product-title">Multigrain English Muffins</h3><p class="chakra-text css-1yftjin" data-testid="product-package-size">342 g, $0.87/100g</p></div></a><div class="css-8keand"></div></div><div class="css-1q5omjq"><div class="css-fcebb8"><div data-testid="atc-compact" class="css-y94ivq" style="width: 45px;"><button type="button" class="chakra-button css-mudsm6" data-testid="atc-button"><svg stroke="currentColor" fill="currentColor" stroke-width="0" viewBox="0 0 24 24" focusable="false" class="chakra-icon css-1g3sp7a" data-testid="btn-icon" aria-hidden="true" height="1em" width="1em" xmlns="http://www.w3.org/2000/svg"><path d="M19 13h-6v6h-2v-6H5v-2h6V5h2v6h6v2z"></path></svg><span class="css-idkz9h">Add Multigrain English Muffins to cart</span></button></div></div></div></div></div></div><div class="css-0"><div class="css-f5i5wc"><div class="chakra-linkbox css-vhnn8v"><div data-testid="product-image" class="css-16dr4ly"><img alt="Farmer's Market Chocolatines 260 g, $1.92/100g" src="https://assets.shop.loblaws.ca/products/20967794/b3/en/front/20967794_front_a06_@2.png" srcset="https://assets.shop.loblaws.ca/products/20967794/b3/en/front/20967794_front_a06_@2.png 1x, https://assets.shop.loblaws.ca/products/20967794/b3/en/front/20967794_front_a06_@2.png 2x" loading="lazy" class="chakra-image css-oguq8l" aria-hidden="true"></div><div class="css-qoklea"><div class="css-12dchmx"></div><div data-testid="price-product-tile" class="css-8atqhb"><p class="chakra-text css-0"><span class="chakra-text css-pwnbcb" data-testid="regular-price"><span class="css-idkz9h">$5.00</span>$5.00</span></p></div><a href="/chocolatines/p/20967794_EA?source=nspt" class="chakra-linkbox__overlay css-1hnz6hu"><div class="css-0"><p class="chakra-text css-1ecdp9w" data-testid="product-brand">Farmer's Market</p><h3 class="chakra-heading css-6qrhwc" id="20967794_EA" data-testid="product-title">Chocolatines</h3><p class="chakra-text css-1yftjin" data-testid="product-package-size">260 g, $1.92/100g</p></div></a><div class="css-8keand"></div></div><div class="css-1q5omjq"><div class="css-fcebb8"><div data-testid="atc-compact" class="css-y94ivq" style="width: 45px;"><button type="button" class="chakra-button css-mudsm6" data-testid="atc-button"><svg stroke="currentColor" fill="currentColor" stroke-width="0" viewBox="0 0 24 24" focusable="false" class="chakra-icon css-1g3sp7a" data-testid="btn-icon" aria-hidden="true" height="1em" width="1em" xmlns="http://www.w3.org/2000/svg"><path d="M19 13h-6v6h-2v-6H5v-2h6V5h2v6h6v2z"></path></svg><span class="css-idkz9h">Add Chocolatines to cart</span></button></div></div></div></div></div></div></div>