<div data-testid="product-grid" class="css-epcqr3"><div class="css-0"><div class="css-f5i5wc"><div class="chakra-linkbox css-vhnn8v"><div data-testid="product-image" class="css-16dr4ly"><img alt="Coca-Cola Cola   24x355.0 ml, $0.13/100ml" src="https://assets.shop.loblaws.ca/products/20308197001/b3/en/front/20308197001_front_a06_@2.png" srcset="https://assets.shop.loblaws.ca/products/20308197001/b3/en/front/20308197001_front_a06_@2.png 1x, https://assets.shop.loblaws.ca/products/20308197001/b3/en/front/20308197001_front_a06_@2.png 2x" loading="lazy" class="chakra-image css-oguq8l" aria-hidden="true"></div><div class="css-qoklea"><div class="css-12dchmx"></div><div data-testid="price-product-tile" class="css-8atqhb"><p class="chakra-text css-0"><span class="chakra-text css-o93gbd" data-testid="sale-price"><span class="css-idkz9h">$10.98</span>$10.98</span><span class="chakra-text css-623q5h" data-testid="was-price"><span class="css-idkz9h">$12.99</span>$12.99</span></p><p class="chakra-text css-1m5a6y8" data-testid="price-descriptor">SAVE $2.01</p></div><a href="/cola/p/20308197001_C24?source=nspt" class="chakra-linkbox__overlay css-1hnz6hu"><div class="css-0"><p class="chakra-text css-1ecdp9w" data-testid="product-brand">Coca-Cola</p><h3 class="chakra-heading css-6qrhwc" id="20308197001_C24" data-testid="product-title">Cola  </h3><p class="chakra-text css-1yftjin" data-testid="product-package-size">24x355.0 ml, $0.13/100ml</p></div></a><div class="css-8keand"></div></div><div class="css-1q5omjq"><div class="css-fcebb8"><div data-testid="atc-compact" class="css-y94ivq" style="width: 45px;"><button disabled="" type="button" class="chakra-button css-mudsm6" data-testid="atc-button"><svg stroke="currentColor" fill="currentColor" stroke-width="0" viewBox="0 0 24 24" focusable="false" class="chakra-icon css-1g3sp7a" data-testid="btn-icon" aria-hidden="true" height="1em" width="1em" xmlns="http://www.w3.org/2000/svg"><path d="M19 13h-6v6h-2v-6H5v-2h6V5h2v6h6v2z"></path></svg><span class="css-idkz9h">Add Cola   to cart</span></button></div></div><div class="css-4saf4a"><p class="chakra-text css-py8788" data-testid="inventory-badge-text">Out of Stock</p></div></div></div></div></div><div class="css-0"><div class="css-f5i5wc"><div class="chakra-linkbox css-vhnn8v"><div data-testid="product-image" class="css-16dr4ly"><img alt="Coca-Cola Soda  12x355.0 ml, $0.18/100ml" src="https://assets.shop.loblaws.ca/products/20318694002/b3/en/front/20318694002_front_a06_@2.png" srcset="https://assets.shop.loblaws.ca/products/20318694002/b3/en/front/20318694002_front_a06_@2.png 1x, https://assets.shop.loblaws.ca/products/20318694002/b3/en/front/20318694002_front_a06_@2.png 2x" loading="lazy" class="chakra-image css-oguq8l" aria-hidden="true"></div><div class="css-qoklea"><div class="css-12dchmx"></div><div data-testid="price-product-tile" class="css-8atqhb"><p class="chakra-text css-0"><span class="chakra-text css-pwnbcb" data-testid="regular-price"><span class="css-idkz9h">$7.49</span>$7.49</span></p></div><a href="/soda/p/20318694002_C12?source=nspt" class="chakra-linkbox__overlay css-1hnz6hu"><div class="css-0"><p class="chakra-text css-1ecdp9w" data-testid="product-brand">Coca-Cola</p><h3 class="chakra-heading css-6qrhwc" id="20318694002_C12" data-testid="product-title">Soda </h3><p class="chakra-text css-1yftjin" data-testid="product-package-size">12x355.0 ml, $0.18/100ml</p></div></a><div class="css-8keand"></div></div><div class="css-1q5omjq"><div class="css-fcebb8"><div data-testid="atc-compact" class="css-y94ivq" style="width: 45px;"><button type="button" class="chakra-button css-mudsm6" data-testid="atc-button"><svg stroke="currentColor" fill="currentColor" stroke-width="0" viewBox="0 0 24 24" focusable="false" class="chakra-icon css-1g3sp7a" data-testid="btn-icon" aria-hidden="true" height="1em" width="1em" xmlns="http://www.w3.org/2000/svg"><path d="M19 13h-6v6h-2v-6H5v-2h6V5h2v6h6v2z"></path></svg><span class="css-idkz9h">Add Soda  to cart</span></button></div></div></div></div></div></div><div class="css-0"><div class="css-f5i5wc"><div class="chakra-linkbox css-vhnn8v"><div data-testid="product-image" class="css-16dr4ly"><img alt="Coca-Cola Zero Sugar, 12 pack 12x355.0 ml, $0.18/100ml" src="https://assets.shop.loblaws.ca/products/20318694001/b3/en/front/20318694001_front_a06_@2.png" srcset="https://assets.shop.loblaws.ca/products/20318694001/b3/en/front/20318694001_front_a06_@2.png 1x, https://assets.shop.loblaws.ca/products/20318694001/b3/en/front/20318694001_front_a06_@2.png 2x" loading="lazy" class="chakra-image css-oguq8l" aria-hidden="true"></div><div class="css-qoklea"><div class="css-12dchmx"></div><div data-testid="price-product-tile" class="css-8atqhb"><p class="chakra-text css-0"><span class="chakra-text css-pwnbcb" data-testid="regular-price"><span class="css-idkz9h">$7.49</span>$7.49</span></p></div><a href="/zero-sugar-12-pack/p/20318694001_C12?source=nspt" class="chakra-linkbox__overlay css-1hnz6hu"><div class="css-0"><p class="chakra-text css-1ecdp9w" data-testid="product-brand">Coca-Cola</p><h3 class="chakra-heading css-6qrhwc" id="20318694001_C12" data-testid="product-title">Zero Sugar, 12 pack</h3><p class="chakra-text css-1yftjin" data-testid="product-package-size">12x355.0 ml, $0.18/100ml</p></div></a><div class="css-8keand"></div></div><div class="css-1q5omjq"><div class="css-fcebb8"><div data-testid="atc-compact" class="css-y94ivq" style="width: 45px;"><button type="button" class="chakra-button css-mudsm6" data-testid="atc-button"><svg stroke="currentColor" fill="currentColor" stroke-width="0" viewBox="0 0 24 24" focusable="false" class="chakra-icon css-1g3sp7a" data-testid="btn-icon" aria-hidden="true" height="1em" width="1em" xmlns="http://www.w3.org/2000/svg"><path d="M19 13h-6v6h-2v-6H5v-2h6V5h2v6h6v2z"></path></svg><span class="css-idkz9h">Add Zero Sugar, 12 pack to cart</span></button></div></div></div></div></div></div><div class="css-0"><div class="css-f5i5wc"><div class="chakra-linkbox css-vhnn8v"><div data-testid="product-image" class="css-16dr4ly"><img alt="Coca-Cola Bottle 2 l, $0.13/100ml" src="https://assets.shop.loblaws.ca/products/20316026002/b3/en/front/20316026002_front_a06_@2.png" srcset="https://assets.shop.loblaws.ca/products/20316026002/b3/en/front/20316026002_front_a06_@2.png 1x, https://assets.shop.loblaws.ca/products/20316026002/b3/en/front/20316026002_front_a06_@2.png 2x" loading="lazy" class="chakra-image css-oguq8l" aria-hidden="true"></div><div class="css-qoklea"><div class="css-12dchmx"></div><div data-testid="price-product-tile" class="css-8atqhb"><p class="chakra-text css-0"><span class="chakra-text css-pwnbcb" data-testid="regular-price"><span class="css-idkz9h">$2.69</span>$2.69</span></p></div><a href="/bottle/p/20316026002_EA?source=nspt" class="chakra-linkbox__overlay css-1hnz6hu"><div class="css-0"><p class="chakra-text css-1ecdp9w" data-testid="product-brand">Coca-Cola</p><h3 class="chakra-heading css-6qrhwc" id="20316026002_EA" data-testid="product-title">Bottle</h3><p class="chakra-text css-1yftjin" data-testid="product-package-size">2 l, $0.13/100ml</p></div></a><div class="css-8keand"></div></div><div class="css-1q5omjq"><div class="css-fcebb8"><div data-testid="atc-compact" class="css-y94ivq" style="width: 45px;"><button type="button" class="chakra-button css-mudsm6" data-testid="atc-button"><svg stroke="currentColor" fill="currentColor" stroke-width="0" viewBox="0 0 24 24" focusable="false" class="chakra-icon css-1g3sp7a" data-testid="btn-icon" aria-hidden="true" height="1em" width="1em" xmlns="http://www.w3.org/2000/svg"><path d="M19 13h-6v6h-2v-6H5v-2h6V5h2v6h6v2z"></path></svg><span class="css-idkz9h">Add Bottle to cart</span></button></div></div></div></div></div></div><div class="css-0"><div class="css-f5i5wc"><div class="chakra-linkbox css-vhnn8v"><div data-testid="product-image" class="css-16dr4ly"><img alt="Canada Dry Ginger Ale, 12 Pack 12x355.0 ml, $0.18/100ml" src="https://assets.shop.loblaws.ca/products/20307569004/b3/en/front/20307569004_front_a06_@2.png" srcset="https://assets.shop.loblaws.ca/products/20307569004/b3/en/front/20307569004_front_a06_@2.png 1x, https://assets.shop.loblaws.ca/products/20307569004/b3/en/front/20307569004_front_a06_@2.png 2x" loading="lazy" class="chakra-image css-oguq8l" aria-hidden="true"></div><div class="css-qoklea"><div class="css-12dchmx"></div><div data-testid="price-product-tile" class="css-8atqhb"><p class="chakra-text css-0"><span class="chakra-text css-pwnbcb" data-testid="regular-price"><span class="css-idkz9h">$7.49</span>$7.49</span></p></div><a href="/ginger-ale-12-pack/p/20307569004_C12?source=nspt" class="chakra-linkbox__overlay css-1hnz6hu"><div class="css-0"><p class="chakra-text css-1ecdp9w" data-testid="product-brand">Canada Dry</p><h3 class="chakra-heading css-6qrhwc" id="20307569004_C12" data-testid="product-title">Ginger Ale, 12 Pack</h3><p class="chakra-text css-1yftjin" data-testid="product-package-size">12x355.0 ml, $0.18/100ml</p></div></a><div class="css-8keand"></div></div><div class="css-1q5omjq"><div class="css-fcebb8"><div data-testid="atc-compact" class="css-y94ivq" style="width: 45px;"><button type="button" class="chakra-button css-mudsm6" data-testid="atc-button"><svg stroke="currentColor" fill="currentColor" stroke-width="0" viewBox="0 0 24 24" focusable="false" class="chakra-icon css-1g3sp7a" data-testid="btn-icon" aria-hidden="true" height="1em" width="1em" xmlns="http://www.w3.org/2000/svg"><path d="M19 13h-6v6h-2v-6H5v-2h6V5h2v6h6v2z"></path></svg><span class="css-idkz9h">Add Ginger Ale, 12 Pack to cart</span></button></div></div></div></div></div></div><div class="css-0"><div class="css-f5i5wc"><div class="chakra-linkbox css-vhnn8v"><div data-testid="product-image" class="css-16dr4ly"><img alt="Pepsi Pepsi Cans  24x355.0 ml, $0.13/100ml" src="https://assets.shop.loblaws.ca/products/20306687002/b3/en/front/20306687002_front_a06_@2.png" srcset="https://assets.shop.loblaws.ca/products/20306687002/b3/en/front/20306687002_front_a06_@2.png 1x, https://assets.shop.loblaws.ca/products/20306687002/b3/en/front/20306687002_front_a06_@2.png 2x" loading="lazy" class="chakra-image css-oguq8l" aria-hidden="true"></div><div class="css-qoklea"><div class="css-12dchmx"></div><div data-testid="price-product-tile" class="css-8atqhb"><p class="chakra-text css-0"><span class="chakra-text css-o93gbd" data-testid="sale-price"><span class="css-idkz9h">$11.49</span>$11.49</span><span class="chakra-text css-623q5h" data-testid="was-price"><span class="css-idkz9h">$13.49</span>$13.49</span></p><p class="chakra-text css-1m5a6y8" data-testid="price-descriptor">SAVE $2.00</p></div><a href="/pepsi-cans/p/20306687002_C24?source=nspt" class="chakra-linkbox__overlay css-1hnz6hu"><div class="css-0"><p class="chakra-text css-1ecdp9w" data-testid="product-brand">Pepsi</p><h3 class="chakra-heading css-6qrhwc" id="20306687002_C24" data-testid="product-title">Pepsi Cans </h3><p class="chakra-text css-1yftjin" data-testid="product-package-size">24x355.0 ml, $0.13/100ml</p></div></a><div class="css-8keand"></div></div><div class="css-1q5omjq"><div class="css-fcebb8"><div data-testid="atc-compact" class="css-y94ivq" style="width: 45px;"><button type="button" class="chakra-button css-mudsm6" data-testid="atc-button"><svg stroke="currentColor" fill="currentColor" stroke-width="0" viewBox="0 0 24 24" focusable="false" class="chakra-icon css-1g3sp7a" data-testid="btn-icon" aria-hidden="true" height="1em" width="1em" xmlns="http://www.w3.org/2000/svg"><path d="M19 13h-6v6h-2v-6H5v-2h6V5h2v6h6v2z"></path></svg><span class="css-idkz9h">Add Pepsi Cans  to cart</span></button></div></div></div></div></div></div><div class="css-0"><div class="css-f5i5wc"><div class="chakra-linkbox css-vhnn8v"><div data-testid="product-image" class="css-16dr4ly"><img alt="Chubby Soft Drink Blueberry Blast 250 ml, $0.28/100ml" src="https://assets.shop.loblaws.ca/products/21567411/b3/en/front/21567411_front_a06_@2.png" srcset="https://assets.shop.loblaws.ca/products/21567411/b3/en/front/21567411_front_a06_@2.png 1x, https://assets.shop.loblaws.ca/products/21567411/b3/en/front/21567411_front_a06_@2.png 2x" loading="lazy" class="chakra-image css-oguq8l" aria-hidden="true"></div><div class="css-qoklea"><div class="css-12dchmx"></div><div data-testid="price-product-tile" class="css-8atqhb"><p class="chakra-text css-0"><span class="chakra-text css-o93gbd" data-testid="sale-price"><span class="css-idkz9h">$0.69</span>$0.69</span><span class="chakra-text css-623q5h" data-testid="was-price"><span class="css-idkz9h">$0.79</span>$0.79</span></p><p class="chakra-text css-1m5a6y8" data-testid="price-descriptor">SAVE $0.10</p></div><a href="/soft-drink-blueberry-blast/p/21567411_EA?source=nspt" class="chakra-linkbox__overlay css-1hnz6hu"><div class="css-0"><p class="chakra-text css-1ecdp9w" data-testid="product-brand">Chubby</p><h3 class="chakra-heading css-6qrhwc" id="21567411_EA" data-testid="product-title">Soft Drink Blueberry Blast</h3><p class="chakra-text css-1yftjin" data-testid="product-package-size">250 ml, $0.28/100ml</p></div></a><div class="css-8keand"></div></div><div class="css-1q5omjq"><div class="css-fcebb8"><div data-testid="atc-compact" class="css-y94ivq" style="width: 45px;"><button type="button" class="chakra-button css-mudsm6" data-testid="atc-button"><svg stroke="currentColor" fill="currentColor" stroke-width="0" viewBox="0 0 24 24" focusable="false" class="chakra-icon css-1g3sp7a" data-testid="btn-icon" aria-hidden="true" height="1em" width="1em" xmlns="http://www.w3.org/2000/svg"><path d="M19 13h-6v6h-2v-6H5v-2h6V5h2v6h6v2z"></path></svg><span class="css-idkz9h">Add Soft Drink Blueberry Blast to cart</span></button></div></div></div></div></div></div><div class="css-0"><div class="css-f5i5wc"><div class="chakra-linkbox css-vhnn8v"><div data-testid="product-image" class="css-16dr4ly"><img alt="Canada Dry Ginger Ale, Bottle 2 l, $0.13/100ml" src="https://assets.shop.loblaws.ca/products/20311362001/b3/en/front/20311362001_front_a06_@2.png" srcset="https://assets.shop.loblaws.ca/products/20311362001/b3/en/front/20311362001_front_a06_@2.png 1x, https://assets.shop.loblaws.ca/products/20311362001/b3/en/front/20311362001_front_a06_@2.png 2x" loading="lazy" class="chakra-image css-oguq8l" aria-hidden="true"></div><div class="css-qoklea"><div class="css-12dchmx"></div><div data-testid="price-product-tile" class="css-8atqhb"><p class="chakra-text css-0"><span class="chakra-text css-pwnbcb" data-testid="regular-price"><span class="css-idkz9h">$2.69</span>$2.69</span></p></div><a href="/ginger-ale-bottle/p/20311362001_EA?source=nspt" class="chakra-linkbox__overlay css-1hnz6hu"><div class="css-0"><p class="chakra-text css-1ecdp9w" data-testid="product-brand">Canada Dry</p><h3 class="chakra-heading css-6qrhwc" id="20311362001_EA" data-testid="product-title">Ginger Ale, Bottle</h3><p class="chakra-text css-1yftjin" data-testid="product-package-size">2 l, $0.13/100ml</p></div></a><div class="css-8keand"></div></div><div class="css-1q5omjq"><div class="css-fcebb8"><div data-testid="atc-compact" class="css-y94ivq" style="width: 45px;"><button type="button" class="chakra-button css-mudsm6" data-testid="atc-button"><svg stroke="currentColor" fill="currentColor" stroke-width="0" viewBox="0 0 24 24" focusable="false" class="chakra-icon css-1g3sp7a" data-testid="btn-icon" aria-hidden="true" height="1em" width="1em" xmlns="http://www.w3.org/2000/svg"><path d="M19 13h-6v6h-2v-6H5v-2h6V5h2v6h6v2z"></path></svg><span class="css-idkz9h">Add Ginger Ale, Bottle to cart</span></button></div></div></div></div></div></div><div class="css-0"><div class="css-f5i5wc"><div class="chakra-linkbox css-vhnn8v"><div data-testid="product-image" class="css-16dr4ly"><img alt="Pepsi Soda  12x355.0 ml, $0.16/100ml" src="https://assets.shop.loblaws.ca/products/20322361002/b3/en/front/20322361002_front_a06_@2.png" srcset="https://assets.shop.loblaws.ca/products/20322361002/b3/en/front/20322361002_front_a06_@2.png 1x, https://assets.shop.loblaws.ca/products/20322361002/b3/en/front/20322361002_front_a06_@2.png 2x" loading="lazy" class="chakra-image css-oguq8l" aria-hidden="true"></div><div class="css-qoklea"><div class="css-12dchmx"></div><div data-testid="price-product-tile" class="css-8atqhb"><p class="chakra-text css-0"><span class="chakra-text css-pwnbcb" data-testid="regular-price"><span class="css-idkz9h">$6.99</span>$6.99</span></p></div><a href="/soda/p/20322361002_C12?source=nspt" class="chakra-linkbox__overlay css-1hnz6hu"><div class="css-0"><p class="chakra-text css-1ecdp9w" data-testid="product-brand">Pepsi</p><h3 class="chakra-heading css-6qrhwc" id="20322361002_C12" data-testid="product-title">Soda </h3><p class="chakra-text css-1yftjin" data-testid="product-package-size">12x355.0 ml, $0.16/100ml</p></div></a><div class="css-8keand"></div></div><div class="css-1q5omjq"><div class="css-fcebb8"><div data-testid="atc-compact" class="css-y94ivq" style="width: 45px;"><button type="button" class="chakra-button css-mudsm6" data-testid="atc-button"><svg stroke="currentColor" fill="currentColor" stroke-width="0" viewBox="0 0 24 24" focusable="false" class="chakra-icon css-1g3sp7a" data-testid="btn-icon" aria-hidden="true" height="1em" width="1em" xmlns="http://www.w3.org/2000/svg"><path d="M19 13h-6v6h-2v-6H5v-2h6V5h2v6h6v2z"></path></svg><span class="css-idkz9h">Add Soda  to cart</span></button></div></div></div></div></div></div><div class="css-0"><div class="css-f5i5wc"><div class="chakra-linkbox css-vhnn8v"><div data-testid="product-image" class="css-16dr4ly"><img alt="Coca-Cola Zero       24x355.0 ml, $0.13/100ml" src="https://assets.shop.loblaws.ca/products/20308197006/b3/en/front/20308197006_front_a06_@2.png" srcset="https://assets.shop.loblaws.ca/products/20308197006/b3/en/front/20308197006_front_a06_@2.png 1x, https://assets.shop.loblaws.ca/products/20308197006/b3/en/front/20308197006_front_a06_@2.png 2x" loading="lazy" class="chakra-image css-oguq8l" aria-hidden="true"></div><div class="css-qoklea"><div class="css-12dchmx"></div><div data-testid="price-product-tile" class="css-8atqhb"><p class="chakra-text css-0"><span class="chakra-text css-o93gbd" data-testid="sale-price"><span class="css-idkz9h">$10.98</span>$10.98</span><span class="chakra-text css-623q5h" data-testid="was-price"><span class="css-idkz9h">$12.99</span>$12.99</span></p><p class="chakra-text css-1m5a6y8" data-testid="price-descriptor">SAVE $2.01</p></div><a href="/zero/p/20308197006_C24?source=nspt" class="chakra-linkbox__overlay css-1hnz6hu"><div class="css-0"><p class="chakra-text css-1ecdp9w" data-testid="product-brand">Coca-Cola</p><h3 class="chakra-heading css-6qrhwc" id="20308197006_C24" data-testid="product-title">Zero      </h3><p class="chakra-text css-1yftjin" data-testid="product-package-size">24x355.0 ml, $0.13/100ml</p></div></a><div class="css-8keand"></div></div><div class="css-1q5omjq"><div class="css-fcebb8"><div data-testid="atc-compact" class="css-y94ivq" style="width: 45px;"><button type="button" class="chakra-button css-mudsm6" data-testid="atc-button"><svg stroke="currentColor" fill="currentColor" stroke-width="0" viewBox="0 0 24 24" focusable="false" class="chakra-icon css-1g3sp7a" data-testid="btn-icon" aria-hidden="true" height="1em" width="1em" xmlns="http://www.w3.org/2000/svg"><path d="M19 13h-6v6h-2v-6H5v-2h6V5h2v6h6v2z"></path></svg><span class="css-idkz9h">Add Zero       to cart</span></button></div></div></div></div></div></div><div class="css-0"><div class="css-f5i5wc"><div class="chakra-linkbox css-vhnn8v"><div data-testid="product-image" class="css-16dr4ly"><img alt="Canada Dry Ginger Ale  24x355.0 ml, $0.13/100ml" src="https://assets.shop.loblaws.ca/products/20306330002/b3/en/front/20306330002_front_a06_@2.png" srcset="https://assets.shop.loblaws.ca/products/20306330002/b3/en/front/20306330002_front_a06_@2.png 1x, https://assets.shop.loblaws.ca/products/20306330002/b3/en/front/20306330002_front_a06_@2.png 2x" loading="lazy" class="chakra-image css-oguq8l" aria-hidden="true"></div><div class="css-qoklea"><div class="css-12dchmx"></div><div data-testid="price-product-tile" class="css-8atqhb"><p class="chakra-text css-0"><span class="chakra-text css-o93gbd" data-testid="sale-price"><span class="css-idkz9h">$10.98</span>$10.98</span><span class="chakra-text css-623q5h" data-testid="was-price"><span class="css-idkz9h">$12.99</span>$12.99</span></p><p class="chakra-text css-1m5a6y8" data-testid="price-descriptor">SAVE $2.01</p></div><a href="/ginger-ale/p/20306330002_C24?source=nspt" class="chakra-linkbox__overlay css-1hnz6hu"><div class="css-0"><p class="chakra-text css-1ecdp9w" data-testid="product-brand">Canada Dry</p><h3 class="chakra-heading css-6qrhwc" id="20306330002_C24" data-testid="product-title">Ginger Ale </h3><p class="chakra-text css-1yftjin" data-testid="product-package-size">24x355.0 ml, $0.13/100ml</p></div></a><div class="css-8keand"></div></div><div class="css-1q5omjq"><div class="css-fcebb8"><div data-testid="atc-compact" class="css-y94ivq" style="width: 45px;"><button type="button" class="chakra-button css-mudsm6" data-testid="atc-button"><svg stroke="currentColor" fill="currentColor" stroke-width="0" viewBox="0 0 24 24" focusable="false" class="chakra-icon css-1g3sp7a" data-testid="btn-icon" aria-hidden="true" height="1em" width="1em" xmlns="http://www.w3.org/2000/svg"><path d="M19 13h-6v6h-2v-6H5v-2h6V5h2v6h6v2z"></path></svg><span class="css-idkz9h">Add Ginger Ale  to cart</span></button></div></div></div></div></div></div><div class="css-0"><div class="css-f5i5wc"><div class="chakra-linkbox css-vhnn8v"><div data-testid="product-image" class="css-16dr4ly"><img alt="Coca-Cola Diet Coke   12x355.0 ml, $0.18/100ml" src="https://assets.shop.loblaws.ca/products/20318694003/b3/en/front/20318694003_front_a06_@2.png" srcset="https://assets.shop.loblaws.ca/products/20318694003/b3/en/front/20318694003_front_a06_@2.png 1x, https://assets.shop.loblaws.ca/products/20318694003/b3/en/front/20318694003_front_a06_@2.png 2x" loading="lazy" class="chakra-image css-oguq8l" aria-hidden="true"></div><div class="css-qoklea"><div class="css-12dchmx"></div><div data-testid="price-product-tile" class="css-8atqhb"><p class="chakra-text css-0"><span class="chakra-text css-pwnbcb" data-testid="regular-price"><span class="css-idkz9h">$7.49</span>$7.49</span></p></div><a href="/diet-coke/p/20318694003_C12?source=nspt" class="chakra-linkbox__overlay css-1hnz6hu"><div class="css-0"><p class="chakra-text css-1ecdp9w" data-testid="product-brand">Coca-Cola</p><h3 class="chakra-heading css-6qrhwc" id="20318694003_C12" data-testid="product-title">Diet Coke  </h3><p class="chakra-text css-1yftjin" data-testid="product-package-size">12x355.0 ml, $0.18/100ml</p></div></a><div class="css-8keand"></div></div><div class="css-1q5omjq"><div class="css-fcebb8"><div data-testid="atc-compact" class="css-y94ivq" style="width: 45px;"><button type="button" class="chakra-button css-mudsm6" data-testid="atc-button"><svg stroke="currentColor" fill="currentColor" stroke-width="0" viewBox="0 0 24 24" focusable="false" class="chakra-icon css-1g3sp7a" data-testid="btn-icon" aria-hidden="true" height="1em" width="1em" xmlns="http://www.w3.org/2000/svg"><path d="M19 13h-6v6h-2v-6H5v-2h6V5h2v6h6v2z"></path></svg><span class="css-idkz9h">Add Diet Coke   to cart</span></button></div></div></div></div></div></div><div class="css-0"><div class="css-f5i5wc"><div class="chakra-linkbox css-vhnn8v"><div data-testid="product-image" class="css-16dr4ly"><img alt="Coca-Cola Diet Coke Cans   24x355.0 ml, $0.13/100ml" src="https://assets.shop.loblaws.ca/products/20308197003/b3/en/front/20308197003_front_a06_@2.png" srcset="https://assets.shop.loblaws.ca/products/20308197003/b3/en/front/20308197003_front_a06_@2.png 1x, https://assets.shop.loblaws.ca/products/20308197003/b3/en/front/20308197003_front_a06_@2.png 2x" loading="lazy" class="chakra-image css-oguq8l" aria-hidden="true"></div><div class="css-qoklea"><div class="css-12dchmx"></div><div data-testid="price-product-tile" class="css-8atqhb"><p class="chakra-text css-0"><span class="chakra-text css-o93gbd" data-testid="sale-price"><span class="css-idkz9h">$10.98</span>$10.98</span><span class="chakra-text css-623q5h" data-testid="was-price"><span class="css-idkz9h">$12.99</span>$12.99</span></p><p class="chakra-text css-1m5a6y8" data-testid="price-descriptor">SAVE $2.01</p></div><a href="/diet-coke-cans/p/20308197003_C24?source=nspt" class="chakra-linkbox__overlay css-1hnz6hu"><div class="css-0"><p class="chakra-text css-1ecdp9w" data-testid="product-brand">Coca-Cola</p><h3 class="chakra-heading css-6qrhwc" id="20308197003_C24" data-testid="product-title">Diet Coke Cans  </h3><p class="chakra-text css-1yftjin" data-testid="product-package-size">24x355.0 ml, $0.13/100ml</p></div></a><div class="css-8keand"></div></div><div class="css-1q5omjq"><div class="css-fcebb8"><div data-testid="atc-compact" class="css-y94ivq" style="width: 45px;"><button disabled="" type="button" class="chakra-button css-mudsm6" data-testid="atc-button"><svg stroke="currentColor" fill="currentColor" stroke-width="0" viewBox="0 0 24 24" focusable="false" class="chakra-icon css-1g3sp7a" data-testid="btn-icon" aria-hidden="true" height="1em" width="1em" xmlns="http://www.w3.org/2000/svg"><path d="M19 13h-6v6h-2v-6H5v-2h6V5h2v6h6v2z"></path></svg><span class="css-idkz9h">Add Diet Coke Cans   to cart</span></button></div></div><div class="css-4saf4a"><p class="chakra-text css-py8788" data-testid="inventory-badge-text">Out of Stock</p></div></div></div></div></div><div class="css-0"><div class="css-f5i5wc"><div class="chakra-linkbox css-vhnn8v"><div data-testid="product-image" class="css-16dr4ly"><img alt="Pepsi Soda       2 l, $0.13/100ml" src="https://assets.shop.loblaws.ca/products/20296926002/b3/en/front/20296926002_front_a06_@2.png" srcset="https://assets.shop.loblaws.ca/products/20296926002/b3/en/front/20296926002_front_a06_@2.png 1x, https://assets.shop.loblaws.ca/products/20296926002/b3/en/front/20296926002_front_a06_@2.png 2x" loading="lazy" class="chakra-image css-oguq8l" aria-hidden="true"></div><div class="css-qoklea"><div class="css-12dchmx"></div><div data-testid="price-product-tile" class="css-8atqhb"><p class="chakra-text css-0"><span class="chakra-text css-pwnbcb" data-testid="regular-price"><span class="css-idkz9h">$2.69</span>$2.69</span></p></div><a href="/soda/p/20296926002_EA?source=nspt" class="chakra-linkbox__overlay css-1hnz6hu"><div class="css-0"><p class="chakra-text css-1ecdp9w" data-testid="product-brand">Pepsi</p><h3 class="chakra-heading css-6qrhwc" id="20296926002_EA" data-testid="product-title">Soda      </h3><p class="chakra-text css-1yftjin" data-testid="product-package-size">2 l, $0.13/100ml</p></div></a><div class="css-8keand"></div></div><div class="css-1q5omjq"><div class="css-fcebb8"><div data-testid="atc-compact" class="css-y94ivq" style="width: 45px;"><button type="button" class="chakra-button css-mudsm6" data-testid="atc-button"><svg stroke="currentColor" fill="currentColor" stroke-width="0" viewBox="0 0 24 24" focusable="false" class="chakra-icon css-1g3sp7a" data-testid="btn-icon" aria-hidden="true" height="1em" width="1em" xmlns="http://www.w3.org/2000/svg"><path d="M19 13h-6v6h-2v-6H5v-2h6V5h2v6h6v2z"></path></svg><span class="css-idkz9h">Add Soda       to cart</span></button></div></div></div></div></div></div><div class="css-0"><div class="css-f5i5wc"><div class="chakra-linkbox css-vhnn8v"><div data-testid="product-image" class="css-16dr4ly"><img alt="Chubby Pineapple Sunshine Soft Drink 250 ml, $0.28/100ml" src="https://assets.shop.loblaws.ca/products/20941724/b3/en/front/20941724_front_a06_@2.png" srcset="https://assets.shop.loblaws.ca/products/20941724/b3/en/front/20941724_front_a06_@2.png 1x, https://assets.shop.loblaws.ca/products/20941724/b3/en/front/20941724_front_a06_@2.png 2x" loading="lazy" class="chakra-image css-oguq8l" aria-hidden="true"></div><div class="css-qoklea"><div class="css-12dchmx"></div><div data-testid="price-product-tile" class="css-8atqhb"><p class="chakra-text css-0"><span class="chakra-text css-o93gbd" data-testid="sale-price"><span class="css-idkz9h">$0.69</span>$0.69</span><span class="chakra-text css-623q5h" data-testid="was-price"><span class="css-idkz9h">$0.79</span>$0.79</span></p><p class="chakra-text css-1m5a6y8" data-testid="price-descriptor">SAVE $0.10</p></div><a href="/pineapple-sunshine-soft-drink/p/20941724_EA?source=nspt" class="chakra-linkbox__overlay css-1hnz6hu"><div class="css-0"><p class="chakra-text css-1ecdp9w" data-testid="product-brand">Chubby</p><h3 class="chakra-heading css-6qrhwc" id="20941724_EA" data-testid="product-title">Pineapple Sunshine Soft Drink</h3><p class="chakra-text css-1yftjin" data-testid="product-package-size">250 ml, $0.28/100ml</p></div></a><div class="css-8keand"></div></div><div class="css-1q5omjq"><div class="css-fcebb8"><div data-testid="atc-compact" class="css-y94ivq" style="width: 45px;"><button type="button" class="chakra-button css-mudsm6" data-testid="atc-button"><svg stroke="currentColor" fill="currentColor" stroke-width="0" viewBox="0 0 24 24" focusable="false" class="chakra-icon css-1g3sp7a" data-testid="btn-icon" aria-hidden="true" height="1em" width="1em" xmlns="http://www.w3.org/2000/svg"><path d="M19 13h-6v6h-2v-6H5v-2h6V5h2v6h6v2z"></path></svg><span class="css-idkz9h">Add Pineapple Sunshine Soft Drink to cart</span></button></div></div></div></div></div></div><div class="css-0"><div class="css-f5i5wc"><div class="chakra-linkbox css-vhnn8v"><div data-testid="product-image" class="css-16dr4ly"><img alt="Coca-Cola Zero Sugar, Bottle 2 l, $0.13/100ml" src="https://assets.shop.loblaws.ca/products/20316026005/b3/en/front/20316026005_front_a06_@2.png" srcset="https://assets.shop.loblaws.ca/products/20316026005/b3/en/front/20316026005_front_a06_@2.png 1x, https://assets.shop.loblaws.ca/products/20316026005/b3/en/front/20316026005_front_a06_@2.png 2x" loading="lazy" class="chakra-image css-oguq8l" aria-hidden="true"></div><div class="css-qoklea"><div class="css-12dchmx"></div><div data-testid="price-product-tile" class="css-8atqhb"><p class="chakra-text css-0"><span class="chakra-text css-pwnbcb" data-testid="regular-price"><span class="css-idkz9h">$2.69</span>$2.69</span></p></div><a href="/zero-sugar-bottle/p/20316026005_EA?source=nspt" class="chakra-linkbox__overlay css-1hnz6hu"><div class="css-0"><p class="chakra-text css-1ecdp9w" data-testid="product-brand">Coca-Cola</p><h3 class="chakra-heading css-6qrhwc" id="20316026005_EA" data-testid="product-title">Zero Sugar, Bottle</h3><p class="chakra-text css-1yftjin" data-testid="product-package-size">2 l, $0.13/100ml</p></div></a><div class="css-8keand"></div></div><div class="css-1q5omjq"><div class="css-fcebb8"><div data-testid="atc-compact" class="css-y94ivq" style="width: 45px;"><button type="button" class="chakra-button css-mudsm6" data-testid="atc-button"><svg stroke="currentColor" fill="currentColor" stroke-width="0" viewBox="0 0 24 24" focusable="false" class="chakra-icon css-1g3sp7a" data-testid="btn-icon" aria-hidden="true" height="1em" width="1em" xmlns="http://www.w3.org/2000/svg"><path d="M19 13h-6v6h-2v-6H5v-2h6V5h2v6h6v2z"></path></svg><span class="css-idkz9h">Add Zero Sugar, Bottle to cart</span></button></div></div></div></div></div></div><div class="css-0"><div class="css-f5i5wc"><div class="chakra-linkbox css-vhnn8v"><div data-testid="product-image" class="css-16dr4ly"><img alt="President's Choice Low Sodium Club Soda 12x355.0 ml, $0.14/100ml" src="https://assets.shop.loblaws.ca/products/20690671001/b3/en/front/20690671001_front_a06_@2.png" srcset="https://assets.shop.loblaws.ca/products/20690671001/b3/en/front/20690671001_front_a06_@2.png 1x, https://assets.shop.loblaws.ca/products/20690671001/b3/en/front/20690671001_front_a06_@2.png 2x" loading="lazy" class="chakra-image css-oguq8l" aria-hidden="true"></div><div class="css-qoklea"><div class="css-12dchmx"></div><div data-testid="price-product-tile" class="css-8atqhb"><p class="chakra-text css-0"><span class="chakra-text css-pwnbcb" data-testid="regular-price"><span class="css-idkz9h">$5.99</span>$5.99</span></p></div><a href="/low-sodium-club-soda/p/20690671001_C12?source=nspt" class="chakra-linkbox__overlay css-1hnz6hu"><div class="css-0"><p class="chakra-text css-1ecdp9w" data-testid="product-brand">President's Choice</p><h3 class="chakra-heading css-6qrhwc" id="20690671001_C12" data-testid="product-title">Low Sodium Club Soda</h3><p class="chakra-text css-1yftjin" data-testid="product-package-size">12x355.0 ml, $0.14/100ml</p></div></a><div class="css-8keand"></div></div><div class="css-1q5omjq"><div class="css-fcebb8"><div data-testid="atc-compact" class="css-y94ivq" style="width: 45px;"><button type="button" class="chakra-button css-mudsm6" data-testid="atc-button"><svg stroke="currentColor" fill="currentColor" stroke-width="0" viewBox="0 0 24 24" focusable="false" class="chakra-icon css-1g3sp7a" data-testid="btn-icon" aria-hidden="true" height="1em" width="1em" xmlns="http://www.w3.org/2000/svg"><path d="M19 13h-6v6h-2v-6H5v-2h6V5h2v6h6v2z"></path></svg><span class="css-idkz9h">Add Low Sodium Club Soda to cart</span></button></div></div></div></div></div></div><div class="css-0"><div class="css-f5i5wc"><div class="chakra-linkbox css-vhnn8v"><div data-testid="product-image" class="css-16dr4ly"><img alt="Coca-Cola Classic 6x222.0 ml, $0.26/100ml" src="https://assets.shop.loblaws.ca/products/20354288002/b3/en/front/20354288002_front_a06_@2.png" srcset="https://assets.shop.loblaws.ca/products/20354288002/b3/en/front/20354288002_front_a06_@2.png 1x, https://assets.shop.loblaws.ca/products/20354288002/b3/en/front/20354288002_front_a06_@2.png 2x" loading="lazy" class="chakra-image css-oguq8l" aria-hidden="true"></div><div class="css-qoklea"><div class="css-12dchmx"></div><div data-testid="price-product-tile" class="css-8atqhb"><p class="chakra-text css-0"><span class="chakra-text css-o93gbd" data-testid="sale-price"><span class="css-idkz9h">$3.49</span>$3.49</span><span class="chakra-text css-623q5h" data-testid="was-price"><span class="css-idkz9h">$4.29</span>$4.29</span></p><p class="chakra-text css-1m5a6y8" data-testid="price-descriptor">SAVE $0.80</p></div><a href="/classic/p/20354288002_C06?source=nspt" class="chakra-linkbox__overlay css-1hnz6hu"><div class="css-0"><p class="chakra-text css-1ecdp9w" data-testid="product-brand">Coca-Cola</p><h3 class="chakra-heading css-6qrhwc" id="20354288002_C06" data-testid="product-title">Classic</h3><p class="chakra-text css-1yftjin" data-testid="product-package-size">6x222.0 ml, $0.26/100ml</p></div></a><div class="css-8keand"></div></div><div class="css-1q5omjq"><div class="css-fcebb8"><div data-testid="atc-compact" class="css-y94ivq" style="width: 45px;"><button disabled="" type="button" class="chakra-button css-mudsm6" data-testid="atc-button"><svg stroke="currentColor" fill="currentColor" stroke-width="0" viewBox="0 0 24 24" focusable="false" class="chakra-icon css-1g3sp7a" data-testid="btn-icon" aria-hidden="true" height="1em" width="1em" xmlns="http://www.w3.org/2000/svg"><path d="M19 13h-6v6h-2v-6H5v-2h6V5h2v6h6v2z"></path></svg><span class="css-idkz9h">Add Classic to cart</span></button></div></div><div class="css-4saf4a"><p class="chakra-text css-py8788" data-testid="inventory-badge-text">Out of Stock</p></div></div></div></div></div><div class="css-0"><div class="css-f5i5wc"><div class="chakra-linkbox css-vhnn8v"><div data-testid="product-image" class="css-16dr4ly"><img alt="Canada Dry Ginger Ale, 6 Pack Mini-Cans 6x222.0 ml, $0.26/100ml" src="https://assets.shop.loblaws.ca/products/20354227001/b3/en/front/20354227001_front_a06_@2.png" srcset="https://assets.shop.loblaws.ca/products/20354227001/b3/en/front/20354227001_front_a06_@2.png 1x, https://assets.shop.loblaws.ca/products/20354227001/b3/en/front/20354227001_front_a06_@2.png 2x" loading="lazy" class="chakra-image css-oguq8l" aria-hidden="true"></div><div class="css-qoklea"><div class="css-12dchmx"></div><div data-testid="price-product-tile" class="css-8atqhb"><p class="chakra-text css-0"><span class="chakra-text css-o93gbd" data-testid="sale-price"><span class="css-idkz9h">$3.49</span>$3.49</span><span class="chakra-text css-623q5h" data-testid="was-price"><span class="css-idkz9h">$4.29</span>$4.29</span></p><p class="chakra-text css-1m5a6y8" data-testid="price-descriptor">SAVE $0.80</p></div><a href="/ginger-ale-6-pack-mini-cans/p/20354227001_C06?source=nspt" class="chakra-linkbox__overlay css-1hnz6hu"><div class="css-0"><p class="chakra-text css-1ecdp9w" data-testid="product-brand">Canada Dry</p><h3 class="chakra-heading css-6qrhwc" id="20354227001_C06" data-testid="product-title">Ginger Ale, 6 Pack Mini-Cans</h3><p class="chakra-text css-1yftjin" data-testid="product-package-size">6x222.0 ml, $0.26/100ml</p></div></a><div class="css-8keand"></div></div><div class="css-1q5omjq"><div class="css-fcebb8"><div data-testid="atc-compact" class="css-y94ivq" style="width: 45px;"><button type="button" class="chakra-button css-mudsm6" data-testid="atc-button"><svg stroke="currentColor" fill="currentColor" stroke-width="0" viewBox="0 0 24 24" focusable="false" class="chakra-icon css-1g3sp7a" data-testid="btn-icon" aria-hidden="true" height="1em" width="1em" xmlns="http://www.w3.org/2000/svg"><path d="M19 13h-6v6h-2v-6H5v-2h6V5h2v6h6v2z"></path></svg><span class="css-idkz9h">Add Ginger Ale, 6 Pack Mini-Cans to cart</span></button></div></div></div></div></div></div><div class="css-0"><div class="css-f5i5wc"><div class="chakra-linkbox css-vhnn8v"><div data-testid="product-image" class="css-16dr4ly"><img alt="Chubby Soft Drink Go Bananas 250 ml, $0.28/100ml" src="https://assets.shop.loblaws.ca/products/21567352/b3/en/front/21567352_front_a06_@2.png" srcset="https://assets.shop.loblaws.ca/products/21567352/b3/en/front/21567352_front_a06_@2.png 1x, https://assets.shop.loblaws.ca/products/21567352/b3/en/front/21567352_front_a06_@2.png 2x" loading="lazy" class="chakra-image css-oguq8l" aria-hidden="true"></div><div class="css-qoklea"><div class="css-12dchmx"></div><div data-testid="price-product-tile" class="css-8atqhb"><p class="chakra-text css-0"><span class="chakra-text css-o93gbd" data-testid="sale-price"><span class="css-idkz9h">$0.69</span>$0.69</span><span class="chakra-text css-623q5h" data-testid="was-price"><span class="css-idkz9h">$0.79</span>$0.79</span></p><p class="chakra-text css-1m5a6y8" data-testid="price-descriptor">SAVE $0.10</p></div><a href="/soft-drink-go-bananas/p/21567352_EA?source=nspt" class="chakra-linkbox__overlay css-1hnz6hu"><div class="css-0"><p class="chakra-text css-1ecdp9w" data-testid="product-brand">Chubby</p><h3 class="chakra-heading css-6qrhwc" id="21567352_EA" data-testid="product-title">Soft Drink Go Bananas</h3><p class="chakra-text css-1yftjin" data-testid="product-package-size">250 ml, $0.28/100ml</p></div></a><div class="css-8keand"></div></div><div class="css-1q5omjq"><div class="css-fcebb8"><div data-testid="atc-compact" class="css-y94ivq" style="width: 45px;"><button type="button" class="chakra-button css-mudsm6" data-testid="atc-button"><svg stroke="currentColor" fill="currentColor" stroke-width="0" viewBox="0 0 24 24" focusable="false" class="chakra-icon css-1g3sp7a" data-testid="btn-icon" aria-hidden="true" height="1em" width="1em" xmlns="http://www.w3.org/2000/svg"><path d="M19 13h-6v6h-2v-6H5v-2h6V5h2v6h6v2z"></path></svg><span class="css-idkz9h">Add Soft Drink Go Bananas to cart</span></button></div></div></div></div></div></div><div class="css-0"><div class="css-f5i5wc"><div class="chakra-linkbox css-vhnn8v"><div data-testid="product-image" class="css-16dr4ly"><img alt="Pepsi Diet Soda 24x355.0 ml, $0.13/100ml" src="https://assets.shop.loblaws.ca/products/20306687001/b3/en/front/20306687001_front_a06_@2.png" srcset="https://assets.shop.loblaws.ca/products/20306687001/b3/en/front/20306687001_front_a06_@2.png 1x, https://assets.shop.loblaws.ca/products/20306687001/b3/en/front/20306687001_front_a06_@2.png 2x" loading="lazy" class="chakra-image css-oguq8l" aria-hidden="true"></div><div class="css-qoklea"><div class="css-12dchmx"></div><div data-testid="price-product-tile" class="css-8atqhb"><p class="chakra-text css-0"><span class="chakra-text css-o93gbd" data-testid="sale-price"><span class="css-idkz9h">$11.49</span>$11.49</span><span class="chakra-text css-623q5h" data-testid="was-price"><span class="css-idkz9h">$13.49</span>$13.49</span></p><p class="chakra-text css-1m5a6y8" data-testid="price-descriptor">SAVE $2.00</p></div><a href="/diet-soda/p/20306687001_C24?source=nspt" class="chakra-linkbox__overlay css-1hnz6hu"><div class="css-0"><p class="chakra-text css-1ecdp9w" data-testid="product-brand">Pepsi</p><h3 class="chakra-heading css-6qrhwc" id="20306687001_C24" data-testid="product-title">Diet Soda</h3><p class="chakra-text css-1yftjin" data-testid="product-package-size">24x355.0 ml, $0.13/100ml</p></div></a><div class="css-8keand"></div></div><div class="css-1q5omjq"><div class="css-fcebb8"><div data-testid="atc-compact" class="css-y94ivq" style="width: 45px;"><button type="button" class="chakra-button css-mudsm6" data-testid="atc-button"><svg stroke="currentColor" fill="currentColor" stroke-width="0" viewBox="0 0 24 24" focusable="false" class="chakra-icon css-1g3sp7a" data-testid="btn-icon" aria-hidden="true" height="1em" width="1em" xmlns="http://www.w3.org/2000/svg"><path d="M19 13h-6v6h-2v-6H5v-2h6V5h2v6h6v2z"></path></svg><span class="css-idkz9h">Add Diet Soda to cart</span></button></div></div></div></div></div></div><div class="css-0"><div class="css-f5i5wc"><div class="chakra-linkbox css-vhnn8v"><div data-testid="product-image" class="css-16dr4ly"><img alt="Coca-Cola Soda  6x710.0 ml, $0.12/100ml" src="https://assets.shop.loblaws.ca/products/20313741002/b3/en/front/20313741002_front_a06_@2.png" srcset="https://assets.shop.loblaws.ca/products/20313741002/b3/en/front/20313741002_front_a06_@2.png 1x, https://assets.shop.loblaws.ca/products/20313741002/b3/en/front/20313741002_front_a06_@2.png 2x" loading="lazy" class="chakra-image css-oguq8l" aria-hidden="true"></div><div class="css-qoklea"><div class="css-12dchmx"></div><div data-testid="price-product-tile" class="css-8atqhb"><p class="chakra-text css-0"><span class="chakra-text css-pwnbcb" data-testid="regular-price"><span class="css-idkz9h">$4.99</span>$4.99</span></p></div><a href="/soda/p/20313741002_C06?source=nspt" class="chakra-linkbox__overlay css-1hnz6hu"><div class="css-0"><p class="chakra-text css-1ecdp9w" data-testid="product-brand">Coca-Cola</p><h3 class="chakra-heading css-6qrhwc" id="20313741002_C06" data-testid="product-title">Soda </h3><p class="chakra-text css-1yftjin" data-testid="product-package-size">6x710.0 ml, $0.12/100ml</p></div></a><div class="css-8keand"></div></div><div class="css-1q5omjq"><div class="css-fcebb8"><div data-testid="atc-compact" class="css-y94ivq" style="width: 45px;"><button type="button" class="chakra-button css-mudsm6" data-testid="atc-button"><svg stroke="currentColor" fill="currentColor" stroke-width="0" viewBox="0 0 24 24" focusable="false" class="chakra-icon css-1g3sp7a" data-testid="btn-icon" aria-hidden="true" height="1em" width="1em" xmlns="http://www.w3.org/2000/svg"><path d="M19 13h-6v6h-2v-6H5v-2h6V5h2v6h6v2z"></path></svg><span class="css-idkz9h">Add Soda  to cart</span></button></div></div></div></div></div></div><div class="css-0"><div class="css-f5i5wc"><div class="chakra-linkbox css-vhnn8v"><div data-testid="product-image" class="css-16dr4ly"><img alt="Dr Pepper Zero Sugar, 12-Pack 12x355.0 ml, $0.16/100ml" src="https://assets.shop.loblaws.ca/products/21519855/b3/en/front/21519855_front_a06_@2.png" srcset="https://assets.shop.loblaws.ca/products/21519855/b3/en/front/21519855_front_a06_@2.png 1x, https://assets.shop.loblaws.ca/products/21519855/b3/en/front/21519855_front_a06_@2.png 2x" loading="lazy" class="chakra-image css-oguq8l" aria-hidden="true"></div><div class="css-qoklea"><div class="css-12dchmx"></div><div data-testid="price-product-tile" class="css-8atqhb"><p class="chakra-text css-0"><span class="chakra-text css-pwnbcb" data-testid="regular-price"><span class="css-idkz9h">$6.99</span>$6.99</span></p></div><a href="/zero-sugar-12-pack/p/21519855_C12?source=nspt" class="chakra-linkbox__overlay css-1hnz6hu"><div class="css-0"><p class="chakra-text css-1ecdp9w" data-testid="product-brand">Dr Pepper</p><h3 class="chakra-heading css-6qrhwc" id="21519855_C12" data-testid="product-title">Zero Sugar, 12-Pack</h3><p class="chakra-text css-1yftjin" data-testid="product-package-size">12x355.0 ml, $0.16/100ml</p></div></a><div class="css-8keand"></div></div><div class="css-1q5omjq"><div class="css-fcebb8"><div data-testid="atc-compact" class="css-y94ivq" style="width: 45px;"><button type="button" class="chakra-button css-mudsm6" data-testid="atc-button"><svg stroke="currentColor" fill="currentColor" stroke-width="0" viewBox="0 0 24 24" focusable="false" class="chakra-icon css-1g3sp7a" data-testid="btn-icon" aria-hidden="true" height="1em" width="1em" xmlns="http://www.w3.org/2000/svg"><path d="M19 13h-6v6h-2v-6H5v-2h6V5h2v6h6v2z"></path></svg><span class="css-idkz9h">Add Zero Sugar, 12-Pack to cart</span></button></div></div></div></div></div></div><div class="css-0"><div class="css-f5i5wc"><div class="chakra-linkbox css-vhnn8v"><div data-testid="product-image" class="css-16dr4ly"><img alt="Coca-Cola Diet , Bottle 2 l, $0.13/100ml" src="https://assets.shop.loblaws.ca/products/20316026001/b3/en/front/20316026001_front_a06_@2.png" srcset="https://assets.shop.loblaws.ca/products/20316026001/b3/en/front/20316026001_front_a06_@2.png 1x, https://assets.shop.loblaws.ca/products/20316026001/b3/en/front/20316026001_front_a06_@2.png 2x" loading="lazy" class="chakra-image css-oguq8l" aria-hidden="true"></div><div class="css-qoklea"><div class="css-12dchmx"></div><div data-testid="price-product-tile" class="css-8atqhb"><p class="chakra-text css-0"><span class="chakra-text css-pwnbcb" data-testid="regular-price"><span class="css-idkz9h">$2.69</span>$2.69</span></p></div><a href="/diet-bottle/p/20316026001_EA?source=nspt" class="chakra-linkbox__overlay css-1hnz6hu"><div class="css-0"><p class="chakra-text css-1ecdp9w" data-testid="product-brand">Coca-Cola</p><h3 class="chakra-heading css-6qrhwc" id="20316026001_EA" data-testid="product-title">Diet , Bottle</h3><p class="chakra-text css-1yftjin" data-testid="product-package-size">2 l, $0.13/100ml</p></div></a><div class="css-8keand"></div></div><div class="css-1q5omjq"><div class="css-fcebb8"><div data-testid="atc-compact" class="css-y94ivq" style="width: 45px;"><button type="button" class="chakra-button css-mudsm6" data-testid="atc-button"><svg stroke="currentColor" fill="currentColor" stroke-width="0" viewBox="0 0 24 24" focusable="false" class="chakra-icon css-1g3sp7a" data-testid="btn-icon" aria-hidden="true" height="1em" width="1em" xmlns="http://www.w3.org/2000/svg"><path d="M19 13h-6v6h-2v-6H5v-2h6V5h2v6h6v2z"></path></svg><span class="css-idkz9h">Add Diet , Bottle to cart</span></button></div></div></div></div></div></div><div class="css-0"><div class="css-f5i5wc"><div class="chakra-linkbox css-vhnn8v"><div data-testid="product-image" class="css-16dr4ly"><img alt="Coca-Cola Zero Sugar      6x710.0 ml, $0.12/100ml" src="https://assets.shop.loblaws.ca/products/20313741001/b3/en/front/20313741001_front_a06_@2.png" srcset="https://assets.shop.loblaws.ca/products/20313741001/b3/en/front/20313741001_front_a06_@2.png 1x, https://assets.shop.loblaws.ca/products/20313741001/b3/en/front/20313741001_front_a06_@2.png 2x" loading="lazy" class="chakra-image css-oguq8l" aria-hidden="true"></div><div class="css-qoklea"><div class="css-12dchmx"></div><div data-testid="price-product-tile" class="css-8atqhb"><p class="chakra-text css-0"><span class="chakra-text css-pwnbcb" data-testid="regular-price"><span class="css-idkz9h">$4.99</span>$4.99</span></p></div><a href="/zero-sugar/p/20313741001_C06?source=nspt" class="chakra-linkbox__overlay css-1hnz6hu"><div class="css-0"><p class="chakra-text css-1ecdp9w" data-testid="product-brand">Coca-Cola</p><h3 class="chakra-heading css-6qrhwc" id="20313741001_C06" data-testid="product-title">Zero Sugar     </h3><p class="chakra-text css-1yftjin" data-testid="product-package-size">6x710.0 ml, $0.12/100ml</p></div></a><div class="css-8keand"></div></div><div class="css-1q5omjq"><div class="css-fcebb8"><div data-testid="atc-compact" class="css-y94ivq" style="width: 45px;"><button type="button" class="chakra-button css-mudsm6" data-testid="atc-button"><svg stroke="currentColor" fill="currentColor" stroke-width="0" viewBox="0 0 24 24" focusable="false" class="chakra-icon css-1g3sp7a" data-testid="btn-icon" aria-hidden="true" height="1em" width="1em" xmlns="http://www.w3.org/2000/svg"><path d="M19 13h-6v6h-2v-6H5v-2h6V5h2v6h6v2z"></path></svg><span class="css-idkz9h">Add Zero Sugar      to cart</span></button></div></div></div></div></div></div><div class="css-0"><div class="css-f5i5wc"><div class="chakra-linkbox css-vhnn8v"><div data-testid="product-image" class="css-16dr4ly"><img alt="Pepsi Diet Soda 12x355.0 ml, $0.16/100ml" src="https://assets.shop.loblaws.ca/products/20322361004/b3/en/front/20322361004_front_a06_@2.png" srcset="https://assets.shop.loblaws.ca/products/20322361004/b3/en/front/20322361004_front_a06_@2.png 1x, https://assets.shop.loblaws.ca/products/20322361004/b3/en/front/20322361004_front_a06_@2.png 2x" loading="lazy" class="chakra-image css-oguq8l" aria-hidden="true"></div><div class="css-qoklea"><div class="css-12dchmx"></div><div data-testid="price-product-tile" class="css-8atqhb"><p class="chakra-text css-0"><span class="chakra-text css-pwnbcb" data-testid="regular-price"><span class="css-idkz9h">$6.99</span>$6.99</span></p></div><a href="/diet-soda/p/20322361004_C12?source=nspt" class="chakra-linkbox__overlay css-1hnz6hu"><div class="css-0"><p class="chakra-text css-1ecdp9w" data-testid="product-brand">Pepsi</p><h3 class="chakra-heading css-6qrhwc" id="20322361004_C12" data-testid="product-title">Diet Soda</h3><p class="chakra-text css-1yftjin" data-testid="product-package-size">12x355.0 ml, $0.16/100ml</p></div></a><div class="css-8keand"></div></div><div class="css-1q5omjq"><div class="css-fcebb8"><div data-testid="atc-compact" class="css-y94ivq" style="width: 45px;"><button type="button" class="chakra-button css-mudsm6" data-testid="atc-button"><svg stroke="currentColor" fill="currentColor" stroke-width="0" viewBox="0 0 24 24" focusable="false" class="chakra-icon css-1g3sp7a" data-testid="btn-icon" aria-hidden="true" height="1em" width="1em" xmlns="http://www.w3.org/2000/svg"><path d="M19 13h-6v6h-2v-6H5v-2h6V5h2v6h6v2z"></path></svg><span class="css-idkz9h">Add Diet Soda to cart</span></button></div></div></div></div></div></div><div class="css-0"><div class="css-f5i5wc"><div class="chakra-linkbox css-vhnn8v"><div data-testid="product-image" class="css-16dr4ly"><img alt="President's Choice Low Sodium Club Soda 2 l, $0.06/100ml" src="https://assets.shop.loblaws.ca/products/20311645012/b3/en/front/20311645012_front_a06_@2.png" srcset="https://assets.shop.loblaws.ca/products/20311645012/b3/en/front/20311645012_front_a06_@2.png 1x, https://assets.shop.loblaws.ca/products/20311645012/b3/en/front/20311645012_front_a06_@2.png 2x" loading="lazy" class="chakra-image css-oguq8l" aria-hidden="true"></div><div class="css-qoklea"><div class="css-12dchmx"></div><div data-testid="price-product-tile" class="css-8atqhb"><p class="chakra-text css-0"><span class="chakra-text css-pwnbcb" data-testid="regular-price"><span class="css-idkz9h">$1.25</span>$1.25</span></p></div><a href="/low-sodium-club-soda/p/20311645012_EA?source=nspt" class="chakra-linkbox__overlay css-1hnz6hu"><div class="css-0"><p class="chakra-text css-1ecdp9w" data-testid="product-brand">President's Choice</p><h3 class="chakra-heading css-6qrhwc" id="20311645012_EA" data-testid="product-title">Low Sodium Club Soda</h3><p class="chakra-text css-1yftjin" data-testid="product-package-size">2 l, $0.06/100ml</p></div></a><div class="css-8keand"></div></div><div class="css-1q5omjq"><div class="css-fcebb8"><div data-testid="atc-compact" class="css-y94ivq" style="width: 45px;"><button type="button" class="chakra-button css-mudsm6" data-testid="atc-button"><svg stroke="currentColor" fill="currentColor" stroke-width="0" viewBox="0 0 24 24" focusable="false" class="chakra-icon css-1g3sp7a" data-testid="btn-icon" aria-hidden="true" height="1em" width="1em" xmlns="http://www.w3.org/2000/svg"><path d="M19 13h-6v6h-2v-6H5v-2h6V5h2v6h6v2z"></path></svg><span class="css-idkz9h">Add Low Sodium Club Soda to cart</span></button></div></div></div></div></div></div><div class="css-0"><div class="css-f5i5wc"><div class="chakra-linkbox css-vhnn8v"><div data-testid="product-image" class="css-16dr4ly"><img alt="Sprite Bottle 2 l, $0.13/100ml" src="https://assets.shop.loblaws.ca/products/20306914001/b3/en/front/20306914001_front_a06_@2.png" srcset="https://assets.shop.loblaws.ca/products/20306914001/b3/en/front/20306914001_front_a06_@2.png 1x, https://assets.shop.loblaws.ca/products/20306914001/b3/en/front/20306914001_front_a06_@2.png 2x" loading="lazy" class="chakra-image css-oguq8l" aria-hidden="true"></div><div class="css-qoklea"><div class="css-12dchmx"></div><div data-testid="price-product-tile" class="css-8atqhb"><p class="chakra-text css-0"><span class="chakra-text css-pwnbcb" data-testid="regular-price"><span class="css-idkz9h">$2.69</span>$2.69</span></p></div><a href="/bottle/p/20306914001_EA?source=nspt" class="chakra-linkbox__overlay css-1hnz6hu"><div class="css-0"><p class="chakra-text css-1ecdp9w" data-testid="product-brand">Sprite</p><h3 class="chakra-heading css-6qrhwc" id="20306914001_EA" data-testid="product-title">Bottle</h3><p class="chakra-text css-1yftjin" data-testid="product-package-size">2 l, $0.13/100ml</p></div></a><div class="css-8keand"></div></div><div class="css-1q5omjq"><div class="css-fcebb8"><div data-testid="atc-compact" class="css-y94ivq" style="width: 45px;"><button type="button" class="chakra-button css-mudsm6" data-testid="atc-button"><svg stroke="currentColor" fill="currentColor" stroke-width="0" viewBox="0 0 24 24" focusable="false" class="chakra-icon css-1g3sp7a" data-testid="btn-icon" aria-hidden="true" height="1em" width="1em" xmlns="http://www.w3.org/2000/svg"><path d="M19 13h-6v6h-2v-6H5v-2h6V5h2v6h6v2z"></path></svg><span class="css-idkz9h">Add Bottle to cart</span></button></div></div></div></div></div></div><div class="css-0"><div class="css-f5i5wc"><div class="chakra-linkbox css-vhnn8v"><div data-testid="product-image" class="css-16dr4ly"><img alt="Pepsi Soda       6x710.0 ml, $0.14/100ml" src="https://assets.shop.loblaws.ca/products/20310546002/b3/en/front/20310546002_front_a06_@2.png" srcset="https://assets.shop.loblaws.ca/products/20310546002/b3/en/front/20310546002_front_a06_@2.png 1x, https://assets.shop.loblaws.ca/products/20310546002/b3/en/front/20310546002_front_a06_@2.png 2x" loading="lazy" class="chakra-image css-oguq8l" aria-hidden="true"></div><div class="css-qoklea"><div class="css-12dchmx"></div><div data-testid="price-product-tile" class="css-8atqhb"><p class="chakra-text css-0"><span class="chakra-text css-pwnbcb" data-testid="regular-price"><span class="css-idkz9h">$5.99</span>$5.99</span></p></div><a href="/soda/p/20310546002_C06?source=nspt" class="chakra-linkbox__overlay css-1hnz6hu"><div class="css-0"><p class="chakra-text css-1ecdp9w" data-testid="product-brand">Pepsi</p><h3 class="chakra-heading css-6qrhwc" id="20310546002_C06" data-testid="product-title">Soda      </h3><p class="chakra-text css-1yftjin" data-testid="product-package-size">6x710.0 ml, $0.14/100ml</p></div></a><div class="css-8keand"></div></div><div class="css-1q5omjq"><div class="css-fcebb8"><div data-testid="atc-compact" class="css-y94ivq" style="width: 45px;"><button type="button" class="chakra-button css-mudsm6" data-testid="atc-button"><svg stroke="currentColor" fill="currentColor" stroke-width="0" viewBox="0 0 24 24" focusable="false" class="chakra-icon css-1g3sp7a" data-testid="btn-icon" aria-hidden="true" height="1em" width="1em" xmlns="http://www.w3.org/2000/svg"><path d="M19 13h-6v6h-2v-6H5v-2h6V5h2v6h6v2z"></path></svg><span class="css-idkz9h">Add Soda       to cart</span></button></div></div></div></div></div></div><div class="css-0"><div class="css-f5i5wc"><div class="chakra-linkbox css-vhnn8v"><div data-testid="product-image" class="css-16dr4ly"><img alt="A&amp;W Root Beer  12x355.0 ml, $0.18/100ml" src="https://assets.shop.loblaws.ca/products/20316407001/b3/en/front/20316407001_front_a06_@2.png" srcset="https://assets.shop.loblaws.ca/products/20316407001/b3/en/front/20316407001_front_a06_@2.png 1x, https://assets.shop.loblaws.ca/products/20316407001/b3/en/front/20316407001_front_a06_@2.png 2x" loading="lazy" class="chakra-image css-oguq8l" aria-hidden="true"></div><div class="css-qoklea"><div class="css-12dchmx"></div><div data-testid="price-product-tile" class="css-8atqhb"><p class="chakra-text css-0"><span class="chakra-text css-pwnbcb" data-testid="regular-price"><span class="css-idkz9h">$7.49</span>$7.49</span></p></div><a href="/root-beer/p/20316407001_C12?source=nspt" class="chakra-linkbox__overlay css-1hnz6hu"><div class="css-0"><p class="chakra-text css-1ecdp9w" data-testid="product-brand">A&amp;W</p><h3 class="chakra-heading css-6qrhwc" id="20316407001_C12" data-testid="product-title">Root Beer </h3><p class="chakra-text css-1yftjin" data-testid="product-package-size">12x355.0 ml, $0.18/100ml</p></div></a><div class="css-8keand"></div></div><div class="css-1q5omjq"><div class="css-fcebb8"><div data-testid="atc-compact" class="css-y94ivq" style="width: 45px;"><button type="button" class="chakra-button css-mudsm6" data-testid="atc-button"><svg stroke="currentColor" fill="currentColor" stroke-width="0" viewBox="0 0 24 24" focusable="false" class="chakra-icon css-1g3sp7a" data-testid="btn-icon" aria-hidden="true" height="1em" width="1em" xmlns="http://www.w3.org/2000/svg"><path d="M19 13h-6v6h-2v-6H5v-2h6V5h2v6h6v2z"></path></svg><span class="css-idkz9h">Add Root Beer  to cart</span></button></div></div></div></div></div></div><div class="css-0"><div class="css-f5i5wc"><div class="chakra-linkbox css-vhnn8v"><div data-testid="product-image" class="css-16dr4ly"><img alt="Sprite Soda  12x355.0 ml, $0.18/100ml" src="https://assets.shop.loblaws.ca/products/20319214002/b3/en/front/20319214002_front_a06_@2.png" srcset="https://assets.shop.loblaws.ca/products/20319214002/b3/en/front/20319214002_front_a06_@2.png 1x, https://assets.shop.loblaws.ca/products/20319214002/b3/en/front/20319214002_front_a06_@2.png 2x" loading="lazy" class="chakra-image css-oguq8l" aria-hidden="true"></div><div class="css-qoklea"><div class="css-12dchmx"></div><div data-testid="price-product-tile" class="css-8atqhb"><p class="chakra-text css-0"><span class="chakra-text css-pwnbcb" data-testid="regular-price"><span class="css-idkz9h">$7.49</span>$7.49</span></p></div><a href="/soda/p/20319214002_C12?source=nspt" class="chakra-linkbox__overlay css-1hnz6hu"><div class="css-0"><p class="chakra-text css-1ecdp9w" data-testid="product-brand">Sprite</p><h3 class="chakra-heading css-6qrhwc" id="20319214002_C12" data-testid="product-title">Soda </h3><p class="chakra-text css-1yftjin" data-testid="product-package-size">12x355.0 ml, $0.18/100ml</p></div></a><div class="css-8keand"></div></div><div class="css-1q5omjq"><div class="css-fcebb8"><div data-testid="atc-compact" class="css-y94ivq" style="width: 45px;"><button type="button" class="chakra-button css-mudsm6" data-testid="atc-button"><svg stroke="currentColor" fill="currentColor" stroke-width="0" viewBox="0 0 24 24" focusable="false" class="chakra-icon css-1g3sp7a" data-testid="btn-icon" aria-hidden="true" height="1em" width="1em" xmlns="http://www.w3.org/2000/svg"><path d="M19 13h-6v6h-2v-6H5v-2h6V5h2v6h6v2z"></path></svg><span class="css-idkz9h">Add Soda  to cart</span></button></div></div></div></div></div></div><div class="css-0"><div class="css-f5i5wc"><div class="chakra-linkbox css-vhnn8v"><div data-testid="product-image" class="css-16dr4ly"><img alt="Pepsi Soda       6x222.0 ml, $0.26/100ml" src="https://assets.shop.loblaws.ca/products/20857560004/b3/en/front/20857560004_front_a06_@2.png" srcset="https://assets.shop.loblaws.ca/products/20857560004/b3/en/front/20857560004_front_a06_@2.png 1x, https://assets.shop.loblaws.ca/products/20857560004/b3/en/front/20857560004_front_a06_@2.png 2x" loading="lazy" class="chakra-image css-oguq8l" aria-hidden="true"></div><div class="css-qoklea"><div class="css-12dchmx"></div><div data-testid="price-product-tile" class="css-8atqhb"><p class="chakra-text css-0"><span class="chakra-text css-o93gbd" data-testid="sale-price"><span class="css-idkz9h">$3.49</span>$3.49</span><span class="chakra-text css-623q5h" data-testid="was-price"><span class="css-idkz9h">$3.99</span>$3.99</span></p><p class="chakra-text css-1m5a6y8" data-testid="price-descriptor">SAVE $0.50</p></div><a href="/soda/p/20857560004_C06?source=nspt" class="chakra-linkbox__overlay css-1hnz6hu"><div class="css-0"><p class="chakra-text css-1ecdp9w" data-testid="product-brand">Pepsi</p><h3 class="chakra-heading css-6qrhwc" id="20857560004_C06" data-testid="product-title">Soda      </h3><p class="chakra-text css-1yftjin" data-testid="product-package-size">6x222.0 ml, $0.26/100ml</p></div></a><div class="css-8keand"></div></div><div class="css-1q5omjq"><div class="css-fcebb8"><div data-testid="atc-compact" class="css-y94ivq" style="width: 45px;"><button type="button" class="chakra-button css-mudsm6" data-testid="atc-button"><svg stroke="currentColor" fill="currentColor" stroke-width="0" viewBox="0 0 24 24" focusable="false" class="chakra-icon css-1g3sp7a" data-testid="btn-icon" aria-hidden="true" height="1em" width="1em" xmlns="http://www.w3.org/2000/svg"><path d="M19 13h-6v6h-2v-6H5v-2h6V5h2v6h6v2z"></path></svg><span class="css-idkz9h">Add Soda       to cart</span></button></div></div></div></div></div></div><div class="css-0"><div class="css-f5i5wc"><div class="chakra-linkbox css-vhnn8v"><div data-testid="product-image" class="css-16dr4ly"><img alt="Pepsi Diet Soda 2 l, $0.13/100ml" src="https://assets.shop.loblaws.ca/products/20296926003/b3/en/front/20296926003_front_a06_@2.png" srcset="https://assets.shop.loblaws.ca/products/20296926003/b3/en/front/20296926003_front_a06_@2.png 1x, https://assets.shop.loblaws.ca/products/20296926003/b3/en/front/20296926003_front_a06_@2.png 2x" loading="lazy" class="chakra-image css-oguq8l" aria-hidden="true"></div><div class="css-qoklea"><div class="css-12dchmx"></div><div data-testid="price-product-tile" class="css-8atqhb"><p class="chakra-text css-0"><span class="chakra-text css-pwnbcb" data-testid="regular-price"><span class="css-idkz9h">$2.69</span>$2.69</span></p></div><a href="/diet-soda/p/20296926003_EA?source=nspt" class="chakra-linkbox__overlay css-1hnz6hu"><div class="css-0"><p class="chakra-text css-1ecdp9w" data-testid="product-brand">Pepsi</p><h3 class="chakra-heading css-6qrhwc" id="20296926003_EA" data-testid="product-title">Diet Soda</h3><p class="chakra-text css-1yftjin" data-testid="product-package-size">2 l, $0.13/100ml</p></div></a><div class="css-8keand"></div></div><div class="css-1q5omjq"><div class="css-fcebb8"><div data-testid="atc-compact" class="css-y94ivq" style="width: 45px;"><button type="button" class="chakra-button css-mudsm6" data-testid="atc-button"><svg stroke="currentColor" fill="currentColor" stroke-width="0" viewBox="0 0 24 24" focusable="false" class="chakra-icon css-1g3sp7a" data-testid="btn-icon" aria-hidden="true" height="1em" width="1em" xmlns="http://www.w3.org/2000/svg"><path d="M19 13h-6v6h-2v-6H5v-2h6V5h2v6h6v2z"></path></svg><span class="css-idkz9h">Add Diet Soda to cart</span></button></div></div></div></div></div></div><div class="css-0"><div class="css-f5i5wc"><div class="chakra-linkbox css-vhnn8v"><div data-testid="product-image" class="css-16dr4ly"><img alt="President's Choice Ginger Ale 2 l, $0.06/100ml" src="https://assets.shop.loblaws.ca/products/20311645004/b3/en/front/20311645004_front_a06_@2.png" srcset="https://assets.shop.loblaws.ca/products/20311645004/b3/en/front/20311645004_front_a06_@2.png 1x, https://assets.shop.loblaws.ca/products/20311645004/b3/en/front/20311645004_front_a06_@2.png 2x" loading="lazy" class="chakra-image css-oguq8l" aria-hidden="true"></div><div class="css-qoklea"><div class="css-12dchmx"></div><div data-testid="price-product-tile" class="css-8atqhb"><p class="chakra-text css-0"><span class="chakra-text css-pwnbcb" data-testid="regular-price"><span class="css-idkz9h">$1.25</span>$1.25</span></p></div><a href="/ginger-ale/p/20311645004_EA?source=nspt" class="chakra-linkbox__overlay css-1hnz6hu"><div class="css-0"><p class="chakra-text css-1ecdp9w" data-testid="product-brand">President's Choice</p><h3 class="chakra-heading css-6qrhwc" id="20311645004_EA" data-testid="product-title">Ginger Ale</h3><p class="chakra-text css-1yftjin" data-testid="product-package-size">2 l, $0.06/100ml</p></div></a><div class="css-8keand"></div></div><div class="css-1q5omjq"><div class="css-fcebb8"><div data-testid="atc-compact" class="css-y94ivq" style="width: 45px;"><button type="button" class="chakra-button css-mudsm6" data-testid="atc-button"><svg stroke="currentColor" fill="currentColor" stroke-width="0" viewBox="0 0 24 24" focusable="false" class="chakra-icon css-1g3sp7a" data-testid="btn-icon" aria-hidden="true" height="1em" width="1em" xmlns="http://www.w3.org/2000/svg"><path d="M19 13h-6v6h-2v-6H5v-2h6V5h2v6h6v2z"></path></svg><span class="css-idkz9h">Add Ginger Ale to cart</span></button></div></div></div></div></div></div><div class="css-0"><div class="css-f5i5wc"><div class="chakra-linkbox css-vhnn8v"><div data-testid="product-image" class="css-16dr4ly"><img alt="Crush Tray Variety Pack Soda  24x355.0 ml, $0.13/100ml" src="https://assets.shop.loblaws.ca/products/20375155/b3/en/front/20375155_front_a06_@2.png" srcset="https://assets.shop.loblaws.ca/products/20375155/b3/en/front/20375155_front_a06_@2.png 1x, https://assets.shop.loblaws.ca/products/20375155/b3/en/front/20375155_front_a06_@2.png 2x" loading="lazy" class="chakra-image css-oguq8l" aria-hidden="true"></div><div class="css-qoklea"><div class="css-12dchmx"></div><div data-testid="price-product-tile" class="css-8atqhb"><p class="chakra-text css-0"><span class="chakra-text css-o93gbd" data-testid="sale-price"><span class="css-idkz9h">$11.49</span>$11.49</span><span class="chakra-text css-623q5h" data-testid="was-price"><span class="css-idkz9h">$13.49</span>$13.49</span></p><p class="chakra-text css-1m5a6y8" data-testid="price-descriptor">SAVE $2.00</p></div><a href="/tray-variety-pack-soda/p/20375155_C24?source=nspt" class="chakra-linkbox__overlay css-1hnz6hu"><div class="css-0"><p class="chakra-text css-1ecdp9w" data-testid="product-brand">Crush</p><h3 class="chakra-heading css-6qrhwc" id="20375155_C24" data-testid="product-title">Tray Variety Pack Soda </h3><p class="chakra-text css-1yftjin" data-testid="product-package-size">24x355.0 ml, $0.13/100ml</p></div></a><div class="css-8keand"></div></div><div class="css-1q5omjq"><div class="css-fcebb8"><div data-testid="atc-compact" class="css-y94ivq" style="width: 45px;"><button type="button" class="chakra-button css-mudsm6" data-testid="atc-button"><svg stroke="currentColor" fill="currentColor" stroke-width="0" viewBox="0 0 24 24" focusable="false" class="chakra-icon css-1g3sp7a" data-testid="btn-icon" aria-hidden="true" height="1em" width="1em" xmlns="http://www.w3.org/2000/svg"><path d="M19 13h-6v6h-2v-6H5v-2h6V5h2v6h6v2z"></path></svg><span class="css-idkz9h">Add Tray Variety Pack Soda  to cart</span></button></div></div><div class="css-4saf4a"><p class="chakra-text css-py8788" data-testid="inventory-badge-text">Low Stock</p></div></div></div></div></div><div class="css-0"><div class="css-f5i5wc"><div class="chakra-linkbox css-vhnn8v"><div data-testid="product-image" class="css-16dr4ly"><img alt="President's Choice Cola 2 l, $0.06/100ml" src="https://assets.shop.loblaws.ca/products/20311645003/b3/en/front/20311645003_front_a06_@2.png" srcset="https://assets.shop.loblaws.ca/products/20311645003/b3/en/front/20311645003_front_a06_@2.png 1x, https://assets.shop.loblaws.ca/products/20311645003/b3/en/front/20311645003_front_a06_@2.png 2x" loading="lazy" class="chakra-image css-oguq8l" aria-hidden="true"></div><div class="css-qoklea"><div class="css-12dchmx"></div><div data-testid="price-product-tile" class="css-8atqhb"><p class="chakra-text css-0"><span class="chakra-text css-pwnbcb" data-testid="regular-price"><span class="css-idkz9h">$1.25</span>$1.25</span></p></div><a href="/cola/p/20311645003_EA?source=nspt" class="chakra-linkbox__overlay css-1hnz6hu"><div class="css-0"><p class="chakra-text css-1ecdp9w" data-testid="product-brand">President's Choice</p><h3 class="chakra-heading css-6qrhwc" id="20311645003_EA" data-testid="product-title">Cola</h3><p class="chakra-text css-1yftjin" data-testid="product-package-size">2 l, $0.06/100ml</p></div></a><div class="css-8keand"></div></div><div class="css-1q5omjq"><div class="css-fcebb8"><div data-testid="atc-compact" class="css-y94ivq" style="width: 45px;"><button type="button" class="chakra-button css-mudsm6" data-testid="atc-button"><svg stroke="currentColor" fill="currentColor" stroke-width="0" viewBox="0 0 24 24" focusable="false" class="chakra-icon css-1g3sp7a" data-testid="btn-icon" aria-hidden="true" height="1em" width="1em" xmlns="http://www.w3.org/2000/svg"><path d="M19 13h-6v6h-2v-6H5v-2h6V5h2v6h6v2z"></path></svg><span class="css-idkz9h">Add Cola to cart</span></button></div></div></div></div></div></div><div class="css-0"><div class="css-f5i5wc"><div class="chakra-linkbox css-vhnn8v"><div data-testid="product-image" class="css-16dr4ly"><img alt="President's Choice Diet Ginger Ale 12x355.0 ml, $0.14/100ml" src="https://assets.shop.loblaws.ca/products/20218887038/b3/en/front/20218887038_front_a06_@2.png" srcset="https://assets.shop.loblaws.ca/products/20218887038/b3/en/front/20218887038_front_a06_@2.png 1x, https://assets.shop.loblaws.ca/products/20218887038/b3/en/front/20218887038_front_a06_@2.png 2x" loading="lazy" class="chakra-image css-oguq8l" aria-hidden="true"></div><div class="css-qoklea"><div class="css-12dchmx"></div><div data-testid="price-product-tile" class="css-8atqhb"><p class="chakra-text css-0"><span class="chakra-text css-pwnbcb" data-testid="regular-price"><span class="css-idkz9h">$5.99</span>$5.99</span></p></div><a href="/diet-ginger-ale/p/20218887038_C12?source=nspt" class="chakra-linkbox__overlay css-1hnz6hu"><div class="css-0"><p class="chakra-text css-1ecdp9w" data-testid="product-brand">President's Choice</p><h3 class="chakra-heading css-6qrhwc" id="20218887038_C12" data-testid="product-title">Diet Ginger Ale</h3><p class="chakra-text css-1yftjin" data-testid="product-package-size">12x355.0 ml, $0.14/100ml</p></div></a><div class="css-8keand"></div></div><div class="css-1q5omjq"><div class="css-fcebb8"><div data-testid="atc-compact" class="css-y94ivq" style="width: 45px;"><button type="button" class="chakra-button css-mudsm6" data-testid="atc-button"><svg stroke="currentColor" fill="currentColor" stroke-width="0" viewBox="0 0 24 24" focusable="false" class="chakra-icon css-1g3sp7a" data-testid="btn-icon" aria-hidden="true" height="1em" width="1em" xmlns="http://www.w3.org/2000/svg"><path d="M19 13h-6v6h-2v-6H5v-2h6V5h2v6h6v2z"></path></svg><span class="css-idkz9h">Add Diet Ginger Ale to cart</span></button></div></div></div></div></div></div><div class="css-0"><div class="css-f5i5wc"><div class="chakra-linkbox css-vhnn8v"><div data-testid="product-image" class="css-16dr4ly"><img alt="Pepsi Diet Soda 6x710.0 ml, $0.14/100ml" src="https://assets.shop.loblaws.ca/products/20310546004/b3/en/front/20310546004_front_a06_@2.png" srcset="https://assets.shop.loblaws.ca/products/20310546004/b3/en/front/20310546004_front_a06_@2.png 1x, https://assets.shop.loblaws.ca/products/20310546004/b3/en/front/20310546004_front_a06_@2.png 2x" loading="lazy" class="chakra-image css-oguq8l" aria-hidden="true"></div><div class="css-qoklea"><div class="css-12dchmx"></div><div data-testid="price-product-tile" class="css-8atqhb"><p class="chakra-text css-0"><span class="chakra-text css-pwnbcb" data-testid="regular-price"><span class="css-idkz9h">$5.99</span>$5.99</span></p></div><a href="/diet-soda/p/20310546004_C06?source=nspt" class="chakra-linkbox__overlay css-1hnz6hu"><div class="css-0"><p class="chakra-text css-1ecdp9w" data-testid="product-brand">Pepsi</p><h3 class="chakra-heading css-6qrhwc" id="20310546004_C06" data-testid="product-title">Diet Soda</h3><p class="chakra-text css-1yftjin" data-testid="product-package-size">6x710.0 ml, $0.14/100ml</p></div></a><div class="css-8keand"></div></div><div class="css-1q5omjq"><div class="css-fcebb8"><div data-testid="atc-compact" class="css-y94ivq" style="width: 45px;"><button type="button" class="chakra-button css-mudsm6" data-testid="atc-button"><svg stroke="currentColor" fill="currentColor" stroke-width="0" viewBox="0 0 24 24" focusable="false" class="chakra-icon css-1g3sp7a" data-testid="btn-icon" aria-hidden="true" height="1em" width="1em" xmlns="http://www.w3.org/2000/svg"><path d="M19 13h-6v6h-2v-6H5v-2h6V5h2v6h6v2z"></path></svg><span class="css-idkz9h">Add Diet Soda to cart</span></button></div></div></div></div></div></div><div class="css-0"><div class="css-f5i5wc"><div class="chakra-linkbox css-vhnn8v"><div data-testid="product-image" class="css-16dr4ly"><img alt="Coca-Cola Classic 500 ml Bottle 500 ml, $0.50/100ml" src="https://assets.shop.loblaws.ca/products/20827293/b3/en/front/20827293_front_a06_@2.png" srcset="https://assets.shop.loblaws.ca/products/20827293/b3/en/front/20827293_front_a06_@2.png 1x, https://assets.shop.loblaws.ca/products/20827293/b3/en/front/20827293_front_a06_@2.png 2x" loading="lazy" class="chakra-image css-oguq8l" aria-hidden="true"></div><div class="css-qoklea"><div class="css-12dchmx"></div><div data-testid="price-product-tile" class="css-8atqhb"><p class="chakra-text css-0"><span class="chakra-text css-pwnbcb" data-testid="regular-price"><span class="css-idkz9h">$2.50</span>$2.50</span></p></div><a href="/classic-500-ml-bottle/p/20827293_EA?source=nspt" class="chakra-linkbox__overlay css-1hnz6hu"><div class="css-0"><p class="chakra-text css-1ecdp9w" data-testid="product-brand">Coca-Cola</p><h3 class="chakra-heading css-6qrhwc" id="20827293_EA" data-testid="product-title">Classic 500 ml Bottle</h3><p class="chakra-text css-1yftjin" data-testid="product-package-size">500 ml, $0.50/100ml</p></div></a><div class="css-8keand"></div></div><div class="css-1q5omjq"><div class="css-fcebb8"><div data-testid="atc-compact" class="css-y94ivq" style="width: 45px;"><button type="button" class="chakra-button css-mudsm6" data-testid="atc-button"><svg stroke="currentColor" fill="currentColor" stroke-width="0" viewBox="0 0 24 24" focusable="false" class="chakra-icon css-1g3sp7a" data-testid="btn-icon" aria-hidden="true" height="1em" width="1em" xmlns="http://www.w3.org/2000/svg"><path d="M19 13h-6v6h-2v-6H5v-2h6V5h2v6h6v2z"></path></svg><span class="css-idkz9h">Add Classic 500 ml Bottle to cart</span></button></div></div></div></div></div></div><div class="css-0"><div class="css-f5i5wc"><div class="chakra-linkbox css-vhnn8v"><div data-testid="product-image" class="css-16dr4ly"><img alt="Canada Dry ZERO Sugar Ginger Ale, 12-Pack 12x355.0 ml, $0.18/100ml" src="https://assets.shop.loblaws.ca/products/21518539/b3/en/front/21518539_front_a06_@2.png" srcset="https://assets.shop.loblaws.ca/products/21518539/b3/en/front/21518539_front_a06_@2.png 1x, https://assets.shop.loblaws.ca/products/21518539/b3/en/front/21518539_front_a06_@2.png 2x" loading="lazy" class="chakra-image css-oguq8l" aria-hidden="true"></div><div class="css-qoklea"><div class="css-12dchmx"></div><div data-testid="price-product-tile" class="css-8atqhb"><p class="chakra-text css-0"><span class="chakra-text css-pwnbcb" data-testid="regular-price"><span class="css-idkz9h">$7.49</span>$7.49</span></p></div><a href="/zero-sugar-ginger-ale-12-pack/p/21518539_C12?source=nspt" class="chakra-linkbox__overlay css-1hnz6hu"><div class="css-0"><p class="chakra-text css-1ecdp9w" data-testid="product-brand">Canada Dry</p><h3 class="chakra-heading css-6qrhwc" id="21518539_C12" data-testid="product-title">ZERO Sugar Ginger Ale, 12-Pack</h3><p class="chakra-text css-1yftjin" data-testid="product-package-size">12x355.0 ml, $0.18/100ml</p></div></a><div class="css-8keand"></div></div><div class="css-1q5omjq"><div class="css-fcebb8"><div data-testid="atc-compact" class="css-y94ivq" style="width: 45px;"><button type="button" class="chakra-button css-mudsm6" data-testid="atc-button"><svg stroke="currentColor" fill="currentColor" stroke-width="0" viewBox="0 0 24 24" focusable="false" class="chakra-icon css-1g3sp7a" data-testid="btn-icon" aria-hidden="true" height="1em" width="1em" xmlns="http://www.w3.org/2000/svg"><path d="M19 13h-6v6h-2v-6H5v-2h6V5h2v6h6v2z"></path></svg><span class="css-idkz9h">Add ZERO Sugar Ginger Ale, 12-Pack to cart</span></button></div></div></div></div></div></div><div class="css-0"><div class="css-f5i5wc"><div class="chakra-linkbox css-vhnn8v"><div data-testid="product-image" class="css-16dr4ly"><img alt="7Up Zero Soda 12x355.0 ml, $0.16/100ml" src="https://assets.shop.loblaws.ca/products/20325377002/b3/en/front/20325377002_front_a06_@2.png" srcset="https://assets.shop.loblaws.ca/products/20325377002/b3/en/front/20325377002_front_a06_@2.png 1x, https://assets.shop.loblaws.ca/products/20325377002/b3/en/front/20325377002_front_a06_@2.png 2x" loading="lazy" class="chakra-image css-oguq8l" aria-hidden="true"></div><div class="css-qoklea"><div class="css-12dchmx"></div><div data-testid="price-product-tile" class="css-8atqhb"><p class="chakra-text css-0"><span class="chakra-text css-pwnbcb" data-testid="regular-price"><span class="css-idkz9h">$6.99</span>$6.99</span></p></div><a href="/zero-soda/p/20325377002_C12?source=nspt" class="chakra-linkbox__overlay css-1hnz6hu"><div class="css-0"><p class="chakra-text css-1ecdp9w" data-testid="product-brand">7Up</p><h3 class="chakra-heading css-6qrhwc" id="20325377002_C12" data-testid="product-title">Zero Soda</h3><p class="chakra-text css-1yftjin" data-testid="product-package-size">12x355.0 ml, $0.16/100ml</p></div></a><div class="css-8keand"></div></div><div class="css-1q5omjq"><div class="css-fcebb8"><div data-testid="atc-compact" class="css-y94ivq" style="width: 45px;"><button type="button" class="chakra-button css-mudsm6" data-testid="atc-button"><svg stroke="currentColor" fill="currentColor" stroke-width="0" viewBox="0 0 24 24" focusable="false" class="chakra-icon css-1g3sp7a" data-testid="btn-icon" aria-hidden="true" height="1em" width="1em" xmlns="http://www.w3.org/2000/svg"><path d="M19 13h-6v6h-2v-6H5v-2h6V5h2v6h6v2z"></path></svg><span class="css-idkz9h">Add Zero Soda to cart</span></button></div></div></div></div></div></div><div class="css-0"><div class="css-f5i5wc"><div class="chakra-linkbox css-vhnn8v"><div data-testid="product-image" class="css-16dr4ly"><img alt="Coca-Cola Zero       6x222.0 ml, $0.26/100ml" src="https://assets.shop.loblaws.ca/products/20354288001/b3/en/front/20354288001_front_a06_@2.png" srcset="https://assets.shop.loblaws.ca/products/20354288001/b3/en/front/20354288001_front_a06_@2.png 1x, https://assets.shop.loblaws.ca/products/20354288001/b3/en/front/20354288001_front_a06_@2.png 2x" loading="lazy" class="chakra-image css-oguq8l" aria-hidden="true"></div><div class="css-qoklea"><div class="css-12dchmx"></div><div data-testid="price-product-tile" class="css-8atqhb"><p class="chakra-text css-0"><span class="chakra-text css-o93gbd" data-testid="sale-price"><span class="css-idkz9h">$3.49</span>$3.49</span><span class="chakra-text css-623q5h" data-testid="was-price"><span class="css-idkz9h">$4.29</span>$4.29</span></p><p class="chakra-text css-1m5a6y8" data-testid="price-descriptor">SAVE $0.80</p></div><a href="/zero/p/20354288001_C06?source=nspt" class="chakra-linkbox__overlay css-1hnz6hu"><div class="css-0"><p class="chakra-text css-1ecdp9w" data-testid="product-brand">Coca-Cola</p><h3 class="chakra-heading css-6qrhwc" id="20354288001_C06" data-testid="product-title">Zero      </h3><p class="chakra-text css-1yftjin" data-testid="product-package-size">6x222.0 ml, $0.26/100ml</p></div></a><div class="css-8keand"></div></div><div class="css-1q5omjq"><div class="css-fcebb8"><div data-testid="atc-compact" class="css-y94ivq" style="width: 45px;"><button type="button" class="chakra-button css-mudsm6" data-testid="atc-button"><svg stroke="currentColor" fill="currentColor" stroke-width="0" viewBox="0 0 24 24" focusable="false" class="chakra-icon css-1g3sp7a" data-testid="btn-icon" aria-hidden="true" height="1em" width="1em" xmlns="http://www.w3.org/2000/svg"><path d="M19 13h-6v6h-2v-6H5v-2h6V5h2v6h6v2z"></path></svg><span class="css-idkz9h">Add Zero       to cart</span></button></div></div><div class="css-4saf4a"><p class="chakra-text css-py8788" data-testid="inventory-badge-text">Low Stock</p></div></div></div></div></div><div class="css-0"><div class="css-f5i5wc"><div class="chakra-linkbox css-vhnn8v"><div data-testid="product-image" class="css-16dr4ly"><img alt="Fresca Soda  12x355.0 ml, $0.18/100ml" src="https://assets.shop.loblaws.ca/products/20316417001/b3/en/front/20316417001_front_a06_@2.png" srcset="https://assets.shop.loblaws.ca/products/20316417001/b3/en/front/20316417001_front_a06_@2.png 1x, https://assets.shop.loblaws.ca/products/20316417001/b3/en/front/20316417001_front_a06_@2.png 2x" loading="lazy" class="chakra-image css-oguq8l" aria-hidden="true"></div><div class="css-qoklea"><div class="css-12dchmx"></div><div data-testid="price-product-tile" class="css-8atqhb"><p class="chakra-text css-0"><span class="chakra-text css-pwnbcb" data-testid="regular-price"><span class="css-idkz9h">$7.49</span>$7.49</span></p></div><a href="/soda/p/20316417001_C12?source=nspt" class="chakra-linkbox__overlay css-1hnz6hu"><div class="css-0"><p class="chakra-text css-1ecdp9w" data-testid="product-brand">Fresca</p><h3 class="chakra-heading css-6qrhwc" id="20316417001_C12" data-testid="product-title">Soda </h3><p class="chakra-text css-1yftjin" data-testid="product-package-size">12x355.0 ml, $0.18/100ml</p></div></a><div class="css-8keand"></div></div><div class="css-1q5omjq"><div class="css-fcebb8"><div data-testid="atc-compact" class="css-y94ivq" style="width: 45px;"><button type="button" class="chakra-button css-mudsm6" data-testid="atc-button"><svg stroke="currentColor" fill="currentColor" stroke-width="0" viewBox="0 0 24 24" focusable="false" class="chakra-icon css-1g3sp7a" data-testid="btn-icon" aria-hidden="true" height="1em" width="1em" xmlns="http://www.w3.org/2000/svg"><path d="M19 13h-6v6h-2v-6H5v-2h6V5h2v6h6v2z"></path></svg><span class="css-idkz9h">Add Soda  to cart</span></button></div></div></div></div></div></div><div class="css-0"><div class="css-f5i5wc"><div class="chakra-linkbox css-vhnn8v"><div data-testid="product-image" class="css-16dr4ly"><img alt="Canada Dry Ginger Ale, 6 Pack 6x710.0 ml, $0.12/100ml" src="https://assets.shop.loblaws.ca/products/20304419001/b3/en/front/20304419001_front_a06_@2.png" srcset="https://assets.shop.loblaws.ca/products/20304419001/b3/en/front/20304419001_front_a06_@2.png 1x, https://assets.shop.loblaws.ca/products/20304419001/b3/en/front/20304419001_front_a06_@2.png 2x" loading="lazy" class="chakra-image css-oguq8l" aria-hidden="true"></div><div class="css-qoklea"><div class="css-12dchmx"></div><div data-testid="price-product-tile" class="css-8atqhb"><p class="chakra-text css-0"><span class="chakra-text css-pwnbcb" data-testid="regular-price"><span class="css-idkz9h">$4.99</span>$4.99</span></p></div><a href="/ginger-ale-6-pack/p/20304419001_C06?source=nspt" class="chakra-linkbox__overlay css-1hnz6hu"><div class="css-0"><p class="chakra-text css-1ecdp9w" data-testid="product-brand">Canada Dry</p><h3 class="chakra-heading css-6qrhwc" id="20304419001_C06" data-testid="product-title">Ginger Ale, 6 Pack</h3><p class="chakra-text css-1yftjin" data-testid="product-package-size">6x710.0 ml, $0.12/100ml</p></div></a><div class="css-8keand"></div></div><div class="css-1q5omjq"><div class="css-fcebb8"><div data-testid="atc-compact" class="css-y94ivq" style="width: 45px;"><button type="button" class="chakra-button css-mudsm6" data-testid="atc-button"><svg stroke="currentColor" fill="currentColor" stroke-width="0" viewBox="0 0 24 24" focusable="false" class="chakra-icon css-1g3sp7a" data-testid="btn-icon" aria-hidden="true" height="1em" width="1em" xmlns="http://www.w3.org/2000/svg"><path d="M19 13h-6v6h-2v-6H5v-2h6V5h2v6h6v2z"></path></svg><span class="css-idkz9h">Add Ginger Ale, 6 Pack to cart</span></button></div></div></div></div></div></div><div class="css-0"><div class="css-f5i5wc"><div class="chakra-linkbox css-vhnn8v"><div data-testid="product-image" class="css-16dr4ly"><img alt="President's Choice Diet Spritz-Up Lemon-Lime Soda 2 l, $0.06/100ml" src="https://assets.shop.loblaws.ca/products/20311645016/b3/en/front/20311645016_front_a06_@2.png" srcset="https://assets.shop.loblaws.ca/products/20311645016/b3/en/front/20311645016_front_a06_@2.png 1x, https://assets.shop.loblaws.ca/products/20311645016/b3/en/front/20311645016_front_a06_@2.png 2x" loading="lazy" class="chakra-image css-oguq8l" aria-hidden="true"></div><div class="css-qoklea"><div class="css-12dchmx"></div><div data-testid="price-product-tile" class="css-8atqhb"><p class="chakra-text css-0"><span class="chakra-text css-pwnbcb" data-testid="regular-price"><span class="css-idkz9h">$1.25</span>$1.25</span></p></div><a href="/diet-spritz-up-lemon-lime-soda/p/20311645016_EA?source=nspt" class="chakra-linkbox__overlay css-1hnz6hu"><div class="css-0"><p class="chakra-text css-1ecdp9w" data-testid="product-brand">President's Choice</p><h3 class="chakra-heading css-6qrhwc" id="20311645016_EA" data-testid="product-title">Diet Spritz-Up Lemon-Lime Soda</h3><p class="chakra-text css-1yftjin" data-testid="product-package-size">2 l, $0.06/100ml</p></div></a><div class="css-8keand"></div></div><div class="css-1q5omjq"><div class="css-fcebb8"><div data-testid="atc-compact" class="css-y94ivq" style="width: 45px;"><button type="button" class="chakra-button css-mudsm6" data-testid="atc-button"><svg stroke="currentColor" fill="currentColor" stroke-width="0" viewBox="0 0 24 24" focusable="false" class="chakra-icon css-1g3sp7a" data-testid="btn-icon" aria-hidden="true" height="1em" width="1em" xmlns="http://www.w3.org/2000/svg"><path d="M19 13h-6v6h-2v-6H5v-2h6V5h2v6h6v2z"></path></svg><span class="css-idkz9h">Add Diet Spritz-Up Lemon-Lime Soda to cart</span></button></div></div></div></div></div></div><div class="css-0"><div class="css-f5i5wc"><div class="chakra-linkbox css-vhnn8v"><div data-testid="product-image" class="css-16dr4ly"><img alt="Dr Pepper Soda 12x355.0 ml, $0.16/100ml" src="https://assets.shop.loblaws.ca/products/20298422001/b3/en/front/20298422001_front_a06_@2.png" srcset="https://assets.shop.loblaws.ca/products/20298422001/b3/en/front/20298422001_front_a06_@2.png 1x, https://assets.shop.loblaws.ca/products/20298422001/b3/en/front/20298422001_front_a06_@2.png 2x" loading="lazy" class="chakra-image css-oguq8l" aria-hidden="true"></div><div class="css-qoklea"><div class="css-12dchmx"></div><div data-testid="price-product-tile" class="css-8atqhb"><p class="chakra-text css-0"><span class="chakra-text css-pwnbcb" data-testid="regular-price"><span class="css-idkz9h">$6.99</span>$6.99</span></p></div><a href="/soda/p/20298422001_C12?source=nspt" class="chakra-linkbox__overlay css-1hnz6hu"><div class="css-0"><p class="chakra-text css-1ecdp9w" data-testid="product-brand">Dr Pepper</p><h3 class="chakra-heading css-6qrhwc" id="20298422001_C12" data-testid="product-title">Soda</h3><p class="chakra-text css-1yftjin" data-testid="product-package-size">12x355.0 ml, $0.16/100ml</p></div></a><div class="css-8keand"></div></div><div class="css-1q5omjq"><div class="css-fcebb8"><div data-testid="atc-compact" class="css-y94ivq" style="width: 45px;"><button type="button" class="chakra-button css-mudsm6" data-testid="atc-button"><svg stroke="currentColor" fill="currentColor" stroke-width="0" viewBox="0 0 24 24" focusable="false" class="chakra-icon css-1g3sp7a" data-testid="btn-icon" aria-hidden="true" height="1em" width="1em" xmlns="http://www.w3.org/2000/svg"><path d="M19 13h-6v6h-2v-6H5v-2h6V5h2v6h6v2z"></path></svg><span class="css-idkz9h">Add Soda to cart</span></button></div></div></div></div></div></div><div class="css-0"><div class="css-f5i5wc"><div class="chakra-linkbox css-vhnn8v"><div data-testid="product-image" class="css-16dr4ly"><img alt="President's Choice Spritz Up Lemon-Lime Soda 2 l, $0.06/100ml" src="https://assets.shop.loblaws.ca/products/20311645015/b3/en/front/20311645015_front_a06_@2.png" srcset="https://assets.shop.loblaws.ca/products/20311645015/b3/en/front/20311645015_front_a06_@2.png 1x, https://assets.shop.loblaws.ca/products/20311645015/b3/en/front/20311645015_front_a06_@2.png 2x" loading="lazy" class="chakra-image css-oguq8l" aria-hidden="true"></div><div class="css-qoklea"><div class="css-12dchmx"></div><div data-testid="price-product-tile" class="css-8atqhb"><p class="chakra-text css-0"><span class="chakra-text css-pwnbcb" data-testid="regular-price"><span class="css-idkz9h">$1.25</span>$1.25</span></p></div><a href="/spritz-up-lemon-lime-soda/p/20311645015_EA?source=nspt" class="chakra-linkbox__overlay css-1hnz6hu"><div class="css-0"><p class="chakra-text css-1ecdp9w" data-testid="product-brand">President's Choice</p><h3 class="chakra-heading css-6qrhwc" id="20311645015_EA" data-testid="product-title">Spritz Up Lemon-Lime Soda</h3><p class="chakra-text css-1yftjin" data-testid="product-package-size">2 l, $0.06/100ml</p></div></a><div class="css-8keand"></div></div><div class="css-1q5omjq"><div class="css-fcebb8"><div data-testid="atc-compact" class="css-y94ivq" style="width: 45px;"><button type="button" class="chakra-button css-mudsm6" data-testid="atc-button"><svg stroke="currentColor" fill="currentColor" stroke-width="0" viewBox="0 0 24 24" focusable="false" class="chakra-icon css-1g3sp7a" data-testid="btn-icon" aria-hidden="true" height="1em" width="1em" xmlns="http://www.w3.org/2000/svg"><path d="M19 13h-6v6h-2v-6H5v-2h6V5h2v6h6v2z"></path></svg><span class="css-idkz9h">Add Spritz Up Lemon-Lime Soda to cart</span></button></div></div></div></div></div></div><div class="css-0"><div class="css-f5i5wc"><div class="chakra-linkbox css-vhnn8v"><div data-testid="product-image" class="css-16dr4ly"><img alt="Coca-Cola Coke 500 ml, $0.46/100ml" src="https://assets.shop.loblaws.ca/products/20968251/b3/en/front/20968251_front_a06_@2.png" srcset="https://assets.shop.loblaws.ca/products/20968251/b3/en/front/20968251_front_a06_@2.png 1x, https://assets.shop.loblaws.ca/products/20968251/b3/en/front/20968251_front_a06_@2.png 2x" loading="lazy" class="chakra-image css-oguq8l" aria-hidden="true"></div><div class="css-qoklea"><div class="css-12dchmx"></div><div data-testid="price-product-tile" class="css-8atqhb"><p class="chakra-text css-0"><span class="chakra-text css-pwnbcb" data-testid="regular-price"><span class="css-idkz9h">$2.29</span>$2.29</span></p></div><a href="/coke/p/20968251_EA?source=nspt" class="chakra-linkbox__overlay css-1hnz6hu"><div class="css-0"><p class="chakra-text css-1ecdp9w" data-testid="product-brand">Coca-Cola</p><h3 class="chakra-heading css-6qrhwc" id="20968251_EA" data-testid="product-title">Coke</h3><p class="chakra-text css-1yftjin" data-testid="product-package-size">500 ml, $0.46/100ml</p></div></a><div class="css-8keand"></div></div><div class="css-1q5omjq"><div class="css-fcebb8"><div data-testid="atc-compact" class="css-y94ivq" style="width: 45px;"><button disabled="" type="button" class="chakra-button css-mudsm6" data-testid="atc-button"><svg stroke="currentColor" fill="currentColor" stroke-width="0" viewBox="0 0 24 24" focusable="false" class="chakra-icon css-1g3sp7a" data-testid="btn-icon" aria-hidden="true" height="1em" width="1em" xmlns="http://www.w3.org/2000/svg"><path d="M19 13h-6v6h-2v-6H5v-2h6V5h2v6h6v2z"></path></svg><span class="css-idkz9h">Add Coke to cart</span></button></div></div><div class="css-4saf4a"><p class="chakra-text css-py8788" data-testid="inventory-badge-text">Out of Stock</p></div></div></div></div></div></div><div data-testid="product-grid" class="css-epcqr3"><div class="css-0"><div class="css-f5i5wc"><div class="chakra-linkbox css-vhnn8v"><div data-testid="product-image" class="css-16dr4ly"><img alt="Pepsi Zero Sugar Peach 12x355.0 ml, $2.11/100ml" src="https://assets.shop.loblaws.ca/products/21608626/b3/en/front/21608626_front_a06_@2.png" srcset="https://assets.shop.loblaws.ca/products/21608626/b3/en/front/21608626_front_a06_@2.png 1x, https://assets.shop.loblaws.ca/products/21608626/b3/en/front/21608626_front_a06_@2.png 2x" loading="lazy" class="chakra-image css-oguq8l" aria-hidden="true"></div><div class="css-qoklea"><div class="css-12dchmx"><div class="chakra-badge css-34x0wr" data-testid="product-badge"><div class="css-u4p24i">New</div></div></div><div data-testid="price-product-tile" class="css-8atqhb"><p class="chakra-text css-0"><span class="chakra-text css-pwnbcb" data-testid="regular-price"><span class="css-idkz9h">$7.49</span>$7.49</span></p></div><a href="/zero-sugar-peach/p/21608626_C12?source=nspt" class="chakra-linkbox__overlay css-1hnz6hu"><div class="css-0"><p class="chakra-text css-1ecdp9w" data-testid="product-brand">Pepsi</p><h3 class="chakra-heading css-6qrhwc" id="21608626_C12" data-testid="product-title">Zero Sugar Peach</h3><p class="chakra-text css-1yftjin" data-testid="product-package-size">12x355.0 ml, $2.11/100ml</p></div></a><div class="css-8keand"></div></div><div class="css-1q5omjq"><div class="css-fcebb8"><div data-testid="atc-compact" class="css-y94ivq" style="width: 45px;"><button disabled="" type="button" class="chakra-button css-mudsm6" data-testid="atc-button"><svg stroke="currentColor" fill="currentColor" stroke-width="0" viewBox="0 0 24 24" focusable="false" class="chakra-icon css-1g3sp7a" data-testid="btn-icon" aria-hidden="true" height="1em" width="1em" xmlns="http://www.w3.org/2000/svg"><path d="M19 13h-6v6h-2v-6H5v-2h6V5h2v6h6v2z"></path></svg><span class="css-idkz9h">Add Zero Sugar Peach to cart</span></button></div></div><div class="css-4saf4a"><p class="chakra-text css-py8788" data-testid="inventory-badge-text">Out of Stock</p></div></div></div></div></div><div class="css-0"><div class="css-f5i5wc"><div class="chakra-linkbox css-vhnn8v"><div data-testid="product-image" class="css-16dr4ly"><img alt="Pepsi Zero 1 l, $0.13/100ml" src="https://assets.shop.loblaws.ca/products/21507641/b3/en/front/21507641_front_a06_@2.png" srcset="https://assets.shop.loblaws.ca/products/21507641/b3/en/front/21507641_front_a06_@2.png 1x, https://assets.shop.loblaws.ca/products/21507641/b3/en/front/21507641_front_a06_@2.png 2x" loading="lazy" class="chakra-image css-oguq8l" aria-hidden="true"></div><div class="css-qoklea"><div class="css-12dchmx"></div><div data-testid="price-product-tile" class="css-8atqhb"><p class="chakra-text css-0"><span class="chakra-text css-pwnbcb" data-testid="regular-price"><span class="css-idkz9h">$1.25</span>$1.25</span></p></div><a href="/zero/p/21507641_EA?source=nspt" class="chakra-linkbox__overlay css-1hnz6hu"><div class="css-0"><p class="chakra-text css-1ecdp9w" data-testid="product-brand">Pepsi</p><h3 class="chakra-heading css-6qrhwc" id="21507641_EA" data-testid="product-title">Zero</h3><p class="chakra-text css-1yftjin" data-testid="product-package-size">1 l, $0.13/100ml</p></div></a><div class="css-8keand"></div></div><div class="css-1q5omjq"><div class="css-fcebb8"><div data-testid="atc-compact" class="css-y94ivq" style="width: 45px;"><button type="button" class="chakra-button css-mudsm6" data-testid="atc-button"><svg stroke="currentColor" fill="currentColor" stroke-width="0" viewBox="0 0 24 24" focusable="false" class="chakra-icon css-1g3sp7a" data-testid="btn-icon" aria-hidden="true" height="1em" width="1em" xmlns="http://www.w3.org/2000/svg"><path d="M19 13h-6v6h-2v-6H5v-2h6V5h2v6h6v2z"></path></svg><span class="css-idkz9h">Add Zero to cart</span></button></div></div></div></div></div></div><div class="css-0"><div class="css-f5i5wc"><div class="chakra-linkbox css-vhnn8v"><div data-testid="product-image" class="css-16dr4ly"><img alt="President's Choice Mini Diet Ginger Ale 6 Pack 6x222.0 ml, $0.22/100ml" src="https://assets.shop.loblaws.ca/products/21093763/b3/en/front/21093763_front_a06_@2.png" srcset="https://assets.shop.loblaws.ca/products/21093763/b3/en/front/21093763_front_a06_@2.png 1x, https://assets.shop.loblaws.ca/products/21093763/b3/en/front/21093763_front_a06_@2.png 2x" loading="lazy" class="chakra-image css-oguq8l" aria-hidden="true"></div><div class="css-qoklea"><div class="css-12dchmx"></div><div data-testid="price-product-tile" class="css-8atqhb"><p class="chakra-text css-0"><span class="chakra-text css-pwnbcb" data-testid="regular-price"><span class="css-idkz9h">$2.99</span>$2.99</span></p></div><a href="/mini-diet-ginger-ale-6-pack/p/21093763_C06?source=nspt" class="chakra-linkbox__overlay css-1hnz6hu"><div class="css-0"><p class="chakra-text css-1ecdp9w" data-testid="product-brand">President's Choice</p><h3 class="chakra-heading css-6qrhwc" id="21093763_C06" data-testid="product-title">Mini Diet Ginger Ale 6 Pack</h3><p class="chakra-text css-1yftjin" data-testid="product-package-size">6x222.0 ml, $0.22/100ml</p></div></a><div class="css-8keand"></div></div><div class="css-1q5omjq"><div class="css-fcebb8"><div data-testid="atc-compact" class="css-y94ivq" style="width: 45px;"><button type="button" class="chakra-button css-mudsm6" data-testid="atc-button"><svg stroke="currentColor" fill="currentColor" stroke-width="0" viewBox="0 0 24 24" focusable="false" class="chakra-icon css-1g3sp7a" data-testid="btn-icon" aria-hidden="true" height="1em" width="1em" xmlns="http://www.w3.org/2000/svg"><path d="M19 13h-6v6h-2v-6H5v-2h6V5h2v6h6v2z"></path></svg><span class="css-idkz9h">Add Mini Diet Ginger Ale 6 Pack to cart</span></button></div></div></div></div></div></div><div class="css-0"><div class="css-f5i5wc"><div class="chakra-linkbox css-vhnn8v"><div data-testid="product-image" class="css-16dr4ly"><img alt="D&amp;G Ting, Grapefruit Drink 300 ml, $0.43/100ml" src="https://assets.shop.loblaws.ca/products/20315773002/b3/en/front/20315773002_front_a06_@2.png" srcset="https://assets.shop.loblaws.ca/products/20315773002/b3/en/front/20315773002_front_a06_@2.png 1x, https://assets.shop.loblaws.ca/products/20315773002/b3/en/front/20315773002_front_a06_@2.png 2x" loading="lazy" class="chakra-image css-oguq8l" aria-hidden="true"></div><div class="css-qoklea"><div class="css-12dchmx"></div><div data-testid="price-product-tile" class="css-8atqhb"><p class="chakra-text css-0"><span class="chakra-text css-o93gbd" data-testid="sale-price"><span class="css-idkz9h">$1.29</span>$1.29</span><span class="chakra-text css-623q5h" data-testid="was-price"><span class="css-idkz9h">$1.49</span>$1.49</span></p><p class="chakra-text css-1m5a6y8" data-testid="price-descriptor">SAVE $0.20</p></div><a href="/ting-grapefruit-drink/p/20315773002_EA?source=nspt" class="chakra-linkbox__overlay css-1hnz6hu"><div class="css-0"><p class="chakra-text css-1ecdp9w" data-testid="product-brand">D&amp;G</p><h3 class="chakra-heading css-6qrhwc" id="20315773002_EA" data-testid="product-title">Ting, Grapefruit Drink</h3><p class="chakra-text css-1yftjin" data-testid="product-package-size">300 ml, $0.43/100ml</p></div></a><div class="css-8keand"></div></div><div class="css-1q5omjq"><div class="css-fcebb8"><div data-testid="atc-compact" class="css-y94ivq" style="width: 45px;"><button type="button" class="chakra-button css-mudsm6" data-testid="atc-button"><svg stroke="currentColor" fill="currentColor" stroke-width="0" viewBox="0 0 24 24" focusable="false" class="chakra-icon css-1g3sp7a" data-testid="btn-icon" aria-hidden="true" height="1em" width="1em" xmlns="http://www.w3.org/2000/svg"><path d="M19 13h-6v6h-2v-6H5v-2h6V5h2v6h6v2z"></path></svg><span class="css-idkz9h">Add Ting, Grapefruit Drink to cart</span></button></div></div></div></div></div></div><div class="css-0"><div class="css-f5i5wc"><div class="chakra-linkbox css-vhnn8v"><div data-testid="product-image" class="css-16dr4ly"><img alt="Crush Orange Soda      6x222.0 ml, $0.26/100ml" src="https://assets.shop.loblaws.ca/products/20857560005/b3/en/front/20857560005_front_a06_@2.png" srcset="https://assets.shop.loblaws.ca/products/20857560005/b3/en/front/20857560005_front_a06_@2.png 1x, https://assets.shop.loblaws.ca/products/20857560005/b3/en/front/20857560005_front_a06_@2.png 2x" loading="lazy" class="chakra-image css-oguq8l" aria-hidden="true"></div><div class="css-qoklea"><div class="css-12dchmx"></div><div data-testid="price-product-tile" class="css-8atqhb"><p class="chakra-text css-0"><span class="chakra-text css-o93gbd" data-testid="sale-price"><span class="css-idkz9h">$3.49</span>$3.49</span><span class="chakra-text css-623q5h" data-testid="was-price"><span class="css-idkz9h">$3.99</span>$3.99</span></p><p class="chakra-text css-1m5a6y8" data-testid="price-descriptor">SAVE $0.50</p></div><a href="/orange-soda/p/20857560005_C06?source=nspt" class="chakra-linkbox__overlay css-1hnz6hu"><div class="css-0"><p class="chakra-text css-1ecdp9w" data-testid="product-brand">Crush</p><h3 class="chakra-heading css-6qrhwc" id="20857560005_C06" data-testid="product-title">Orange Soda     </h3><p class="chakra-text css-1yftjin" data-testid="product-package-size">6x222.0 ml, $0.26/100ml</p></div></a><div class="css-8keand"></div></div><div class="css-1q5omjq"><div class="css-fcebb8"><div data-testid="atc-compact" class="css-y94ivq" style="width: 45px;"><button type="button" class="chakra-button css-mudsm6" data-testid="atc-button"><svg stroke="currentColor" fill="currentColor" stroke-width="0" viewBox="0 0 24 24" focusable="false" class="chakra-icon css-1g3sp7a" data-testid="btn-icon" aria-hidden="true" height="1em" width="1em" xmlns="http://www.w3.org/2000/svg"><path d="M19 13h-6v6h-2v-6H5v-2h6V5h2v6h6v2z"></path></svg><span class="css-idkz9h">Add Orange Soda      to cart</span></button></div></div></div></div></div></div><div class="css-0"><div class="css-f5i5wc"><div class="chakra-linkbox css-vhnn8v"><div data-testid="product-image" class="css-16dr4ly"><img alt="Canada Dry Tonic Water  12x355.0 ml, $0.18/100ml" src="https://assets.shop.loblaws.ca/products/20307569007/b3/en/front/20307569007_front_a06_@2.png" srcset="https://assets.shop.loblaws.ca/products/20307569007/b3/en/front/20307569007_front_a06_@2.png 1x, https://assets.shop.loblaws.ca/products/20307569007/b3/en/front/20307569007_front_a06_@2.png 2x" loading="lazy" class="chakra-image css-oguq8l" aria-hidden="true"></div><div class="css-qoklea"><div class="css-12dchmx"></div><div data-testid="price-product-tile" class="css-8atqhb"><p class="chakra-text css-0"><span class="chakra-text css-pwnbcb" data-testid="regular-price"><span class="css-idkz9h">$7.49</span>$7.49</span></p></div><a href="/tonic-water/p/20307569007_C12?source=nspt" class="chakra-linkbox__overlay css-1hnz6hu"><div class="css-0"><p class="chakra-text css-1ecdp9w" data-testid="product-brand">Canada Dry</p><h3 class="chakra-heading css-6qrhwc" id="20307569007_C12" data-testid="product-title">Tonic Water </h3><p class="chakra-text css-1yftjin" data-testid="product-package-size">12x355.0 ml, $0.18/100ml</p></div></a><div class="css-8keand"></div></div><div class="css-1q5omjq"><div class="css-fcebb8"><div data-testid="atc-compact" class="css-y94ivq" style="width: 45px;"><button type="button" class="chakra-button css-mudsm6" data-testid="atc-button"><svg stroke="currentColor" fill="currentColor" stroke-width="0" viewBox="0 0 24 24" focusable="false" class="chakra-icon css-1g3sp7a" data-testid="btn-icon" aria-hidden="true" height="1em" width="1em" xmlns="http://www.w3.org/2000/svg"><path d="M19 13h-6v6h-2v-6H5v-2h6V5h2v6h6v2z"></path></svg><span class="css-idkz9h">Add Tonic Water  to cart</span></button></div></div></div></div></div></div><div class="css-0"><div class="css-f5i5wc"><div class="chakra-linkbox css-vhnn8v"><div data-testid="product-image" class="css-16dr4ly"><img alt="The Great Gentleman Spicy Ginger Beer 250 ml, $0.60/100ml" src="https://assets.shop.loblaws.ca/products/21374081/b3/en/front/21374081_front_a06_@2.png" srcset="https://assets.shop.loblaws.ca/products/21374081/b3/en/front/21374081_front_a06_@2.png 1x, https://assets.shop.loblaws.ca/products/21374081/b3/en/front/21374081_front_a06_@2.png 2x" loading="lazy" class="chakra-image css-oguq8l" aria-hidden="true"></div><div class="css-qoklea"><div class="css-12dchmx"></div><div data-testid="price-product-tile" class="css-8atqhb"><p class="chakra-text css-0"><span class="chakra-text css-pwnbcb" data-testid="regular-price"><span class="css-idkz9h">$1.49</span>$1.49</span></p></div><a href="/spicy-ginger-beer/p/21374081_EA?source=nspt" class="chakra-linkbox__overlay css-1hnz6hu"><div class="css-0"><p class="chakra-text css-1ecdp9w" data-testid="product-brand">The Great Gentleman</p><h3 class="chakra-heading css-6qrhwc" id="21374081_EA" data-testid="product-title">Spicy Ginger Beer</h3><p class="chakra-text css-1yftjin" data-testid="product-package-size">250 ml, $0.60/100ml</p></div></a><div class="css-8keand"></div></div><div class="css-1q5omjq"><div class="css-fcebb8"><div data-testid="atc-compact" class="css-y94ivq" style="width: 45px;"><button type="button" class="chakra-button css-mudsm6" data-testid="atc-button"><svg stroke="currentColor" fill="currentColor" stroke-width="0" viewBox="0 0 24 24" focusable="false" class="chakra-icon css-1g3sp7a" data-testid="btn-icon" aria-hidden="true" height="1em" width="1em" xmlns="http://www.w3.org/2000/svg"><path d="M19 13h-6v6h-2v-6H5v-2h6V5h2v6h6v2z"></path></svg><span class="css-idkz9h">Add Spicy Ginger Beer to cart</span></button></div></div></div></div></div></div><div class="css-0"><div class="css-f5i5wc"><div class="chakra-linkbox css-vhnn8v"><div data-testid="product-image" class="css-16dr4ly"><img alt="President's Choice Diet Spritz-Up Naturally Flavoured Calorie-Free Sugar-Free Lemon-Lime Soda 12x355.0 ml, $0.14/100ml" src="https://assets.shop.loblaws.ca/products/20218887034/b3/en/front/20218887034_front_a06_@2.png" srcset="https://assets.shop.loblaws.ca/products/20218887034/b3/en/front/20218887034_front_a06_@2.png 1x, https://assets.shop.loblaws.ca/products/20218887034/b3/en/front/20218887034_front_a06_@2.png 2x" loading="lazy" class="chakra-image css-oguq8l" aria-hidden="true"></div><div class="css-qoklea"><div class="css-12dchmx"></div><div data-testid="price-product-tile" class="css-8atqhb"><p class="chakra-text css-0"><span class="chakra-text css-pwnbcb" data-testid="regular-price"><span class="css-idkz9h">$5.99</span>$5.99</span></p></div><a href="/diet-spritz-up-naturally-flavoured-calorie-free-su/p/20218887034_C12?source=nspt" class="chakra-linkbox__overlay css-1hnz6hu"><div class="css-0"><p class="chakra-text css-1ecdp9w" data-testid="product-brand">President's Choice</p><h3 class="chakra-heading css-6qrhwc" id="20218887034_C12" data-testid="product-title">Diet Spritz-Up Naturally Flavoured Calorie-Free Sugar-Free Lemon-Lime Soda</h3><p class="chakra-text css-1yftjin" data-testid="product-package-size">12x355.0 ml, $0.14/100ml</p></div></a><div class="css-8keand"></div></div><div class="css-1q5omjq"><div class="css-fcebb8"><div data-testid="atc-compact" class="css-y94ivq" style="width: 45px;"><button type="button" class="chakra-button css-mudsm6" data-testid="atc-button"><svg stroke="currentColor" fill="currentColor" stroke-width="0" viewBox="0 0 24 24" focusable="false" class="chakra-icon css-1g3sp7a" data-testid="btn-icon" aria-hidden="true" height="1em" width="1em" xmlns="http://www.w3.org/2000/svg"><path d="M19 13h-6v6h-2v-6H5v-2h6V5h2v6h6v2z"></path></svg><span class="css-idkz9h">Add Diet Spritz-Up Naturally Flavoured Calorie-Free Sugar-Free Lemon-Lime Soda to cart</span></button></div></div></div></div></div></div><div class="css-0"><div class="css-f5i5wc"><div class="chakra-linkbox css-vhnn8v"><div data-testid="product-image" class="css-16dr4ly"><img alt="Vitamalt Classic Malt Beverage 330 ml, $0.39/100ml" src="https://assets.shop.loblaws.ca/products/20139955/b3/en/front/20139955_front_a06_@2.png" srcset="https://assets.shop.loblaws.ca/products/20139955/b3/en/front/20139955_front_a06_@2.png 1x, https://assets.shop.loblaws.ca/products/20139955/b3/en/front/20139955_front_a06_@2.png 2x" loading="lazy" class="chakra-image css-oguq8l" aria-hidden="true"></div><div class="css-qoklea"><div class="css-12dchmx"></div><div data-testid="price-product-tile" class="css-8atqhb"><p class="chakra-text css-0"><span class="chakra-text css-o93gbd" data-testid="sale-price"><span class="css-idkz9h">$1.29</span>$1.29</span><span class="chakra-text css-623q5h" data-testid="was-price"><span class="css-idkz9h">$1.49</span>$1.49</span></p><p class="chakra-text css-1m5a6y8" data-testid="price-descriptor">SAVE $0.20</p></div><a href="/classic-malt-beverage/p/20139955_EA?source=nspt" class="chakra-linkbox__overlay css-1hnz6hu"><div class="css-0"><p class="chakra-text css-1ecdp9w" data-testid="product-brand">Vitamalt</p><h3 class="chakra-heading css-6qrhwc" id="20139955_EA" data-testid="product-title">Classic Malt Beverage</h3><p class="chakra-text css-1yftjin" data-testid="product-package-size">330 ml, $0.39/100ml</p></div></a><div class="css-8keand"></div></div><div class="css-1q5omjq"><div class="css-fcebb8"><div data-testid="atc-compact" class="css-y94ivq" style="width: 45px;"><button type="button" class="chakra-button css-mudsm6" data-testid="atc-button"><svg stroke="currentColor" fill="currentColor" stroke-width="0" viewBox="0 0 24 24" focusable="false" class="chakra-icon css-1g3sp7a" data-testid="btn-icon" aria-hidden="true" height="1em" width="1em" xmlns="http://www.w3.org/2000/svg"><path d="M19 13h-6v6h-2v-6H5v-2h6V5h2v6h6v2z"></path></svg><span class="css-idkz9h">Add Classic Malt Beverage to cart</span></button></div></div></div></div></div></div><div class="css-0"><div class="css-f5i5wc"><div class="chakra-linkbox css-vhnn8v"><div data-testid="product-image" class="css-16dr4ly"><img alt="Coca-Cola Diet Coke   6x222.0 ml, $0.26/100ml" src="https://assets.shop.loblaws.ca/products/20354288003/b3/en/front/20354288003_front_a06_@2.png" srcset="https://assets.shop.loblaws.ca/products/20354288003/b3/en/front/20354288003_front_a06_@2.png 1x, https://assets.shop.loblaws.ca/products/20354288003/b3/en/front/20354288003_front_a06_@2.png 2x" loading="lazy" class="chakra-image css-oguq8l" aria-hidden="true"></div><div class="css-qoklea"><div class="css-12dchmx"></div><div data-testid="price-product-tile" class="css-8atqhb"><p class="chakra-text css-0"><span class="chakra-text css-o93gbd" data-testid="sale-price"><span class="css-idkz9h">$3.49</span>$3.49</span><span class="chakra-text css-623q5h" data-testid="was-price"><span class="css-idkz9h">$4.29</span>$4.29</span></p><p class="chakra-text css-1m5a6y8" data-testid="price-descriptor">SAVE $0.80</p></div><a href="/diet-coke/p/20354288003_C06?source=nspt" class="chakra-linkbox__overlay css-1hnz6hu"><div class="css-0"><p class="chakra-text css-1ecdp9w" data-testid="product-brand">Coca-Cola</p><h3 class="chakra-heading css-6qrhwc" id="20354288003_C06" data-testid="product-title">Diet Coke  </h3><p class="chakra-text css-1yftjin" data-testid="product-package-size">6x222.0 ml, $0.26/100ml</p></div></a><div class="css-8keand"></div></div><div class="css-1q5omjq"><div class="css-fcebb8"><div data-testid="atc-compact" class="css-y94ivq" style="width: 45px;"><button type="button" class="chakra-button css-mudsm6" data-testid="atc-button"><svg stroke="currentColor" fill="currentColor" stroke-width="0" viewBox="0 0 24 24" focusable="false" class="chakra-icon css-1g3sp7a" data-testid="btn-icon" aria-hidden="true" height="1em" width="1em" xmlns="http://www.w3.org/2000/svg"><path d="M19 13h-6v6h-2v-6H5v-2h6V5h2v6h6v2z"></path></svg><span class="css-idkz9h">Add Diet Coke   to cart</span></button></div></div><div class="css-4saf4a"><p class="chakra-text css-py8788" data-testid="inventory-badge-text">Low Stock</p></div></div></div></div></div><div class="css-0"><div class="css-f5i5wc"><div class="chakra-linkbox css-vhnn8v"><div data-testid="product-image" class="css-16dr4ly"><img alt="Pepsi Diet Soda Caffeine Free 12x355.0 ml, $0.16/100ml" src="https://assets.shop.loblaws.ca/products/20322361006/b3/en/front/20322361006_front_a06_@2.png" srcset="https://assets.shop.loblaws.ca/products/20322361006/b3/en/front/20322361006_front_a06_@2.png 1x, https://assets.shop.loblaws.ca/products/20322361006/b3/en/front/20322361006_front_a06_@2.png 2x" loading="lazy" class="chakra-image css-oguq8l" aria-hidden="true"></div><div class="css-qoklea"><div class="css-12dchmx"></div><div data-testid="price-product-tile" class="css-8atqhb"><p class="chakra-text css-0"><span class="chakra-text css-pwnbcb" data-testid="regular-price"><span class="css-idkz9h">$6.99</span>$6.99</span></p></div><a href="/diet-soda-caffeine-free/p/20322361006_C12?source=nspt" class="chakra-linkbox__overlay css-1hnz6hu"><div class="css-0"><p class="chakra-text css-1ecdp9w" data-testid="product-brand">Pepsi</p><h3 class="chakra-heading css-6qrhwc" id="20322361006_C12" data-testid="product-title">Diet Soda Caffeine Free</h3><p class="chakra-text css-1yftjin" data-testid="product-package-size">12x355.0 ml, $0.16/100ml</p></div></a><div class="css-8keand"></div></div><div class="css-1q5omjq"><div class="css-fcebb8"><div data-testid="atc-compact" class="css-y94ivq" style="width: 45px;"><button type="button" class="chakra-button css-mudsm6" data-testid="atc-button"><svg stroke="currentColor" fill="currentColor" stroke-width="0" viewBox="0 0 24 24" focusable="false" class="chakra-icon css-1g3sp7a" data-testid="btn-icon" aria-hidden="true" height="1em" width="1em" xmlns="http://www.w3.org/2000/svg"><path d="M19 13h-6v6h-2v-6H5v-2h6V5h2v6h6v2z"></path></svg><span class="css-idkz9h">Add Diet Soda Caffeine Free to cart</span></button></div></div></div></div></div></div><div class="css-0"><div class="css-f5i5wc"><div class="chakra-linkbox css-vhnn8v"><div data-testid="product-image" class="css-16dr4ly"><img alt="Grace Island Soda, Cream Soda 355 ml, $0.36/100ml" src="https://assets.shop.loblaws.ca/products/20299652004/b3/en/front/20299652004_front_a06_@2.png" srcset="https://assets.shop.loblaws.ca/products/20299652004/b3/en/front/20299652004_front_a06_@2.png 1x, https://assets.shop.loblaws.ca/products/20299652004/b3/en/front/20299652004_front_a06_@2.png 2x" loading="lazy" class="chakra-image css-oguq8l" aria-hidden="true"></div><div class="css-qoklea"><div class="css-12dchmx"></div><div data-testid="price-product-tile" class="css-8atqhb"><p class="chakra-text css-0"><span class="chakra-text css-o93gbd" data-testid="sale-price"><span class="css-idkz9h">$1.29</span>$1.29</span><span class="chakra-text css-623q5h" data-testid="was-price"><span class="css-idkz9h">$1.49</span>$1.49</span></p><p class="chakra-text css-1m5a6y8" data-testid="price-descriptor">SAVE $0.20</p></div><a href="/island-soda-cream-soda/p/20299652004_EA?source=nspt" class="chakra-linkbox__overlay css-1hnz6hu"><div class="css-0"><p class="chakra-text css-1ecdp9w" data-testid="product-brand">Grace</p><h3 class="chakra-heading css-6qrhwc" id="20299652004_EA" data-testid="product-title">Island Soda, Cream Soda</h3><p class="chakra-text css-1yftjin" data-testid="product-package-size">355 ml, $0.36/100ml</p></div></a><div class="css-8keand"></div></div><div class="css-1q5omjq"><div class="css-fcebb8"><div data-testid="atc-compact" class="css-y94ivq" style="width: 45px;"><button type="button" class="chakra-button css-mudsm6" data-testid="atc-button"><svg stroke="currentColor" fill="currentColor" stroke-width="0" viewBox="0 0 24 24" focusable="false" class="chakra-icon css-1g3sp7a" data-testid="btn-icon" aria-hidden="true" height="1em" width="1em" xmlns="http://www.w3.org/2000/svg"><path d="M19 13h-6v6h-2v-6H5v-2h6V5h2v6h6v2z"></path></svg><span class="css-idkz9h">Add Island Soda, Cream Soda to cart</span></button></div></div></div></div></div></div><div class="css-0"><div class="css-f5i5wc"><div class="chakra-linkbox css-vhnn8v"><div data-testid="product-image" class="css-16dr4ly"><img alt="Canada Dry Club Soda  12x355.0 ml, $0.18/100ml" src="https://assets.shop.loblaws.ca/products/20307569006/b3/en/front/20307569006_front_a06_@2.png" srcset="https://assets.shop.loblaws.ca/products/20307569006/b3/en/front/20307569006_front_a06_@2.png 1x, https://assets.shop.loblaws.ca/products/20307569006/b3/en/front/20307569006_front_a06_@2.png 2x" loading="lazy" class="chakra-image css-oguq8l" aria-hidden="true"></div><div class="css-qoklea"><div class="css-12dchmx"></div><div data-testid="price-product-tile" class="css-8atqhb"><p class="chakra-text css-0"><span class="chakra-text css-pwnbcb" data-testid="regular-price"><span class="css-idkz9h">$7.49</span>$7.49</span></p></div><a href="/club-soda/p/20307569006_C12?source=nspt" class="chakra-linkbox__overlay css-1hnz6hu"><div class="css-0"><p class="chakra-text css-1ecdp9w" data-testid="product-brand">Canada Dry</p><h3 class="chakra-heading css-6qrhwc" id="20307569006_C12" data-testid="product-title">Club Soda </h3><p class="chakra-text css-1yftjin" data-testid="product-package-size">12x355.0 ml, $0.18/100ml</p></div></a><div class="css-8keand"></div></div><div class="css-1q5omjq"><div class="css-fcebb8"><div data-testid="atc-compact" class="css-y94ivq" style="width: 45px;"><button type="button" class="chakra-button css-mudsm6" data-testid="atc-button"><svg stroke="currentColor" fill="currentColor" stroke-width="0" viewBox="0 0 24 24" focusable="false" class="chakra-icon css-1g3sp7a" data-testid="btn-icon" aria-hidden="true" height="1em" width="1em" xmlns="http://www.w3.org/2000/svg"><path d="M19 13h-6v6h-2v-6H5v-2h6V5h2v6h6v2z"></path></svg><span class="css-idkz9h">Add Club Soda  to cart</span></button></div></div></div></div></div></div><div class="css-0"><div class="css-f5i5wc"><div class="chakra-linkbox css-vhnn8v"><div data-testid="product-image" class="css-16dr4ly"><img alt="A&amp;W Rootbeer, case 6x222.0 ml, $0.26/100ml" src="https://assets.shop.loblaws.ca/products/21043323/b3/en/front/21043323_front_a06_@2.png" srcset="https://assets.shop.loblaws.ca/products/21043323/b3/en/front/21043323_front_a06_@2.png 1x, https://assets.shop.loblaws.ca/products/21043323/b3/en/front/21043323_front_a06_@2.png 2x" loading="lazy" class="chakra-image css-oguq8l" aria-hidden="true"></div><div class="css-qoklea"><div class="css-12dchmx"></div><div data-testid="price-product-tile" class="css-8atqhb"><p class="chakra-text css-0"><span class="chakra-text css-o93gbd" data-testid="sale-price"><span class="css-idkz9h">$3.49</span>$3.49</span><span class="chakra-text css-623q5h" data-testid="was-price"><span class="css-idkz9h">$4.29</span>$4.29</span></p><p class="chakra-text css-1m5a6y8" data-testid="price-descriptor">SAVE $0.80</p></div><a href="/rootbeer-case/p/21043323_C06?source=nspt" class="chakra-linkbox__overlay css-1hnz6hu"><div class="css-0"><p class="chakra-text css-1ecdp9w" data-testid="product-brand">A&amp;W</p><h3 class="chakra-heading css-6qrhwc" id="21043323_C06" data-testid="product-title">Rootbeer, case</h3><p class="chakra-text css-1yftjin" data-testid="product-package-size">6x222.0 ml, $0.26/100ml</p></div></a><div class="css-8keand"></div></div><div class="css-1q5omjq"><div class="css-fcebb8"><div data-testid="atc-compact" class="css-y94ivq" style="width: 45px;"><button type="button" class="chakra-button css-mudsm6" data-testid="atc-button"><svg stroke="currentColor" fill="currentColor" stroke-width="0" viewBox="0 0 24 24" focusable="false" class="chakra-icon css-1g3sp7a" data-testid="btn-icon" aria-hidden="true" height="1em" width="1em" xmlns="http://www.w3.org/2000/svg"><path d="M19 13h-6v6h-2v-6H5v-2h6V5h2v6h6v2z"></path></svg><span class="css-idkz9h">Add Rootbeer, case to cart</span></button></div></div></div></div></div></div><div class="css-0"><div class="css-f5i5wc"><div class="chakra-linkbox css-vhnn8v"><div data-testid="product-image" class="css-16dr4ly"><img alt="Canada Dry Cranberry Ginger Ale Diet 8x2.0 l, $0.12/100ml" src="https://assets.shop.loblaws.ca/products/21350162/b3/en/front/21350162_front_a06_@2.png" srcset="https://assets.shop.loblaws.ca/products/21350162/b3/en/front/21350162_front_a06_@2.png 1x, https://assets.shop.loblaws.ca/products/21350162/b3/en/front/21350162_front_a06_@2.png 2x" loading="lazy" class="chakra-image css-oguq8l" aria-hidden="true"></div><div class="css-qoklea"><div class="css-12dchmx"></div><div data-testid="price-product-tile" class="css-8atqhb"><p class="chakra-text css-0"><span class="chakra-text css-pwnbcb" data-testid="regular-price"><span class="css-idkz9h">$2.49</span>$2.49</span></p></div><a href="/cranberry-ginger-ale-diet/p/21350162_EA?source=nspt" class="chakra-linkbox__overlay css-1hnz6hu"><div class="css-0"><p class="chakra-text css-1ecdp9w" data-testid="product-brand">Canada Dry</p><h3 class="chakra-heading css-6qrhwc" id="21350162_EA" data-testid="product-title">Cranberry Ginger Ale Diet</h3><p class="chakra-text css-1yftjin" data-testid="product-package-size">8x2.0 l, $0.12/100ml</p></div></a><div class="css-8keand"></div></div><div class="css-1q5omjq"><div class="css-fcebb8"><div data-testid="atc-compact" class="css-y94ivq" style="width: 45px;"><button disabled="" type="button" class="chakra-button css-mudsm6" data-testid="atc-button"><svg stroke="currentColor" fill="currentColor" stroke-width="0" viewBox="0 0 24 24" focusable="false" class="chakra-icon css-1g3sp7a" data-testid="btn-icon" aria-hidden="true" height="1em" width="1em" xmlns="http://www.w3.org/2000/svg"><path d="M19 13h-6v6h-2v-6H5v-2h6V5h2v6h6v2z"></path></svg><span class="css-idkz9h">Add Cranberry Ginger Ale Diet to cart</span></button></div></div><div class="css-4saf4a"><p class="chakra-text css-py8788" data-testid="inventory-badge-text">Out of Stock</p></div></div></div></div></div><div class="css-0"><div class="css-f5i5wc"><div class="chakra-linkbox css-vhnn8v"><div data-testid="product-image" class="css-16dr4ly"><img alt="Pepsi Diet Soda Caffeine Free 2 l, $0.13/100ml" src="https://assets.shop.loblaws.ca/products/20296926005/b3/en/front/20296926005_front_a06_@2.png" srcset="https://assets.shop.loblaws.ca/products/20296926005/b3/en/front/20296926005_front_a06_@2.png 1x, https://assets.shop.loblaws.ca/products/20296926005/b3/en/front/20296926005_front_a06_@2.png 2x" loading="lazy" class="chakra-image css-oguq8l" aria-hidden="true"></div><div class="css-qoklea"><div class="css-12dchmx"></div><div data-testid="price-product-tile" class="css-8atqhb"><p class="chakra-text css-0"><span class="chakra-text css-pwnbcb" data-testid="regular-price"><span class="css-idkz9h">$2.69</span>$2.69</span></p></div><a href="/diet-soda-caffeine-free/p/20296926005_EA?source=nspt" class="chakra-linkbox__overlay css-1hnz6hu"><div class="css-0"><p class="chakra-text css-1ecdp9w" data-testid="product-brand">Pepsi</p><h3 class="chakra-heading css-6qrhwc" id="20296926005_EA" data-testid="product-title">Diet Soda Caffeine Free</h3><p class="chakra-text css-1yftjin" data-testid="product-package-size">2 l, $0.13/100ml</p></div></a><div class="css-8keand"></div></div><div class="css-1q5omjq"><div class="css-fcebb8"><div data-testid="atc-compact" class="css-y94ivq" style="width: 45px;"><button type="button" class="chakra-button css-mudsm6" data-testid="atc-button"><svg stroke="currentColor" fill="currentColor" stroke-width="0" viewBox="0 0 24 24" focusable="false" class="chakra-icon css-1g3sp7a" data-testid="btn-icon" aria-hidden="true" height="1em" width="1em" xmlns="http://www.w3.org/2000/svg"><path d="M19 13h-6v6h-2v-6H5v-2h6V5h2v6h6v2z"></path></svg><span class="css-idkz9h">Add Diet Soda Caffeine Free to cart</span></button></div></div></div></div></div></div><div class="css-0"><div class="css-f5i5wc"><div class="chakra-linkbox css-vhnn8v"><div data-testid="product-image" class="css-16dr4ly"><img alt="Canada Dry Limited Edition Cranberry Ginger Ale 12x355.0 ml, $0.18/100ml" src="https://assets.shop.loblaws.ca/products/20307569003/b3/en/front/20307569003_front_a06_@2.png" srcset="https://assets.shop.loblaws.ca/products/20307569003/b3/en/front/20307569003_front_a06_@2.png 1x, https://assets.shop.loblaws.ca/products/20307569003/b3/en/front/20307569003_front_a06_@2.png 2x" loading="lazy" class="chakra-image css-oguq8l" aria-hidden="true"></div><div class="css-qoklea"><div class="css-12dchmx"></div><div data-testid="price-product-tile" class="css-8atqhb"><p class="chakra-text css-0"><span class="chakra-text css-pwnbcb" data-testid="regular-price"><span class="css-idkz9h">$7.49</span>$7.49</span></p></div><a href="/limited-edition-cranberry-ginger-ale/p/20307569003_C12?source=nspt" class="chakra-linkbox__overlay css-1hnz6hu"><div class="css-0"><p class="chakra-text css-1ecdp9w" data-testid="product-brand">Canada Dry</p><h3 class="chakra-heading css-6qrhwc" id="20307569003_C12" data-testid="product-title">Limited Edition Cranberry Ginger Ale</h3><p class="chakra-text css-1yftjin" data-testid="product-package-size">12x355.0 ml, $0.18/100ml</p></div></a><div class="css-8keand"></div></div><div class="css-1q5omjq"><div class="css-fcebb8"><div data-testid="atc-compact" class="css-y94ivq" style="width: 45px;"><button disabled="" type="button" class="chakra-button css-mudsm6" data-testid="atc-button"><svg stroke="currentColor" fill="currentColor" stroke-width="0" viewBox="0 0 24 24" focusable="false" class="chakra-icon css-1g3sp7a" data-testid="btn-icon" aria-hidden="true" height="1em" width="1em" xmlns="http://www.w3.org/2000/svg"><path d="M19 13h-6v6h-2v-6H5v-2h6V5h2v6h6v2z"></path></svg><span class="css-idkz9h">Add Limited Edition Cranberry Ginger Ale to cart</span></button></div></div><div class="css-4saf4a"><p class="chakra-text css-py8788" data-testid="inventory-badge-text">Out of Stock</p></div></div></div></div></div><div class="css-0"><div class="css-f5i5wc"><div class="chakra-linkbox css-vhnn8v"><div data-testid="product-image" class="css-16dr4ly"><img alt="7Up Soda       6x710.0 ml, $0.14/100ml" src="https://assets.shop.loblaws.ca/products/20310937002/b3/en/front/20310937002_front_a06_@2.png" srcset="https://assets.shop.loblaws.ca/products/20310937002/b3/en/front/20310937002_front_a06_@2.png 1x, https://assets.shop.loblaws.ca/products/20310937002/b3/en/front/20310937002_front_a06_@2.png 2x" loading="lazy" class="chakra-image css-oguq8l" aria-hidden="true"></div><div class="css-qoklea"><div class="css-12dchmx"></div><div data-testid="price-product-tile" class="css-8atqhb"><p class="chakra-text css-0"><span class="chakra-text css-pwnbcb" data-testid="regular-price"><span class="css-idkz9h">$5.99</span>$5.99</span></p></div><a href="/soda/p/20310937002_C06?source=nspt" class="chakra-linkbox__overlay css-1hnz6hu"><div class="css-0"><p class="chakra-text css-1ecdp9w" data-testid="product-brand">7Up</p><h3 class="chakra-heading css-6qrhwc" id="20310937002_C06" data-testid="product-title">Soda      </h3><p class="chakra-text css-1yftjin" data-testid="product-package-size">6x710.0 ml, $0.14/100ml</p></div></a><div class="css-8keand"></div></div><div class="css-1q5omjq"><div class="css-fcebb8"><div data-testid="atc-compact" class="css-y94ivq" style="width: 45px;"><button type="button" class="chakra-button css-mudsm6" data-testid="atc-button"><svg stroke="currentColor" fill="currentColor" stroke-width="0" viewBox="0 0 24 24" focusable="false" class="chakra-icon css-1g3sp7a" data-testid="btn-icon" aria-hidden="true" height="1em" width="1em" xmlns="http://www.w3.org/2000/svg"><path d="M19 13h-6v6h-2v-6H5v-2h6V5h2v6h6v2z"></path></svg><span class="css-idkz9h">Add Soda       to cart</span></button></div></div></div></div></div></div><div class="css-0"><div class="css-f5i5wc"><div class="chakra-linkbox css-vhnn8v"><div data-testid="product-image" class="css-16dr4ly"><img alt="Fresca Soda Sugar-Free Natural Grapefruit Flavour 6x222.0 ml, $0.26/100ml" src="https://assets.shop.loblaws.ca/products/21022955/b3/en/front/21022955_front_a06_@2.png" srcset="https://assets.shop.loblaws.ca/products/21022955/b3/en/front/21022955_front_a06_@2.png 1x, https://assets.shop.loblaws.ca/products/21022955/b3/en/front/21022955_front_a06_@2.png 2x" loading="lazy" class="chakra-image css-oguq8l" aria-hidden="true"></div><div class="css-qoklea"><div class="css-12dchmx"></div><div data-testid="price-product-tile" class="css-8atqhb"><p class="chakra-text css-0"><span class="chakra-text css-o93gbd" data-testid="sale-price"><span class="css-idkz9h">$3.49</span>$3.49</span><span class="chakra-text css-623q5h" data-testid="was-price"><span class="css-idkz9h">$4.29</span>$4.29</span></p><p class="chakra-text css-1m5a6y8" data-testid="price-descriptor">SAVE $0.80</p></div><a href="/soda-sugar-free-natural-grapefruit-flavour/p/21022955_C06?source=nspt" class="chakra-linkbox__overlay css-1hnz6hu"><div class="css-0"><p class="chakra-text css-1ecdp9w" data-testid="product-brand">Fresca</p><h3 class="chakra-heading css-6qrhwc" id="21022955_C06" data-testid="product-title">Soda Sugar-Free Natural Grapefruit Flavour</h3><p class="chakra-text css-1yftjin" data-testid="product-package-size">6x222.0 ml, $0.26/100ml</p></div></a><div class="css-8keand"></div></div><div class="css-1q5omjq"><div class="css-fcebb8"><div data-testid="atc-compact" class="css-y94ivq" style="width: 45px;"><button type="button" class="chakra-button css-mudsm6" data-testid="atc-button"><svg stroke="currentColor" fill="currentColor" stroke-width="0" viewBox="0 0 24 24" focusable="false" class="chakra-icon css-1g3sp7a" data-testid="btn-icon" aria-hidden="true" height="1em" width="1em" xmlns="http://www.w3.org/2000/svg"><path d="M19 13h-6v6h-2v-6H5v-2h6V5h2v6h6v2z"></path></svg><span class="css-idkz9h">Add Soda Sugar-Free Natural Grapefruit Flavour to cart</span></button></div></div><div class="css-4saf4a"><p class="chakra-text css-py8788" data-testid="inventory-badge-text">Low Stock</p></div></div></div></div></div><div class="css-0"><div class="css-f5i5wc"><div class="chakra-linkbox css-vhnn8v"><div data-testid="product-image" class="css-16dr4ly"><img alt="Sprite Bottle    8x300.0 ml, $0.31/100ml" src="https://assets.shop.loblaws.ca/products/21181174/b3/en/front/21181174_front_a06_@2.png" srcset="https://assets.shop.loblaws.ca/products/21181174/b3/en/front/21181174_front_a06_@2.png 1x, https://assets.shop.loblaws.ca/products/21181174/b3/en/front/21181174_front_a06_@2.png 2x" loading="lazy" class="chakra-image css-oguq8l" aria-hidden="true"></div><div class="css-qoklea"><div class="css-12dchmx"></div><div data-testid="price-product-tile" class="css-8atqhb"><p class="chakra-text css-0"><span class="chakra-text css-pwnbcb" data-testid="regular-price"><span class="css-idkz9h">$7.49</span>$7.49</span></p></div><a href="/bottle/p/21181174_C08?source=nspt" class="chakra-linkbox__overlay css-1hnz6hu"><div class="css-0"><p class="chakra-text css-1ecdp9w" data-testid="product-brand">Sprite</p><h3 class="chakra-heading css-6qrhwc" id="21181174_C08" data-testid="product-title">Bottle   </h3><p class="chakra-text css-1yftjin" data-testid="product-package-size">8x300.0 ml, $0.31/100ml</p></div></a><div class="css-8keand"></div></div><div class="css-1q5omjq"><div class="css-fcebb8"><div data-testid="atc-compact" class="css-y94ivq" style="width: 45px;"><button type="button" class="chakra-button css-mudsm6" data-testid="atc-button"><svg stroke="currentColor" fill="currentColor" stroke-width="0" viewBox="0 0 24 24" focusable="false" class="chakra-icon css-1g3sp7a" data-testid="btn-icon" aria-hidden="true" height="1em" width="1em" xmlns="http://www.w3.org/2000/svg"><path d="M19 13h-6v6h-2v-6H5v-2h6V5h2v6h6v2z"></path></svg><span class="css-idkz9h">Add Bottle    to cart</span></button></div></div></div></div></div></div><div class="css-0"><div class="css-f5i5wc"><div class="chakra-linkbox css-vhnn8v"><div data-testid="product-image" class="css-16dr4ly"><img alt="President's Choice Diet Tonic Water 2 l, $0.06/100ml" src="https://assets.shop.loblaws.ca/products/20311645014/b3/en/front/20311645014_front_a06_@2.png" srcset="https://assets.shop.loblaws.ca/products/20311645014/b3/en/front/20311645014_front_a06_@2.png 1x, https://assets.shop.loblaws.ca/products/20311645014/b3/en/front/20311645014_front_a06_@2.png 2x" loading="lazy" class="chakra-image css-oguq8l" aria-hidden="true"></div><div class="css-qoklea"><div class="css-12dchmx"></div><div data-testid="price-product-tile" class="css-8atqhb"><p class="chakra-text css-0"><span class="chakra-text css-pwnbcb" data-testid="regular-price"><span class="css-idkz9h">$1.25</span>$1.25</span></p></div><a href="/diet-tonic-water/p/20311645014_EA?source=nspt" class="chakra-linkbox__overlay css-1hnz6hu"><div class="css-0"><p class="chakra-text css-1ecdp9w" data-testid="product-brand">President's Choice</p><h3 class="chakra-heading css-6qrhwc" id="20311645014_EA" data-testid="product-title">Diet Tonic Water</h3><p class="chakra-text css-1yftjin" data-testid="product-package-size">2 l, $0.06/100ml</p></div></a><div class="css-8keand"></div></div><div class="css-1q5omjq"><div class="css-fcebb8"><div data-testid="atc-compact" class="css-y94ivq" style="width: 45px;"><button type="button" class="chakra-button css-mudsm6" data-testid="atc-button"><svg stroke="currentColor" fill="currentColor" stroke-width="0" viewBox="0 0 24 24" focusable="false" class="chakra-icon css-1g3sp7a" data-testid="btn-icon" aria-hidden="true" height="1em" width="1em" xmlns="http://www.w3.org/2000/svg"><path d="M19 13h-6v6h-2v-6H5v-2h6V5h2v6h6v2z"></path></svg><span class="css-idkz9h">Add Diet Tonic Water to cart</span></button></div></div></div></div></div></div><div class="css-0"><div class="css-f5i5wc"><div class="chakra-linkbox css-vhnn8v"><div data-testid="product-image" class="css-16dr4ly"><img alt="President's Choice Mini Ginger Ale 6 Pack 6x222.0 ml, $0.22/100ml" src="https://assets.shop.loblaws.ca/products/21087279/b3/en/front/21087279_front_a06_@2.png" srcset="https://assets.shop.loblaws.ca/products/21087279/b3/en/front/21087279_front_a06_@2.png 1x, https://assets.shop.loblaws.ca/products/21087279/b3/en/front/21087279_front_a06_@2.png 2x" loading="lazy" class="chakra-image css-oguq8l" aria-hidden="true"></div><div class="css-qoklea"><div class="css-12dchmx"></div><div data-testid="price-product-tile" class="css-8atqhb"><p class="chakra-text css-0"><span class="chakra-text css-pwnbcb" data-testid="regular-price"><span class="css-idkz9h">$2.99</span>$2.99</span></p></div><a href="/mini-ginger-ale-6-pack/p/21087279_C06?source=nspt" class="chakra-linkbox__overlay css-1hnz6hu"><div class="css-0"><p class="chakra-text css-1ecdp9w" data-testid="product-brand">President's Choice</p><h3 class="chakra-heading css-6qrhwc" id="21087279_C06" data-testid="product-title">Mini Ginger Ale 6 Pack</h3><p class="chakra-text css-1yftjin" data-testid="product-package-size">6x222.0 ml, $0.22/100ml</p></div></a><div class="css-8keand"></div></div><div class="css-1q5omjq"><div class="css-fcebb8"><div data-testid="atc-compact" class="css-y94ivq" style="width: 45px;"><button type="button" class="chakra-button css-mudsm6" data-testid="atc-button"><svg stroke="currentColor" fill="currentColor" stroke-width="0" viewBox="0 0 24 24" focusable="false" class="chakra-icon css-1g3sp7a" data-testid="btn-icon" aria-hidden="true" height="1em" width="1em" xmlns="http://www.w3.org/2000/svg"><path d="M19 13h-6v6h-2v-6H5v-2h6V5h2v6h6v2z"></path></svg><span class="css-idkz9h">Add Mini Ginger Ale 6 Pack to cart</span></button></div></div></div></div></div></div><div class="css-0"><div class="css-f5i5wc"><div class="chakra-linkbox css-vhnn8v"><div data-testid="product-image" class="css-16dr4ly"><img alt="President's Choice Diet Ginger Ale 2 l, $0.06/100ml" src="https://assets.shop.loblaws.ca/products/20311645007/b3/en/front/20311645007_front_a06_@2.png" srcset="https://assets.shop.loblaws.ca/products/20311645007/b3/en/front/20311645007_front_a06_@2.png 1x, https://assets.shop.loblaws.ca/products/20311645007/b3/en/front/20311645007_front_a06_@2.png 2x" loading="lazy" class="chakra-image css-oguq8l" aria-hidden="true"></div><div class="css-qoklea"><div class="css-12dchmx"></div><div data-testid="price-product-tile" class="css-8atqhb"><p class="chakra-text css-0"><span class="chakra-text css-pwnbcb" data-testid="regular-price"><span class="css-idkz9h">$1.25</span>$1.25</span></p></div><a href="/diet-ginger-ale/p/20311645007_EA?source=nspt" class="chakra-linkbox__overlay css-1hnz6hu"><div class="css-0"><p class="chakra-text css-1ecdp9w" data-testid="product-brand">President's Choice</p><h3 class="chakra-heading css-6qrhwc" id="20311645007_EA" data-testid="product-title">Diet Ginger Ale</h3><p class="chakra-text css-1yftjin" data-testid="product-package-size">2 l, $0.06/100ml</p></div></a><div class="css-8keand"></div></div><div class="css-1q5omjq"><div class="css-fcebb8"><div data-testid="atc-compact" class="css-y94ivq" style="width: 45px;"><button type="button" class="chakra-button css-mudsm6" data-testid="atc-button"><svg stroke="currentColor" fill="currentColor" stroke-width="0" viewBox="0 0 24 24" focusable="false" class="chakra-icon css-1g3sp7a" data-testid="btn-icon" aria-hidden="true" height="1em" width="1em" xmlns="http://www.w3.org/2000/svg"><path d="M19 13h-6v6h-2v-6H5v-2h6V5h2v6h6v2z"></path></svg><span class="css-idkz9h">Add Diet Ginger Ale to cart</span></button></div></div></div></div></div></div><div class="css-0"><div class="css-f5i5wc"><div class="chakra-linkbox css-vhnn8v"><div data-testid="product-image" class="css-16dr4ly"><img alt="Pepsi Zero Sugar Lime 12x355.0 ml, $0.16/100ml" src="https://assets.shop.loblaws.ca/products/21576392/b3/en/front/21576392_front_a06_@2.png" srcset="https://assets.shop.loblaws.ca/products/21576392/b3/en/front/21576392_front_a06_@2.png 1x, https://assets.shop.loblaws.ca/products/21576392/b3/en/front/21576392_front_a06_@2.png 2x" loading="lazy" class="chakra-image css-oguq8l" aria-hidden="true"></div><div class="css-qoklea"><div class="css-12dchmx"></div><div data-testid="price-product-tile" class="css-8atqhb"><p class="chakra-text css-0"><span class="chakra-text css-pwnbcb" data-testid="regular-price"><span class="css-idkz9h">$6.99</span>$6.99</span></p></div><a href="/zero-sugar-lime/p/21576392_C12?source=nspt" class="chakra-linkbox__overlay css-1hnz6hu"><div class="css-0"><p class="chakra-text css-1ecdp9w" data-testid="product-brand">Pepsi</p><h3 class="chakra-heading css-6qrhwc" id="21576392_C12" data-testid="product-title">Zero Sugar Lime</h3><p class="chakra-text css-1yftjin" data-testid="product-package-size">12x355.0 ml, $0.16/100ml</p></div></a><div class="css-8keand"></div></div><div class="css-1q5omjq"><div class="css-fcebb8"><div data-testid="atc-compact" class="css-y94ivq" style="width: 45px;"><button type="button" class="chakra-button css-mudsm6" data-testid="atc-button"><svg stroke="currentColor" fill="currentColor" stroke-width="0" viewBox="0 0 24 24" focusable="false" class="chakra-icon css-1g3sp7a" data-testid="btn-icon" aria-hidden="true" height="1em" width="1em" xmlns="http://www.w3.org/2000/svg"><path d="M19 13h-6v6h-2v-6H5v-2h6V5h2v6h6v2z"></path></svg><span class="css-idkz9h">Add Zero Sugar Lime to cart</span></button></div></div></div></div></div></div><div class="css-0"><div class="css-f5i5wc"><div class="chakra-linkbox css-vhnn8v"><div data-testid="product-image" class="css-16dr4ly"><img alt="Canada Dry Limited Edition Cranberry Ginger Ale, case 6x222.0 ml, $0.34/100ml" src="https://assets.shop.loblaws.ca/products/21062428/b3/en/front/21062428_front_a06_@2.png" srcset="https://assets.shop.loblaws.ca/products/21062428/b3/en/front/21062428_front_a06_@2.png 1x, https://assets.shop.loblaws.ca/products/21062428/b3/en/front/21062428_front_a06_@2.png 2x" loading="lazy" class="chakra-image css-oguq8l" aria-hidden="true"></div><div class="css-qoklea"><div class="css-12dchmx"></div><div data-testid="price-product-tile" class="css-8atqhb"><p class="chakra-text css-0"><span class="chakra-text css-pwnbcb" data-testid="regular-price"><span class="css-idkz9h">$4.49</span>$4.49</span></p></div><a href="/limited-edition-cranberry-ginger-ale-case/p/21062428_C06?source=nspt" class="chakra-linkbox__overlay css-1hnz6hu"><div class="css-0"><p class="chakra-text css-1ecdp9w" data-testid="product-brand">Canada Dry</p><h3 class="chakra-heading css-6qrhwc" id="21062428_C06" data-testid="product-title">Limited Edition Cranberry Ginger Ale, case</h3><p class="chakra-text css-1yftjin" data-testid="product-package-size">6x222.0 ml, $0.34/100ml</p></div></a><div class="css-8keand"></div></div><div class="css-1q5omjq"><div class="css-fcebb8"><div data-testid="atc-compact" class="css-y94ivq" style="width: 45px;"><button disabled="" type="button" class="chakra-button css-mudsm6" data-testid="atc-button"><svg stroke="currentColor" fill="currentColor" stroke-width="0" viewBox="0 0 24 24" focusable="false" class="chakra-icon css-1g3sp7a" data-testid="btn-icon" aria-hidden="true" height="1em" width="1em" xmlns="http://www.w3.org/2000/svg"><path d="M19 13h-6v6h-2v-6H5v-2h6V5h2v6h6v2z"></path></svg><span class="css-idkz9h">Add Limited Edition Cranberry Ginger Ale, case to cart</span></button></div></div><div class="css-4saf4a"><p class="chakra-text css-py8788" data-testid="inventory-badge-text">Out of Stock</p></div></div></div></div></div><div class="css-0"><div class="css-f5i5wc"><div class="chakra-linkbox css-vhnn8v"><div data-testid="product-image" class="css-16dr4ly"><img alt="President's Choice Mini Tonic Water 6 Pack 6x222.0 ml, $0.22/100ml" src="https://assets.shop.loblaws.ca/products/21094861/b3/en/front/21094861_front_a06_@2.png" srcset="https://assets.shop.loblaws.ca/products/21094861/b3/en/front/21094861_front_a06_@2.png 1x, https://assets.shop.loblaws.ca/products/21094861/b3/en/front/21094861_front_a06_@2.png 2x" loading="lazy" class="chakra-image css-oguq8l" aria-hidden="true"></div><div class="css-qoklea"><div class="css-12dchmx"></div><div data-testid="price-product-tile" class="css-8atqhb"><p class="chakra-text css-0"><span class="chakra-text css-pwnbcb" data-testid="regular-price"><span class="css-idkz9h">$2.99</span>$2.99</span></p></div><a href="/mini-tonic-water-6-pack/p/21094861_C06?source=nspt" class="chakra-linkbox__overlay css-1hnz6hu"><div class="css-0"><p class="chakra-text css-1ecdp9w" data-testid="product-brand">President's Choice</p><h3 class="chakra-heading css-6qrhwc" id="21094861_C06" data-testid="product-title">Mini Tonic Water 6 Pack</h3><p class="chakra-text css-1yftjin" data-testid="product-package-size">6x222.0 ml, $0.22/100ml</p></div></a><div class="css-8keand"></div></div><div class="css-1q5omjq"><div class="css-fcebb8"><div data-testid="atc-compact" class="css-y94ivq" style="width: 45px;"><button type="button" class="chakra-button css-mudsm6" data-testid="atc-button"><svg stroke="currentColor" fill="currentColor" stroke-width="0" viewBox="0 0 24 24" focusable="false" class="chakra-icon css-1g3sp7a" data-testid="btn-icon" aria-hidden="true" height="1em" width="1em" xmlns="http://www.w3.org/2000/svg"><path d="M19 13h-6v6h-2v-6H5v-2h6V5h2v6h6v2z"></path></svg><span class="css-idkz9h">Add Mini Tonic Water 6 Pack to cart</span></button></div></div></div></div></div></div><div class="css-0"><div class="css-f5i5wc"><div class="chakra-linkbox css-vhnn8v"><div data-testid="product-image" class="css-16dr4ly"><img alt="Coca-Cola Diet, Bottle 500 ml, $0.50/100ml" src="https://assets.shop.loblaws.ca/products/20827666/b3/en/front/20827666_front_a06_@2.png" srcset="https://assets.shop.loblaws.ca/products/20827666/b3/en/front/20827666_front_a06_@2.png 1x, https://assets.shop.loblaws.ca/products/20827666/b3/en/front/20827666_front_a06_@2.png 2x" loading="lazy" class="chakra-image css-oguq8l" aria-hidden="true"></div><div class="css-qoklea"><div class="css-12dchmx"></div><div data-testid="price-product-tile" class="css-8atqhb"><p class="chakra-text css-0"><span class="chakra-text css-pwnbcb" data-testid="regular-price"><span class="css-idkz9h">$2.50</span>$2.50</span></p></div><a href="/diet-bottle/p/20827666_EA?source=nspt" class="chakra-linkbox__overlay css-1hnz6hu"><div class="css-0"><p class="chakra-text css-1ecdp9w" data-testid="product-brand">Coca-Cola</p><h3 class="chakra-heading css-6qrhwc" id="20827666_EA" data-testid="product-title">Diet, Bottle</h3><p class="chakra-text css-1yftjin" data-testid="product-package-size">500 ml, $0.50/100ml</p></div></a><div class="css-8keand"></div></div><div class="css-1q5omjq"><div class="css-fcebb8"><div data-testid="atc-compact" class="css-y94ivq" style="width: 45px;"><button type="button" class="chakra-button css-mudsm6" data-testid="atc-button"><svg stroke="currentColor" fill="currentColor" stroke-width="0" viewBox="0 0 24 24" focusable="false" class="chakra-icon css-1g3sp7a" data-testid="btn-icon" aria-hidden="true" height="1em" width="1em" xmlns="http://www.w3.org/2000/svg"><path d="M19 13h-6v6h-2v-6H5v-2h6V5h2v6h6v2z"></path></svg><span class="css-idkz9h">Add Diet, Bottle to cart</span></button></div></div></div></div></div></div><div class="css-0"><div class="css-f5i5wc"><div class="chakra-linkbox css-vhnn8v"><div data-testid="product-image" class="css-16dr4ly"><img alt="Jarritos Mexican Cola Soda with Natural and Artificial Flavours 370 ml, $0.62/100ml" src="https://assets.shop.loblaws.ca/products/21040487/b3/en/front/21040487_front_a06_@2.png" srcset="https://assets.shop.loblaws.ca/products/21040487/b3/en/front/21040487_front_a06_@2.png 1x, https://assets.shop.loblaws.ca/products/21040487/b3/en/front/21040487_front_a06_@2.png 2x" loading="lazy" class="chakra-image css-oguq8l" aria-hidden="true"></div><div class="css-qoklea"><div class="css-12dchmx"></div><div data-testid="price-product-tile" class="css-8atqhb"><p class="chakra-text css-0"><span class="chakra-text css-pwnbcb" data-testid="regular-price"><span class="css-idkz9h">$2.29</span>$2.29</span></p></div><a href="/mexican-cola-soda-with-natural-and-artificial-flav/p/21040487_EA?source=nspt" class="chakra-linkbox__overlay css-1hnz6hu"><div class="css-0"><p class="chakra-text css-1ecdp9w" data-testid="product-brand">Jarritos</p><h3 class="chakra-heading css-6qrhwc" id="21040487_EA" data-testid="product-title">Mexican Cola Soda with Natural and Artificial Flavours</h3><p class="chakra-text css-1yftjin" data-testid="product-package-size">370 ml, $0.62/100ml</p></div></a><div class="css-8keand"></div></div><div class="css-1q5omjq"><div class="css-fcebb8"><div data-testid="atc-compact" class="css-y94ivq" style="width: 45px;"><button type="button" class="chakra-button css-mudsm6" data-testid="atc-button"><svg stroke="currentColor" fill="currentColor" stroke-width="0" viewBox="0 0 24 24" focusable="false" class="chakra-icon css-1g3sp7a" data-testid="btn-icon" aria-hidden="true" height="1em" width="1em" xmlns="http://www.w3.org/2000/svg"><path d="M19 13h-6v6h-2v-6H5v-2h6V5h2v6h6v2z"></path></svg><span class="css-idkz9h">Add Mexican Cola Soda with Natural and Artificial Flavours to cart</span></button></div></div></div></div></div></div><div class="css-0"><div class="css-f5i5wc"><div class="chakra-linkbox css-vhnn8v"><div data-testid="product-image" class="css-16dr4ly"><img alt="Canada Dry Tonic Water  6x222.0 ml, $0.26/100ml" src="https://assets.shop.loblaws.ca/products/21065068/b3/en/front/21065068_front_a06_@2.png" srcset="https://assets.shop.loblaws.ca/products/21065068/b3/en/front/21065068_front_a06_@2.png 1x, https://assets.shop.loblaws.ca/products/21065068/b3/en/front/21065068_front_a06_@2.png 2x" loading="lazy" class="chakra-image css-oguq8l" aria-hidden="true"></div><div class="css-qoklea"><div class="css-12dchmx"></div><div data-testid="price-product-tile" class="css-8atqhb"><p class="chakra-text css-0"><span class="chakra-text css-o93gbd" data-testid="sale-price"><span class="css-idkz9h">$3.49</span>$3.49</span><span class="chakra-text css-623q5h" data-testid="was-price"><span class="css-idkz9h">$4.29</span>$4.29</span></p><p class="chakra-text css-1m5a6y8" data-testid="price-descriptor">SAVE $0.80</p></div><a href="/tonic-water/p/21065068_C06?source=nspt" class="chakra-linkbox__overlay css-1hnz6hu"><div class="css-0"><p class="chakra-text css-1ecdp9w" data-testid="product-brand">Canada Dry</p><h3 class="chakra-heading css-6qrhwc" id="21065068_C06" data-testid="product-title">Tonic Water </h3><p class="chakra-text css-1yftjin" data-testid="product-package-size">6x222.0 ml, $0.26/100ml</p></div></a><div class="css-8keand"></div></div><div class="css-1q5omjq"><div class="css-fcebb8"><div data-testid="atc-compact" class="css-y94ivq" style="width: 45px;"><button disabled="" type="button" class="chakra-button css-mudsm6" data-testid="atc-button"><svg stroke="currentColor" fill="currentColor" stroke-width="0" viewBox="0 0 24 24" focusable="false" class="chakra-icon css-1g3sp7a" data-testid="btn-icon" aria-hidden="true" height="1em" width="1em" xmlns="http://www.w3.org/2000/svg"><path d="M19 13h-6v6h-2v-6H5v-2h6V5h2v6h6v2z"></path></svg><span class="css-idkz9h">Add Tonic Water  to cart</span></button></div></div><div class="css-4saf4a"><p class="chakra-text css-py8788" data-testid="inventory-badge-text">Out of Stock</p></div></div></div></div></div><div class="css-0"><div class="css-f5i5wc"><div class="chakra-linkbox css-vhnn8v"><div data-testid="product-image" class="css-16dr4ly"><img alt="Coca-Cola Zero Sugar 1 l, $0.18/100ml" src="https://assets.shop.loblaws.ca/products/20659785/b3/en/front/20659785_front_a06_@2.png" srcset="https://assets.shop.loblaws.ca/products/20659785/b3/en/front/20659785_front_a06_@2.png 1x, https://assets.shop.loblaws.ca/products/20659785/b3/en/front/20659785_front_a06_@2.png 2x" loading="lazy" class="chakra-image css-oguq8l" aria-hidden="true"></div><div class="css-qoklea"><div class="css-12dchmx"></div><div data-testid="price-product-tile" class="css-8atqhb"><p class="chakra-text css-0"><span class="chakra-text css-pwnbcb" data-testid="regular-price"><span class="css-idkz9h">$1.79</span>$1.79</span></p></div><a href="/zero-sugar/p/20659785_EA?source=nspt" class="chakra-linkbox__overlay css-1hnz6hu"><div class="css-0"><p class="chakra-text css-1ecdp9w" data-testid="product-brand">Coca-Cola</p><h3 class="chakra-heading css-6qrhwc" id="20659785_EA" data-testid="product-title">Zero Sugar</h3><p class="chakra-text css-1yftjin" data-testid="product-package-size">1 l, $0.18/100ml</p></div></a><div class="css-8keand"></div></div><div class="css-1q5omjq"><div class="css-fcebb8"><div data-testid="atc-compact" class="css-y94ivq" style="width: 45px;"><button type="button" class="chakra-button css-mudsm6" data-testid="atc-button"><svg stroke="currentColor" fill="currentColor" stroke-width="0" viewBox="0 0 24 24" focusable="false" class="chakra-icon css-1g3sp7a" data-testid="btn-icon" aria-hidden="true" height="1em" width="1em" xmlns="http://www.w3.org/2000/svg"><path d="M19 13h-6v6h-2v-6H5v-2h6V5h2v6h6v2z"></path></svg><span class="css-idkz9h">Add Zero Sugar to cart</span></button></div></div></div></div></div></div><div class="css-0"><div class="css-f5i5wc"><div class="chakra-linkbox css-vhnn8v"><div data-testid="product-image" class="css-16dr4ly"><img alt="Coca-Cola Diet Coke   8x300.0 ml, $0.31/100ml" src="https://assets.shop.loblaws.ca/products/21181171/b3/en/front/21181171_front_a06_@2.png" srcset="https://assets.shop.loblaws.ca/products/21181171/b3/en/front/21181171_front_a06_@2.png 1x, https://assets.shop.loblaws.ca/products/21181171/b3/en/front/21181171_front_a06_@2.png 2x" loading="lazy" class="chakra-image css-oguq8l" aria-hidden="true"></div><div class="css-qoklea"><div class="css-12dchmx"></div><div data-testid="price-product-tile" class="css-8atqhb"><p class="chakra-text css-0"><span class="chakra-text css-pwnbcb" data-testid="regular-price"><span class="css-idkz9h">$7.49</span>$7.49</span></p></div><a href="/diet-coke/p/21181171_C08?source=nspt" class="chakra-linkbox__overlay css-1hnz6hu"><div class="css-0"><p class="chakra-text css-1ecdp9w" data-testid="product-brand">Coca-Cola</p><h3 class="chakra-heading css-6qrhwc" id="21181171_C08" data-testid="product-title">Diet Coke  </h3><p class="chakra-text css-1yftjin" data-testid="product-package-size">8x300.0 ml, $0.31/100ml</p></div></a><div class="css-8keand"></div></div><div class="css-1q5omjq"><div class="css-fcebb8"><div data-testid="atc-compact" class="css-y94ivq" style="width: 45px;"><button type="button" class="chakra-button css-mudsm6" data-testid="atc-button"><svg stroke="currentColor" fill="currentColor" stroke-width="0" viewBox="0 0 24 24" focusable="false" class="chakra-icon css-1g3sp7a" data-testid="btn-icon" aria-hidden="true" height="1em" width="1em" xmlns="http://www.w3.org/2000/svg"><path d="M19 13h-6v6h-2v-6H5v-2h6V5h2v6h6v2z"></path></svg><span class="css-idkz9h">Add Diet Coke   to cart</span></button></div></div><div class="css-4saf4a"><p class="chakra-text css-py8788" data-testid="inventory-badge-text">Low Stock</p></div></div></div></div></div><div class="css-0"><div class="css-f5i5wc"><div class="chakra-linkbox css-vhnn8v"><div data-testid="product-image" class="css-16dr4ly"><img alt="Coca-Cola Zero Sugar     8x300.0 ml, $0.31/100ml" src="https://assets.shop.loblaws.ca/products/21181175/b3/en/front/21181175_front_a06_@2.png" srcset="https://assets.shop.loblaws.ca/products/21181175/b3/en/front/21181175_front_a06_@2.png 1x, https://assets.shop.loblaws.ca/products/21181175/b3/en/front/21181175_front_a06_@2.png 2x" loading="lazy" class="chakra-image css-oguq8l" aria-hidden="true"></div><div class="css-qoklea"><div class="css-12dchmx"></div><div data-testid="price-product-tile" class="css-8atqhb"><p class="chakra-text css-0"><span class="chakra-text css-pwnbcb" data-testid="regular-price"><span class="css-idkz9h">$7.49</span>$7.49</span></p></div><a href="/zero-sugar/p/21181175_C08?source=nspt" class="chakra-linkbox__overlay css-1hnz6hu"><div class="css-0"><p class="chakra-text css-1ecdp9w" data-testid="product-brand">Coca-Cola</p><h3 class="chakra-heading css-6qrhwc" id="21181175_C08" data-testid="product-title">Zero Sugar    </h3><p class="chakra-text css-1yftjin" data-testid="product-package-size">8x300.0 ml, $0.31/100ml</p></div></a><div class="css-8keand"></div></div><div class="css-1q5omjq"><div class="css-fcebb8"><div data-testid="atc-compact" class="css-y94ivq" style="width: 45px;"><button type="button" class="chakra-button css-mudsm6" data-testid="atc-button"><svg stroke="currentColor" fill="currentColor" stroke-width="0" viewBox="0 0 24 24" focusable="false" class="chakra-icon css-1g3sp7a" data-testid="btn-icon" aria-hidden="true" height="1em" width="1em" xmlns="http://www.w3.org/2000/svg"><path d="M19 13h-6v6h-2v-6H5v-2h6V5h2v6h6v2z"></path></svg><span class="css-idkz9h">Add Zero Sugar     to cart</span></button></div></div></div></div></div></div><div class="css-0"><div class="css-f5i5wc"><div class="chakra-linkbox css-vhnn8v"><div data-testid="product-image" class="css-16dr4ly"><img alt="President's Choice Low Sodium &amp; Caffeine-Free Diet Cola 2 l, $0.06/100ml" src="https://assets.shop.loblaws.ca/products/20311645009/b3/en/front/20311645009_front_a06_@2.png" srcset="https://assets.shop.loblaws.ca/products/20311645009/b3/en/front/20311645009_front_a06_@2.png 1x, https://assets.shop.loblaws.ca/products/20311645009/b3/en/front/20311645009_front_a06_@2.png 2x" loading="lazy" class="chakra-image css-oguq8l" aria-hidden="true"></div><div class="css-qoklea"><div class="css-12dchmx"></div><div data-testid="price-product-tile" class="css-8atqhb"><p class="chakra-text css-0"><span class="chakra-text css-pwnbcb" data-testid="regular-price"><span class="css-idkz9h">$1.25</span>$1.25</span></p></div><a href="/low-sodium-caffeine-free-diet-cola/p/20311645009_EA?source=nspt" class="chakra-linkbox__overlay css-1hnz6hu"><div class="css-0"><p class="chakra-text css-1ecdp9w" data-testid="product-brand">President's Choice</p><h3 class="chakra-heading css-6qrhwc" id="20311645009_EA" data-testid="product-title">Low Sodium &amp; Caffeine-Free Diet Cola</h3><p class="chakra-text css-1yftjin" data-testid="product-package-size">2 l, $0.06/100ml</p></div></a><div class="css-8keand"></div></div><div class="css-1q5omjq"><div class="css-fcebb8"><div data-testid="atc-compact" class="css-y94ivq" style="width: 45px;"><button type="button" class="chakra-button css-mudsm6" data-testid="atc-button"><svg stroke="currentColor" fill="currentColor" stroke-width="0" viewBox="0 0 24 24" focusable="false" class="chakra-icon css-1g3sp7a" data-testid="btn-icon" aria-hidden="true" height="1em" width="1em" xmlns="http://www.w3.org/2000/svg"><path d="M19 13h-6v6h-2v-6H5v-2h6V5h2v6h6v2z"></path></svg><span class="css-idkz9h">Add Low Sodium &amp; Caffeine-Free Diet Cola to cart</span></button></div></div></div></div></div></div><div class="css-0"><div class="css-f5i5wc"><div class="chakra-linkbox css-vhnn8v"><div data-testid="product-image" class="css-16dr4ly"><img alt="Dr Pepper Soda 2 l, $0.13/100ml" src="https://assets.shop.loblaws.ca/products/20056206001/b3/en/front/20056206001_front_a06_@2.png" srcset="https://assets.shop.loblaws.ca/products/20056206001/b3/en/front/20056206001_front_a06_@2.png 1x, https://assets.shop.loblaws.ca/products/20056206001/b3/en/front/20056206001_front_a06_@2.png 2x" loading="lazy" class="chakra-image css-oguq8l" aria-hidden="true"></div><div class="css-qoklea"><div class="css-12dchmx"></div><div data-testid="price-product-tile" class="css-8atqhb"><p class="chakra-text css-0"><span class="chakra-text css-pwnbcb" data-testid="regular-price"><span class="css-idkz9h">$2.69</span>$2.69</span></p></div><a href="/soda/p/20056206001_EA?source=nspt" class="chakra-linkbox__overlay css-1hnz6hu"><div class="css-0"><p class="chakra-text css-1ecdp9w" data-testid="product-brand">Dr Pepper</p><h3 class="chakra-heading css-6qrhwc" id="20056206001_EA" data-testid="product-title">Soda</h3><p class="chakra-text css-1yftjin" data-testid="product-package-size">2 l, $0.13/100ml</p></div></a><div class="css-8keand"></div></div><div class="css-1q5omjq"><div class="css-fcebb8"><div data-testid="atc-compact" class="css-y94ivq" style="width: 45px;"><button type="button" class="chakra-button css-mudsm6" data-testid="atc-button"><svg stroke="currentColor" fill="currentColor" stroke-width="0" viewBox="0 0 24 24" focusable="false" class="chakra-icon css-1g3sp7a" data-testid="btn-icon" aria-hidden="true" height="1em" width="1em" xmlns="http://www.w3.org/2000/svg"><path d="M19 13h-6v6h-2v-6H5v-2h6V5h2v6h6v2z"></path></svg><span class="css-idkz9h">Add Soda to cart</span></button></div></div></div></div></div></div><div class="css-0"><div class="css-f5i5wc"><div class="chakra-linkbox css-vhnn8v"><div data-testid="product-image" class="css-16dr4ly"><img alt="FANTA Pineapple Fridgepack Cans, 12 Pack 12x355.0 ml, $0.18/100ml" src="https://assets.shop.loblaws.ca/products/21437106/b3/en/front/21437106_front_a06_@2.png" srcset="https://assets.shop.loblaws.ca/products/21437106/b3/en/front/21437106_front_a06_@2.png 1x, https://assets.shop.loblaws.ca/products/21437106/b3/en/front/21437106_front_a06_@2.png 2x" loading="lazy" class="chakra-image css-oguq8l" aria-hidden="true"></div><div class="css-qoklea"><div class="css-12dchmx"></div><div data-testid="price-product-tile" class="css-8atqhb"><p class="chakra-text css-0"><span class="chakra-text css-pwnbcb" data-testid="regular-price"><span class="css-idkz9h">$7.49</span>$7.49</span></p></div><a href="/pineapple-fridgepack-cans-12-pack/p/21437106_C12?source=nspt" class="chakra-linkbox__overlay css-1hnz6hu"><div class="css-0"><p class="chakra-text css-1ecdp9w" data-testid="product-brand">FANTA</p><h3 class="chakra-heading css-6qrhwc" id="21437106_C12" data-testid="product-title">Pineapple Fridgepack Cans, 12 Pack</h3><p class="chakra-text css-1yftjin" data-testid="product-package-size">12x355.0 ml, $0.18/100ml</p></div></a><div class="css-8keand"></div></div><div class="css-1q5omjq"><div class="css-fcebb8"><div data-testid="atc-compact" class="css-y94ivq" style="width: 45px;"><button type="button" class="chakra-button css-mudsm6" data-testid="atc-button"><svg stroke="currentColor" fill="currentColor" stroke-width="0" viewBox="0 0 24 24" focusable="false" class="chakra-icon css-1g3sp7a" data-testid="btn-icon" aria-hidden="true" height="1em" width="1em" xmlns="http://www.w3.org/2000/svg"><path d="M19 13h-6v6h-2v-6H5v-2h6V5h2v6h6v2z"></path></svg><span class="css-idkz9h">Add Pineapple Fridgepack Cans, 12 Pack to cart</span></button></div></div></div></div></div></div><div class="css-0"><div class="css-f5i5wc"><div class="chakra-linkbox css-vhnn8v"><div data-testid="product-image" class="css-16dr4ly"><img alt="Coca-Cola Zero Sugar Cherry, 12 pack 12x355.0 ml, $0.18/100ml" src="https://assets.shop.loblaws.ca/products/21021564/b3/en/front/21021564_front_a06_@2.png" srcset="https://assets.shop.loblaws.ca/products/21021564/b3/en/front/21021564_front_a06_@2.png 1x, https://assets.shop.loblaws.ca/products/21021564/b3/en/front/21021564_front_a06_@2.png 2x" loading="lazy" class="chakra-image css-oguq8l" aria-hidden="true"></div><div class="css-qoklea"><div class="css-12dchmx"></div><div data-testid="price-product-tile" class="css-8atqhb"><p class="chakra-text css-0"><span class="chakra-text css-pwnbcb" data-testid="regular-price"><span class="css-idkz9h">$7.49</span>$7.49</span></p></div><a href="/zero-sugar-cherry-12-pack/p/21021564_C12?source=nspt" class="chakra-linkbox__overlay css-1hnz6hu"><div class="css-0"><p class="chakra-text css-1ecdp9w" data-testid="product-brand">Coca-Cola</p><h3 class="chakra-heading css-6qrhwc" id="21021564_C12" data-testid="product-title">Zero Sugar Cherry, 12 pack</h3><p class="chakra-text css-1yftjin" data-testid="product-package-size">12x355.0 ml, $0.18/100ml</p></div></a><div class="css-8keand"></div></div><div class="css-1q5omjq"><div class="css-fcebb8"><div data-testid="atc-compact" class="css-y94ivq" style="width: 45px;"><button type="button" class="chakra-button css-mudsm6" data-testid="atc-button"><svg stroke="currentColor" fill="currentColor" stroke-width="0" viewBox="0 0 24 24" focusable="false" class="chakra-icon css-1g3sp7a" data-testid="btn-icon" aria-hidden="true" height="1em" width="1em" xmlns="http://www.w3.org/2000/svg"><path d="M19 13h-6v6h-2v-6H5v-2h6V5h2v6h6v2z"></path></svg><span class="css-idkz9h">Add Zero Sugar Cherry, 12 pack to cart</span></button></div></div></div></div></div></div><div class="css-0"><div class="css-f5i5wc"><div class="chakra-linkbox css-vhnn8v"><div data-testid="product-image" class="css-16dr4ly"><img alt="Crush Orange Soda  6x710.0 ml, $0.14/100ml" src="https://assets.shop.loblaws.ca/products/20324095/b3/en/front/20324095_front_a06_@2.png" srcset="https://assets.shop.loblaws.ca/products/20324095/b3/en/front/20324095_front_a06_@2.png 1x, https://assets.shop.loblaws.ca/products/20324095/b3/en/front/20324095_front_a06_@2.png 2x" loading="lazy" class="chakra-image css-oguq8l" aria-hidden="true"></div><div class="css-qoklea"><div class="css-12dchmx"></div><div data-testid="price-product-tile" class="css-8atqhb"><p class="chakra-text css-0"><span class="chakra-text css-pwnbcb" data-testid="regular-price"><span class="css-idkz9h">$5.99</span>$5.99</span></p></div><a href="/orange-soda/p/20324095_C06?source=nspt" class="chakra-linkbox__overlay css-1hnz6hu"><div class="css-0"><p class="chakra-text css-1ecdp9w" data-testid="product-brand">Crush</p><h3 class="chakra-heading css-6qrhwc" id="20324095_C06" data-testid="product-title">Orange Soda </h3><p class="chakra-text css-1yftjin" data-testid="product-package-size">6x710.0 ml, $0.14/100ml</p></div></a><div class="css-8keand"></div></div><div class="css-1q5omjq"><div class="css-fcebb8"><div data-testid="atc-compact" class="css-y94ivq" style="width: 45px;"><button type="button" class="chakra-button css-mudsm6" data-testid="atc-button"><svg stroke="currentColor" fill="currentColor" stroke-width="0" viewBox="0 0 24 24" focusable="false" class="chakra-icon css-1g3sp7a" data-testid="btn-icon" aria-hidden="true" height="1em" width="1em" xmlns="http://www.w3.org/2000/svg"><path d="M19 13h-6v6h-2v-6H5v-2h6V5h2v6h6v2z"></path></svg><span class="css-idkz9h">Add Orange Soda  to cart</span></button></div></div></div></div></div></div><div class="css-0"><div class="css-f5i5wc"><div class="chakra-linkbox css-vhnn8v"><div data-testid="product-image" class="css-16dr4ly"><img alt="Coca-Cola Zero Sugar Caffeine Mini Packs 6x222.0 ml, $0.26/100ml" src="https://assets.shop.loblaws.ca/products/21384413/b3/EN/front/21384413_front_a06_@2.png" srcset="https://assets.shop.loblaws.ca/products/21384413/b3/EN/front/21384413_front_a06_@2.png 1x, https://assets.shop.loblaws.ca/products/21384413/b3/EN/front/21384413_front_a06_@2.png 2x" loading="lazy" class="chakra-image css-oguq8l" aria-hidden="true"></div><div class="css-qoklea"><div class="css-12dchmx"></div><div data-testid="price-product-tile" class="css-8atqhb"><p class="chakra-text css-0"><span class="chakra-text css-o93gbd" data-testid="sale-price"><span class="css-idkz9h">$3.49</span>$3.49</span><span class="chakra-text css-623q5h" data-testid="was-price"><span class="css-idkz9h">$4.29</span>$4.29</span></p><p class="chakra-text css-1m5a6y8" data-testid="price-descriptor">SAVE $0.80</p></div><a href="/zero-sugar-caffeine-mini-packs/p/21384413_C06?source=nspt" class="chakra-linkbox__overlay css-1hnz6hu"><div class="css-0"><p class="chakra-text css-1ecdp9w" data-testid="product-brand">Coca-Cola</p><h3 class="chakra-heading css-6qrhwc" id="21384413_C06" data-testid="product-title">Zero Sugar Caffeine Mini Packs</h3><p class="chakra-text css-1yftjin" data-testid="product-package-size">6x222.0 ml, $0.26/100ml</p></div></a><div class="css-8keand"></div></div><div class="css-1q5omjq"><div class="css-fcebb8"><div data-testid="atc-compact" class="css-y94ivq" style="width: 45px;"><button disabled="" type="button" class="chakra-button css-mudsm6" data-testid="atc-button"><svg stroke="currentColor" fill="currentColor" stroke-width="0" viewBox="0 0 24 24" focusable="false" class="chakra-icon css-1g3sp7a" data-testid="btn-icon" aria-hidden="true" height="1em" width="1em" xmlns="http://www.w3.org/2000/svg"><path d="M19 13h-6v6h-2v-6H5v-2h6V5h2v6h6v2z"></path></svg><span class="css-idkz9h">Add Zero Sugar Caffeine Mini Packs to cart</span></button></div></div><div class="css-4saf4a"><p class="chakra-text css-py8788" data-testid="inventory-badge-text">Out of Stock</p></div></div></div></div></div><div class="css-0"><div class="css-f5i5wc"><div class="chakra-linkbox css-vhnn8v"><div data-testid="product-image" class="css-16dr4ly"><img alt="7Up Soda 24x355.0 ml, $0.13/100ml" src="https://assets.shop.loblaws.ca/products/20324722001/b3/en/front/20324722001_front_a06_@2.png" srcset="https://assets.shop.loblaws.ca/products/20324722001/b3/en/front/20324722001_front_a06_@2.png 1x, https://assets.shop.loblaws.ca/products/20324722001/b3/en/front/20324722001_front_a06_@2.png 2x" loading="lazy" class="chakra-image css-oguq8l" aria-hidden="true"></div><div class="css-qoklea"><div class="css-12dchmx"></div><div data-testid="price-product-tile" class="css-8atqhb"><p class="chakra-text css-0"><span class="chakra-text css-o93gbd" data-testid="sale-price"><span class="css-idkz9h">$11.49</span>$11.49</span><span class="chakra-text css-623q5h" data-testid="was-price"><span class="css-idkz9h">$13.49</span>$13.49</span></p><p class="chakra-text css-1m5a6y8" data-testid="price-descriptor">SAVE $2.00</p></div><a href="/soda/p/20324722001_C24?source=nspt" class="chakra-linkbox__overlay css-1hnz6hu"><div class="css-0"><p class="chakra-text css-1ecdp9w" data-testid="product-brand">7Up</p><h3 class="chakra-heading css-6qrhwc" id="20324722001_C24" data-testid="product-title">Soda</h3><p class="chakra-text css-1yftjin" data-testid="product-package-size">24x355.0 ml, $0.13/100ml</p></div></a><div class="css-8keand"></div></div><div class="css-1q5omjq"><div class="css-fcebb8"><div data-testid="atc-compact" class="css-y94ivq" style="width: 45px;"><button type="button" class="chakra-button css-mudsm6" data-testid="atc-button"><svg stroke="currentColor" fill="currentColor" stroke-width="0" viewBox="0 0 24 24" focusable="false" class="chakra-icon css-1g3sp7a" data-testid="btn-icon" aria-hidden="true" height="1em" width="1em" xmlns="http://www.w3.org/2000/svg"><path d="M19 13h-6v6h-2v-6H5v-2h6V5h2v6h6v2z"></path></svg><span class="css-idkz9h">Add Soda to cart</span></button></div></div></div></div></div></div><div class="css-0"><div class="css-f5i5wc"><div class="chakra-linkbox css-vhnn8v"><div data-testid="product-image" class="css-16dr4ly"><img alt="Canada Dry Diet Ginger Ale  12x355.0 ml, $0.18/100ml" src="https://assets.shop.loblaws.ca/products/20307569005/b3/en/front/20307569005_front_a06_@2.png" srcset="https://assets.shop.loblaws.ca/products/20307569005/b3/en/front/20307569005_front_a06_@2.png 1x, https://assets.shop.loblaws.ca/products/20307569005/b3/en/front/20307569005_front_a06_@2.png 2x" loading="lazy" class="chakra-image css-oguq8l" aria-hidden="true"></div><div class="css-qoklea"><div class="css-12dchmx"></div><div data-testid="price-product-tile" class="css-8atqhb"><p class="chakra-text css-0"><span class="chakra-text css-pwnbcb" data-testid="regular-price"><span class="css-idkz9h">$7.49</span>$7.49</span></p></div><a href="/diet-ginger-ale/p/20307569005_C12?source=nspt" class="chakra-linkbox__overlay css-1hnz6hu"><div class="css-0"><p class="chakra-text css-1ecdp9w" data-testid="product-brand">Canada Dry</p><h3 class="chakra-heading css-6qrhwc" id="20307569005_C12" data-testid="product-title">Diet Ginger Ale </h3><p class="chakra-text css-1yftjin" data-testid="product-package-size">12x355.0 ml, $0.18/100ml</p></div></a><div class="css-8keand"></div></div><div class="css-1q5omjq"><div class="css-fcebb8"><div data-testid="atc-compact" class="css-y94ivq" style="width: 45px;"><button type="button" class="chakra-button css-mudsm6" data-testid="atc-button"><svg stroke="currentColor" fill="currentColor" stroke-width="0" viewBox="0 0 24 24" focusable="false" class="chakra-icon css-1g3sp7a" data-testid="btn-icon" aria-hidden="true" height="1em" width="1em" xmlns="http://www.w3.org/2000/svg"><path d="M19 13h-6v6h-2v-6H5v-2h6V5h2v6h6v2z"></path></svg><span class="css-idkz9h">Add Diet Ginger Ale  to cart</span></button></div></div></div></div></div></div><div class="css-0"><div class="css-f5i5wc"><div class="chakra-linkbox css-vhnn8v"><div data-testid="product-image" class="css-16dr4ly"><img alt="Canada Dry Ginger Ale Zero Sugar 2 l, $0.13/100ml" src="https://assets.shop.loblaws.ca/products/21518408/b3/en/front/21518408_front_a06_@2.png" srcset="https://assets.shop.loblaws.ca/products/21518408/b3/en/front/21518408_front_a06_@2.png 1x, https://assets.shop.loblaws.ca/products/21518408/b3/en/front/21518408_front_a06_@2.png 2x" loading="lazy" class="chakra-image css-oguq8l" aria-hidden="true"></div><div class="css-qoklea"><div class="css-12dchmx"></div><div data-testid="price-product-tile" class="css-8atqhb"><p class="chakra-text css-0"><span class="chakra-text css-pwnbcb" data-testid="regular-price"><span class="css-idkz9h">$2.69</span>$2.69</span></p></div><a href="/ginger-ale-zero-sugar/p/21518408_EA?source=nspt" class="chakra-linkbox__overlay css-1hnz6hu"><div class="css-0"><p class="chakra-text css-1ecdp9w" data-testid="product-brand">Canada Dry</p><h3 class="chakra-heading css-6qrhwc" id="21518408_EA" data-testid="product-title">Ginger Ale Zero Sugar</h3><p class="chakra-text css-1yftjin" data-testid="product-package-size">2 l, $0.13/100ml</p></div></a><div class="css-8keand"></div></div><div class="css-1q5omjq"><div class="css-fcebb8"><div data-testid="atc-compact" class="css-y94ivq" style="width: 45px;"><button type="button" class="chakra-button css-mudsm6" data-testid="atc-button"><svg stroke="currentColor" fill="currentColor" stroke-width="0" viewBox="0 0 24 24" focusable="false" class="chakra-icon css-1g3sp7a" data-testid="btn-icon" aria-hidden="true" height="1em" width="1em" xmlns="http://www.w3.org/2000/svg"><path d="M19 13h-6v6h-2v-6H5v-2h6V5h2v6h6v2z"></path></svg><span class="css-idkz9h">Add Ginger Ale Zero Sugar to cart</span></button></div></div></div></div></div></div><div class="css-0"><div class="css-f5i5wc"><div class="chakra-linkbox css-vhnn8v"><div data-testid="product-image" class="css-16dr4ly"><img alt="Grace Peanut Punch 240 ml, $0.42/100ml" src="https://assets.shop.loblaws.ca/products/20213313/b3/en/front/20213313_front_a06_@2.png" srcset="https://assets.shop.loblaws.ca/products/20213313/b3/en/front/20213313_front_a06_@2.png 1x, https://assets.shop.loblaws.ca/products/20213313/b3/en/front/20213313_front_a06_@2.png 2x" loading="lazy" class="chakra-image css-oguq8l" aria-hidden="true"></div><div class="css-qoklea"><div class="css-12dchmx"></div><div data-testid="price-product-tile" class="css-8atqhb"><p class="chakra-text css-0"><span class="chakra-text css-o93gbd" data-testid="sale-price"><span class="css-idkz9h">$1.00</span>$1.00</span><span class="chakra-text css-623q5h" data-testid="was-price"><span class="css-idkz9h">$1.29</span>$1.29</span></p><p class="chakra-text css-1m5a6y8" data-testid="price-descriptor">SAVE $0.29</p></div><a href="/peanut-punch/p/20213313_EA?source=nspt" class="chakra-linkbox__overlay css-1hnz6hu"><div class="css-0"><p class="chakra-text css-1ecdp9w" data-testid="product-brand">Grace</p><h3 class="chakra-heading css-6qrhwc" id="20213313_EA" data-testid="product-title">Peanut Punch</h3><p class="chakra-text css-1yftjin" data-testid="product-package-size">240 ml, $0.42/100ml</p></div></a><div class="css-8keand"></div></div><div class="css-1q5omjq"><div class="css-fcebb8"><div data-testid="atc-compact" class="css-y94ivq" style="width: 45px;"><button type="button" class="chakra-button css-mudsm6" data-testid="atc-button"><svg stroke="currentColor" fill="currentColor" stroke-width="0" viewBox="0 0 24 24" focusable="false" class="chakra-icon css-1g3sp7a" data-testid="btn-icon" aria-hidden="true" height="1em" width="1em" xmlns="http://www.w3.org/2000/svg"><path d="M19 13h-6v6h-2v-6H5v-2h6V5h2v6h6v2z"></path></svg><span class="css-idkz9h">Add Peanut Punch to cart</span></button></div></div></div></div></div></div><div class="css-0"><div class="css-f5i5wc"><div class="chakra-linkbox css-vhnn8v"><div data-testid="product-image" class="css-16dr4ly"><img alt="Crush Crush Orange Soda  12x355.0 ml, $0.16/100ml" src="https://assets.shop.loblaws.ca/products/20307938001/b3/en/front/20307938001_front_a06_@2.png" srcset="https://assets.shop.loblaws.ca/products/20307938001/b3/en/front/20307938001_front_a06_@2.png 1x, https://assets.shop.loblaws.ca/products/20307938001/b3/en/front/20307938001_front_a06_@2.png 2x" loading="lazy" class="chakra-image css-oguq8l" aria-hidden="true"></div><div class="css-qoklea"><div class="css-12dchmx"></div><div data-testid="price-product-tile" class="css-8atqhb"><p class="chakra-text css-0"><span class="chakra-text css-pwnbcb" data-testid="regular-price"><span class="css-idkz9h">$6.99</span>$6.99</span></p></div><a href="/crush-orange-soda/p/20307938001_C12?source=nspt" class="chakra-linkbox__overlay css-1hnz6hu"><div class="css-0"><p class="chakra-text css-1ecdp9w" data-testid="product-brand">Crush</p><h3 class="chakra-heading css-6qrhwc" id="20307938001_C12" data-testid="product-title">Crush Orange Soda </h3><p class="chakra-text css-1yftjin" data-testid="product-package-size">12x355.0 ml, $0.16/100ml</p></div></a><div class="css-8keand"></div></div><div class="css-1q5omjq"><div class="css-fcebb8"><div data-testid="atc-compact" class="css-y94ivq" style="width: 45px;"><button type="button" class="chakra-button css-mudsm6" data-testid="atc-button"><svg stroke="currentColor" fill="currentColor" stroke-width="0" viewBox="0 0 24 24" focusable="false" class="chakra-icon css-1g3sp7a" data-testid="btn-icon" aria-hidden="true" height="1em" width="1em" xmlns="http://www.w3.org/2000/svg"><path d="M19 13h-6v6h-2v-6H5v-2h6V5h2v6h6v2z"></path></svg><span class="css-idkz9h">Add Crush Orange Soda  to cart</span></button></div></div></div></div></div></div><div class="css-0"><div class="css-f5i5wc"><div class="chakra-linkbox css-vhnn8v"><div data-testid="product-image" class="css-16dr4ly"><img alt="FANTA Orange Fridge Pack Cans 12x355.0 ml, $0.18/100ml" src="https://assets.shop.loblaws.ca/products/21518427/b3/en/front/21518427_front_a06_@2.png" srcset="https://assets.shop.loblaws.ca/products/21518427/b3/en/front/21518427_front_a06_@2.png 1x, https://assets.shop.loblaws.ca/products/21518427/b3/en/front/21518427_front_a06_@2.png 2x" loading="lazy" class="chakra-image css-oguq8l" aria-hidden="true"></div><div class="css-qoklea"><div class="css-12dchmx"></div><div data-testid="price-product-tile" class="css-8atqhb"><p class="chakra-text css-0"><span class="chakra-text css-pwnbcb" data-testid="regular-price"><span class="css-idkz9h">$7.49</span>$7.49</span></p></div><a href="/orange-fridge-pack-cans/p/21518427_C12?source=nspt" class="chakra-linkbox__overlay css-1hnz6hu"><div class="css-0"><p class="chakra-text css-1ecdp9w" data-testid="product-brand">FANTA</p><h3 class="chakra-heading css-6qrhwc" id="21518427_C12" data-testid="product-title">Orange Fridge Pack Cans</h3><p class="chakra-text css-1yftjin" data-testid="product-package-size">12x355.0 ml, $0.18/100ml</p></div></a><div class="css-8keand"></div></div><div class="css-1q5omjq"><div class="css-fcebb8"><div data-testid="atc-compact" class="css-y94ivq" style="width: 45px;"><button type="button" class="chakra-button css-mudsm6" data-testid="atc-button"><svg stroke="currentColor" fill="currentColor" stroke-width="0" viewBox="0 0 24 24" focusable="false" class="chakra-icon css-1g3sp7a" data-testid="btn-icon" aria-hidden="true" height="1em" width="1em" xmlns="http://www.w3.org/2000/svg"><path d="M19 13h-6v6h-2v-6H5v-2h6V5h2v6h6v2z"></path></svg><span class="css-idkz9h">Add Orange Fridge Pack Cans to cart</span></button></div></div></div></div></div></div><div class="css-0"><div class="css-f5i5wc"><div class="chakra-linkbox css-vhnn8v"><div data-testid="product-image" class="css-16dr4ly"><img alt="FANTA Orange Soda 500 ml, $0.50/100ml" src="https://assets.shop.loblaws.ca/products/21531921/b3/en/front/21531921_front_a06_@2.png" srcset="https://assets.shop.loblaws.ca/products/21531921/b3/en/front/21531921_front_a06_@2.png 1x, https://assets.shop.loblaws.ca/products/21531921/b3/en/front/21531921_front_a06_@2.png 2x" loading="lazy" class="chakra-image css-oguq8l" aria-hidden="true"></div><div class="css-qoklea"><div class="css-12dchmx"><div class="chakra-badge css-34x0wr" data-testid="product-badge"><div class="css-u4p24i">New</div></div></div><div data-testid="price-product-tile" class="css-8atqhb"><p class="chakra-text css-0"><span class="chakra-text css-pwnbcb" data-testid="regular-price"><span class="css-idkz9h">$2.50</span>$2.50</span></p></div><a href="/orange-soda/p/21531921_EA?source=nspt" class="chakra-linkbox__overlay css-1hnz6hu"><div class="css-0"><p class="chakra-text css-1ecdp9w" data-testid="product-brand">FANTA</p><h3 class="chakra-heading css-6qrhwc" id="21531921_EA" data-testid="product-title">Orange Soda</h3><p class="chakra-text css-1yftjin" data-testid="product-package-size">500 ml, $0.50/100ml</p></div></a><div class="css-8keand"></div></div><div class="css-1q5omjq"><div class="css-fcebb8"><div data-testid="atc-compact" class="css-y94ivq" style="width: 45px;"><button type="button" class="chakra-button css-mudsm6" data-testid="atc-button"><svg stroke="currentColor" fill="currentColor" stroke-width="0" viewBox="0 0 24 24" focusable="false" class="chakra-icon css-1g3sp7a" data-testid="btn-icon" aria-hidden="true" height="1em" width="1em" xmlns="http://www.w3.org/2000/svg"><path d="M19 13h-6v6h-2v-6H5v-2h6V5h2v6h6v2z"></path></svg><span class="css-idkz9h">Add Orange Soda to cart</span></button></div></div></div></div></div></div><div class="css-0"><div class="css-f5i5wc"><div class="chakra-linkbox css-vhnn8v"><div data-testid="product-image" class="css-16dr4ly"><img alt="Pepsi Max Zero Sugar Soda     2 l, $0.13/100ml" src="https://assets.shop.loblaws.ca/products/20296926004/b3/en/front/20296926004_front_a06_@2.png" srcset="https://assets.shop.loblaws.ca/products/20296926004/b3/en/front/20296926004_front_a06_@2.png 1x, https://assets.shop.loblaws.ca/products/20296926004/b3/en/front/20296926004_front_a06_@2.png 2x" loading="lazy" class="chakra-image css-oguq8l" aria-hidden="true"></div><div class="css-qoklea"><div class="css-12dchmx"></div><div data-testid="price-product-tile" class="css-8atqhb"><p class="chakra-text css-0"><span class="chakra-text css-pwnbcb" data-testid="regular-price"><span class="css-idkz9h">$2.69</span>$2.69</span></p></div><a href="/max-zero-sugar-soda/p/20296926004_EA?source=nspt" class="chakra-linkbox__overlay css-1hnz6hu"><div class="css-0"><p class="chakra-text css-1ecdp9w" data-testid="product-brand">Pepsi</p><h3 class="chakra-heading css-6qrhwc" id="20296926004_EA" data-testid="product-title">Max Zero Sugar Soda    </h3><p class="chakra-text css-1yftjin" data-testid="product-package-size">2 l, $0.13/100ml</p></div></a><div class="css-8keand"></div></div><div class="css-1q5omjq"><div class="css-fcebb8"><div data-testid="atc-compact" class="css-y94ivq" style="width: 45px;"><button type="button" class="chakra-button css-mudsm6" data-testid="atc-button"><svg stroke="currentColor" fill="currentColor" stroke-width="0" viewBox="0 0 24 24" focusable="false" class="chakra-icon css-1g3sp7a" data-testid="btn-icon" aria-hidden="true" height="1em" width="1em" xmlns="http://www.w3.org/2000/svg"><path d="M19 13h-6v6h-2v-6H5v-2h6V5h2v6h6v2z"></path></svg><span class="css-idkz9h">Add Max Zero Sugar Soda     to cart</span></button></div></div></div></div></div></div><div class="css-0"><div class="css-f5i5wc"><div class="chakra-linkbox css-vhnn8v"><div data-testid="product-image" class="css-16dr4ly"><img alt="President's Choice Diet Cola 12x355.0 ml, $0.14/100ml" src="https://assets.shop.loblaws.ca/products/20218887028/b3/en/front/20218887028_front_a06_@2.png" srcset="https://assets.shop.loblaws.ca/products/20218887028/b3/en/front/20218887028_front_a06_@2.png 1x, https://assets.shop.loblaws.ca/products/20218887028/b3/en/front/20218887028_front_a06_@2.png 2x" loading="lazy" class="chakra-image css-oguq8l" aria-hidden="true"></div><div class="css-qoklea"><div class="css-12dchmx"></div><div data-testid="price-product-tile" class="css-8atqhb"><p class="chakra-text css-0"><span class="chakra-text css-pwnbcb" data-testid="regular-price"><span class="css-idkz9h">$5.99</span>$5.99</span></p></div><a href="/diet-cola/p/20218887028_C12?source=nspt" class="chakra-linkbox__overlay css-1hnz6hu"><div class="css-0"><p class="chakra-text css-1ecdp9w" data-testid="product-brand">President's Choice</p><h3 class="chakra-heading css-6qrhwc" id="20218887028_C12" data-testid="product-title">Diet Cola</h3><p class="chakra-text css-1yftjin" data-testid="product-package-size">12x355.0 ml, $0.14/100ml</p></div></a><div class="css-8keand"></div></div><div class="css-1q5omjq"><div class="css-fcebb8"><div data-testid="atc-compact" class="css-y94ivq" style="width: 45px;"><button type="button" class="chakra-button css-mudsm6" data-testid="atc-button"><svg stroke="currentColor" fill="currentColor" stroke-width="0" viewBox="0 0 24 24" focusable="false" class="chakra-icon css-1g3sp7a" data-testid="btn-icon" aria-hidden="true" height="1em" width="1em" xmlns="http://www.w3.org/2000/svg"><path d="M19 13h-6v6h-2v-6H5v-2h6V5h2v6h6v2z"></path></svg><span class="css-idkz9h">Add Diet Cola to cart</span></button></div></div></div></div></div></div><div class="css-0"><div class="css-f5i5wc"><div class="chakra-linkbox css-vhnn8v"><div data-testid="product-image" class="css-16dr4ly"><img alt="Jarritos Lime Soft Drink 370 ml, $0.62/100ml" src="https://assets.shop.loblaws.ca/products/20147354011/b3/en/front/20147354011_front_a06_@2.png" srcset="https://assets.shop.loblaws.ca/products/20147354011/b3/en/front/20147354011_front_a06_@2.png 1x, https://assets.shop.loblaws.ca/products/20147354011/b3/en/front/20147354011_front_a06_@2.png 2x" loading="lazy" class="chakra-image css-oguq8l" aria-hidden="true"></div><div class="css-qoklea"><div class="css-12dchmx"></div><div data-testid="price-product-tile" class="css-8atqhb"><p class="chakra-text css-0"><span class="chakra-text css-pwnbcb" data-testid="regular-price"><span class="css-idkz9h">$2.29</span>$2.29</span></p></div><a href="/lime-soft-drink/p/20147354011_EA?source=nspt" class="chakra-linkbox__overlay css-1hnz6hu"><div class="css-0"><p class="chakra-text css-1ecdp9w" data-testid="product-brand">Jarritos</p><h3 class="chakra-heading css-6qrhwc" id="20147354011_EA" data-testid="product-title">Lime Soft Drink</h3><p class="chakra-text css-1yftjin" data-testid="product-package-size">370 ml, $0.62/100ml</p></div></a><div class="css-8keand"></div></div><div class="css-1q5omjq"><div class="css-fcebb8"><div data-testid="atc-compact" class="css-y94ivq" style="width: 45px;"><button type="button" class="chakra-button css-mudsm6" data-testid="atc-button"><svg stroke="currentColor" fill="currentColor" stroke-width="0" viewBox="0 0 24 24" focusable="false" class="chakra-icon css-1g3sp7a" data-testid="btn-icon" aria-hidden="true" height="1em" width="1em" xmlns="http://www.w3.org/2000/svg"><path d="M19 13h-6v6h-2v-6H5v-2h6V5h2v6h6v2z"></path></svg><span class="css-idkz9h">Add Lime Soft Drink to cart</span></button></div></div></div></div></div></div></div><div data-testid="product-grid" class="css-epcqr3"><div class="css-0"><div class="css-f5i5wc"><div class="chakra-linkbox css-vhnn8v"><div data-testid="product-image" class="css-16dr4ly"><img alt="Canada Dry Diet Ginger Ale 2 l, $0.13/100ml" src="https://assets.shop.loblaws.ca/products/20311362002/b3/en/front/20311362002_front_a06_@2.png" srcset="https://assets.shop.loblaws.ca/products/20311362002/b3/en/front/20311362002_front_a06_@2.png 1x, https://assets.shop.loblaws.ca/products/20311362002/b3/en/front/20311362002_front_a06_@2.png 2x" loading="lazy" class="chakra-image css-oguq8l" aria-hidden="true"></div><div class="css-qoklea"><div class="css-12dchmx"></div><div data-testid="price-product-tile" class="css-8atqhb"><p class="chakra-text css-0"><span class="chakra-text css-pwnbcb" data-testid="regular-price"><span class="css-idkz9h">$2.69</span>$2.69</span></p></div><a href="/diet-ginger-ale/p/20311362002_EA?source=nspt" class="chakra-linkbox__overlay css-1hnz6hu"><div class="css-0"><p class="chakra-text css-1ecdp9w" data-testid="product-brand">Canada Dry</p><h3 class="chakra-heading css-6qrhwc" id="20311362002_EA" data-testid="product-title">Diet Ginger Ale</h3><p class="chakra-text css-1yftjin" data-testid="product-package-size">2 l, $0.13/100ml</p></div></a><div class="css-8keand"></div></div><div class="css-1q5omjq"><div class="css-fcebb8"><div data-testid="atc-compact" class="css-y94ivq" style="width: 45px;"><button type="button" class="chakra-button css-mudsm6" data-testid="atc-button"><svg stroke="currentColor" fill="currentColor" stroke-width="0" viewBox="0 0 24 24" focusable="false" class="chakra-icon css-1g3sp7a" data-testid="btn-icon" aria-hidden="true" height="1em" width="1em" xmlns="http://www.w3.org/2000/svg"><path d="M19 13h-6v6h-2v-6H5v-2h6V5h2v6h6v2z"></path></svg><span class="css-idkz9h">Add Diet Ginger Ale to cart</span></button></div></div></div></div></div></div><div class="css-0"><div class="css-f5i5wc"><div class="chakra-linkbox css-vhnn8v"><div data-testid="product-image" class="css-16dr4ly"><img alt="7Up Soda 12x355.0 ml, $0.16/100ml" src="https://assets.shop.loblaws.ca/products/20325377001/b3/en/front/20325377001_front_a06_@2.png" srcset="https://assets.shop.loblaws.ca/products/20325377001/b3/en/front/20325377001_front_a06_@2.png 1x, https://assets.shop.loblaws.ca/products/20325377001/b3/en/front/20325377001_front_a06_@2.png 2x" loading="lazy" class="chakra-image css-oguq8l" aria-hidden="true"></div><div class="css-qoklea"><div class="css-12dchmx"></div><div data-testid="price-product-tile" class="css-8atqhb"><p class="chakra-text css-0"><span class="chakra-text css-pwnbcb" data-testid="regular-price"><span class="css-idkz9h">$6.99</span>$6.99</span></p></div><a href="/soda/p/20325377001_C12?source=nspt" class="chakra-linkbox__overlay css-1hnz6hu"><div class="css-0"><p class="chakra-text css-1ecdp9w" data-testid="product-brand">7Up</p><h3 class="chakra-heading css-6qrhwc" id="20325377001_C12" data-testid="product-title">Soda</h3><p class="chakra-text css-1yftjin" data-testid="product-package-size">12x355.0 ml, $0.16/100ml</p></div></a><div class="css-8keand"></div></div><div class="css-1q5omjq"><div class="css-fcebb8"><div data-testid="atc-compact" class="css-y94ivq" style="width: 45px;"><button type="button" class="chakra-button css-mudsm6" data-testid="atc-button"><svg stroke="currentColor" fill="currentColor" stroke-width="0" viewBox="0 0 24 24" focusable="false" class="chakra-icon css-1g3sp7a" data-testid="btn-icon" aria-hidden="true" height="1em" width="1em" xmlns="http://www.w3.org/2000/svg"><path d="M19 13h-6v6h-2v-6H5v-2h6V5h2v6h6v2z"></path></svg><span class="css-idkz9h">Add Soda to cart</span></button></div></div></div></div></div></div><div class="css-0"><div class="css-f5i5wc"><div class="chakra-linkbox css-vhnn8v"><div data-testid="product-image" class="css-16dr4ly"><img alt="Pepsi Cola Soft Drink 1 l, $0.13/100ml" src="https://assets.shop.loblaws.ca/products/20040201001/b3/en/front/20040201001_front_a06_@2.png" srcset="https://assets.shop.loblaws.ca/products/20040201001/b3/en/front/20040201001_front_a06_@2.png 1x, https://assets.shop.loblaws.ca/products/20040201001/b3/en/front/20040201001_front_a06_@2.png 2x" loading="lazy" class="chakra-image css-oguq8l" aria-hidden="true"></div><div class="css-qoklea"><div class="css-12dchmx"></div><div data-testid="price-product-tile" class="css-8atqhb"><p class="chakra-text css-0"><span class="chakra-text css-pwnbcb" data-testid="regular-price"><span class="css-idkz9h">$1.25</span>$1.25</span></p></div><a href="/cola-soft-drink/p/20040201001_EA?source=nspt" class="chakra-linkbox__overlay css-1hnz6hu"><div class="css-0"><p class="chakra-text css-1ecdp9w" data-testid="product-brand">Pepsi</p><h3 class="chakra-heading css-6qrhwc" id="20040201001_EA" data-testid="product-title">Cola Soft Drink</h3><p class="chakra-text css-1yftjin" data-testid="product-package-size">1 l, $0.13/100ml</p></div></a><div class="css-8keand"></div></div><div class="css-1q5omjq"><div class="css-fcebb8"><div data-testid="atc-compact" class="css-y94ivq" style="width: 45px;"><button type="button" class="chakra-button css-mudsm6" data-testid="atc-button"><svg stroke="currentColor" fill="currentColor" stroke-width="0" viewBox="0 0 24 24" focusable="false" class="chakra-icon css-1g3sp7a" data-testid="btn-icon" aria-hidden="true" height="1em" width="1em" xmlns="http://www.w3.org/2000/svg"><path d="M19 13h-6v6h-2v-6H5v-2h6V5h2v6h6v2z"></path></svg><span class="css-idkz9h">Add Cola Soft Drink to cart</span></button></div></div></div></div></div></div><div class="css-0"><div class="css-f5i5wc"><div class="chakra-linkbox css-vhnn8v"><div data-testid="product-image" class="css-16dr4ly"><img alt="President's Choice Spritz Up 12x355.0 ml, $0.14/100ml" src="https://assets.shop.loblaws.ca/products/20218887035/b3/en/front/20218887035_front_a06_@2.png" srcset="https://assets.shop.loblaws.ca/products/20218887035/b3/en/front/20218887035_front_a06_@2.png 1x, https://assets.shop.loblaws.ca/products/20218887035/b3/en/front/20218887035_front_a06_@2.png 2x" loading="lazy" class="chakra-image css-oguq8l" aria-hidden="true"></div><div class="css-qoklea"><div class="css-12dchmx"></div><div data-testid="price-product-tile" class="css-8atqhb"><p class="chakra-text css-0"><span class="chakra-text css-pwnbcb" data-testid="regular-price"><span class="css-idkz9h">$5.99</span>$5.99</span></p></div><a href="/spritz-up/p/20218887035_C12?source=nspt" class="chakra-linkbox__overlay css-1hnz6hu"><div class="css-0"><p class="chakra-text css-1ecdp9w" data-testid="product-brand">President's Choice</p><h3 class="chakra-heading css-6qrhwc" id="20218887035_C12" data-testid="product-title">Spritz Up</h3><p class="chakra-text css-1yftjin" data-testid="product-package-size">12x355.0 ml, $0.14/100ml</p></div></a><div class="css-8keand"></div></div><div class="css-1q5omjq"><div class="css-fcebb8"><div data-testid="atc-compact" class="css-y94ivq" style="width: 45px;"><button type="button" class="chakra-button css-mudsm6" data-testid="atc-button"><svg stroke="currentColor" fill="currentColor" stroke-width="0" viewBox="0 0 24 24" focusable="false" class="chakra-icon css-1g3sp7a" data-testid="btn-icon" aria-hidden="true" height="1em" width="1em" xmlns="http://www.w3.org/2000/svg"><path d="M19 13h-6v6h-2v-6H5v-2h6V5h2v6h6v2z"></path></svg><span class="css-idkz9h">Add Spritz Up to cart</span></button></div></div></div></div></div></div><div class="css-0"><div class="css-f5i5wc"><div class="chakra-linkbox css-vhnn8v"><div data-testid="product-image" class="css-16dr4ly"><img alt="Freezone Blue Hawaii Drink 275 ml, $0.83/100ml" src="https://assets.shop.loblaws.ca/products/20887419/b3/en/front/20887419_front_a06_@2.png" srcset="https://assets.shop.loblaws.ca/products/20887419/b3/en/front/20887419_front_a06_@2.png 1x, https://assets.shop.loblaws.ca/products/20887419/b3/en/front/20887419_front_a06_@2.png 2x" loading="lazy" class="chakra-image css-oguq8l" aria-hidden="true"></div><div class="css-qoklea"><div class="css-12dchmx"></div><div data-testid="price-product-tile" class="css-8atqhb"><p class="chakra-text css-0"><span class="chakra-text css-pwnbcb" data-testid="regular-price"><span class="css-idkz9h">$2.29</span>$2.29</span></p></div><a href="/blue-hawaii-drink/p/20887419_EA?source=nspt" class="chakra-linkbox__overlay css-1hnz6hu"><div class="css-0"><p class="chakra-text css-1ecdp9w" data-testid="product-brand">Freezone</p><h3 class="chakra-heading css-6qrhwc" id="20887419_EA" data-testid="product-title">Blue Hawaii Drink</h3><p class="chakra-text css-1yftjin" data-testid="product-package-size">275 ml, $0.83/100ml</p></div></a><div class="css-8keand"></div></div><div class="css-1q5omjq"><div class="css-fcebb8"><div data-testid="atc-compact" class="css-y94ivq" style="width: 45px;"><button type="button" class="chakra-button css-mudsm6" data-testid="atc-button"><svg stroke="currentColor" fill="currentColor" stroke-width="0" viewBox="0 0 24 24" focusable="false" class="chakra-icon css-1g3sp7a" data-testid="btn-icon" aria-hidden="true" height="1em" width="1em" xmlns="http://www.w3.org/2000/svg"><path d="M19 13h-6v6h-2v-6H5v-2h6V5h2v6h6v2z"></path></svg><span class="css-idkz9h">Add Blue Hawaii Drink to cart</span></button></div></div></div></div></div></div><div class="css-0"><div class="css-f5i5wc"><div class="chakra-linkbox css-vhnn8v"><div data-testid="product-image" class="css-16dr4ly"><img alt="Barbican Malt Drink, Pomegranate 330 ml, $0.54/100ml" src="https://assets.shop.loblaws.ca/products/20883754/b3/en/front/20883754_front_a06_@2.png" srcset="https://assets.shop.loblaws.ca/products/20883754/b3/en/front/20883754_front_a06_@2.png 1x, https://assets.shop.loblaws.ca/products/20883754/b3/en/front/20883754_front_a06_@2.png 2x" loading="lazy" class="chakra-image css-oguq8l" aria-hidden="true"></div><div class="css-qoklea"><div class="css-12dchmx"></div><div data-testid="price-product-tile" class="css-8atqhb"><p class="chakra-text css-0"><span class="chakra-text css-pwnbcb" data-testid="regular-price"><span class="css-idkz9h">$1.79</span>$1.79</span></p></div><a href="/malt-drink-pomegranate/p/20883754_EA?source=nspt" class="chakra-linkbox__overlay css-1hnz6hu"><div class="css-0"><p class="chakra-text css-1ecdp9w" data-testid="product-brand">Barbican</p><h3 class="chakra-heading css-6qrhwc" id="20883754_EA" data-testid="product-title">Malt Drink, Pomegranate</h3><p class="chakra-text css-1yftjin" data-testid="product-package-size">330 ml, $0.54/100ml</p></div></a><div class="css-8keand"></div></div><div class="css-1q5omjq"><div class="css-fcebb8"><div data-testid="atc-compact" class="css-y94ivq" style="width: 45px;"><button disabled="" type="button" class="chakra-button css-mudsm6" data-testid="atc-button"><svg stroke="currentColor" fill="currentColor" stroke-width="0" viewBox="0 0 24 24" focusable="false" class="chakra-icon css-1g3sp7a" data-testid="btn-icon" aria-hidden="true" height="1em" width="1em" xmlns="http://www.w3.org/2000/svg"><path d="M19 13h-6v6h-2v-6H5v-2h6V5h2v6h6v2z"></path></svg><span class="css-idkz9h">Add Malt Drink, Pomegranate to cart</span></button></div></div><div class="css-4saf4a"><p class="chakra-text css-py8788" data-testid="inventory-badge-text">Out of Stock</p></div></div></div></div></div><div class="css-0"><div class="css-f5i5wc"><div class="chakra-linkbox css-vhnn8v"><div data-testid="product-image" class="css-16dr4ly"><img alt="President's Choice Mini Jamaican Style Ginger Beer 6 Pack 6x222.0 ml, $0.22/100ml" src="https://assets.shop.loblaws.ca/products/21399519/b3/en/front/21399519_front_a06_@2.png" srcset="https://assets.shop.loblaws.ca/products/21399519/b3/en/front/21399519_front_a06_@2.png 1x, https://assets.shop.loblaws.ca/products/21399519/b3/en/front/21399519_front_a06_@2.png 2x" loading="lazy" class="chakra-image css-oguq8l" aria-hidden="true"></div><div class="css-qoklea"><div class="css-12dchmx"></div><div data-testid="price-product-tile" class="css-8atqhb"><p class="chakra-text css-0"><span class="chakra-text css-pwnbcb" data-testid="regular-price"><span class="css-idkz9h">$2.99</span>$2.99</span></p></div><a href="/mini-jamaican-style-ginger-beer-6-pack/p/21399519_C06?source=nspt" class="chakra-linkbox__overlay css-1hnz6hu"><div class="css-0"><p class="chakra-text css-1ecdp9w" data-testid="product-brand">President's Choice</p><h3 class="chakra-heading css-6qrhwc" id="21399519_C06" data-testid="product-title">Mini Jamaican Style Ginger Beer 6 Pack</h3><p class="chakra-text css-1yftjin" data-testid="product-package-size">6x222.0 ml, $0.22/100ml</p></div></a><div class="css-8keand"></div></div><div class="css-1q5omjq"><div class="css-fcebb8"><div data-testid="atc-compact" class="css-y94ivq" style="width: 45px;"><button type="button" class="chakra-button css-mudsm6" data-testid="atc-button"><svg stroke="currentColor" fill="currentColor" stroke-width="0" viewBox="0 0 24 24" focusable="false" class="chakra-icon css-1g3sp7a" data-testid="btn-icon" aria-hidden="true" height="1em" width="1em" xmlns="http://www.w3.org/2000/svg"><path d="M19 13h-6v6h-2v-6H5v-2h6V5h2v6h6v2z"></path></svg><span class="css-idkz9h">Add Mini Jamaican Style Ginger Beer 6 Pack to cart</span></button></div></div></div></div></div></div><div class="css-0"><div class="css-f5i5wc"><div class="chakra-linkbox css-vhnn8v"><div data-testid="product-image" class="css-16dr4ly"><img alt="Canada Dry Ginger Ale, Bottle 500 ml, $0.50/100ml" src="https://assets.shop.loblaws.ca/products/20828514/b3/en/front/20828514_front_a06_@2.png" srcset="https://assets.shop.loblaws.ca/products/20828514/b3/en/front/20828514_front_a06_@2.png 1x, https://assets.shop.loblaws.ca/products/20828514/b3/en/front/20828514_front_a06_@2.png 2x" loading="lazy" class="chakra-image css-oguq8l" aria-hidden="true"></div><div class="css-qoklea"><div class="css-12dchmx"></div><div data-testid="price-product-tile" class="css-8atqhb"><p class="chakra-text css-0"><span class="chakra-text css-pwnbcb" data-testid="regular-price"><span class="css-idkz9h">$2.50</span>$2.50</span></p></div><a href="/ginger-ale-bottle/p/20828514_EA?source=nspt" class="chakra-linkbox__overlay css-1hnz6hu"><div class="css-0"><p class="chakra-text css-1ecdp9w" data-testid="product-brand">Canada Dry</p><h3 class="chakra-heading css-6qrhwc" id="20828514_EA" data-testid="product-title">Ginger Ale, Bottle</h3><p class="chakra-text css-1yftjin" data-testid="product-package-size">500 ml, $0.50/100ml</p></div></a><div class="css-8keand"></div></div><div class="css-1q5omjq"><div class="css-fcebb8"><div data-testid="atc-compact" class="css-y94ivq" style="width: 45px;"><button type="button" class="chakra-button css-mudsm6" data-testid="atc-button"><svg stroke="currentColor" fill="currentColor" stroke-width="0" viewBox="0 0 24 24" focusable="false" class="chakra-icon css-1g3sp7a" data-testid="btn-icon" aria-hidden="true" height="1em" width="1em" xmlns="http://www.w3.org/2000/svg"><path d="M19 13h-6v6h-2v-6H5v-2h6V5h2v6h6v2z"></path></svg><span class="css-idkz9h">Add Ginger Ale, Bottle to cart</span></button></div></div></div></div></div></div><div class="css-0"><div class="css-f5i5wc"><div class="chakra-linkbox css-vhnn8v"><div data-testid="product-image" class="css-16dr4ly"><img alt="Sprite Bottle 500 ml, $0.50/100ml" src="https://assets.shop.loblaws.ca/products/20827426/b3/en/front/20827426_front_a06_@2.png" srcset="https://assets.shop.loblaws.ca/products/20827426/b3/en/front/20827426_front_a06_@2.png 1x, https://assets.shop.loblaws.ca/products/20827426/b3/en/front/20827426_front_a06_@2.png 2x" loading="lazy" class="chakra-image css-oguq8l" aria-hidden="true"></div><div class="css-qoklea"><div class="css-12dchmx"></div><div data-testid="price-product-tile" class="css-8atqhb"><p class="chakra-text css-0"><span class="chakra-text css-pwnbcb" data-testid="regular-price"><span class="css-idkz9h">$2.50</span>$2.50</span></p></div><a href="/bottle/p/20827426_EA?source=nspt" class="chakra-linkbox__overlay css-1hnz6hu"><div class="css-0"><p class="chakra-text css-1ecdp9w" data-testid="product-brand">Sprite</p><h3 class="chakra-heading css-6qrhwc" id="20827426_EA" data-testid="product-title">Bottle</h3><p class="chakra-text css-1yftjin" data-testid="product-package-size">500 ml, $0.50/100ml</p></div></a><div class="css-8keand"></div></div><div class="css-1q5omjq"><div class="css-fcebb8"><div data-testid="atc-compact" class="css-y94ivq" style="width: 45px;"><button type="button" class="chakra-button css-mudsm6" data-testid="atc-button"><svg stroke="currentColor" fill="currentColor" stroke-width="0" viewBox="0 0 24 24" focusable="false" class="chakra-icon css-1g3sp7a" data-testid="btn-icon" aria-hidden="true" height="1em" width="1em" xmlns="http://www.w3.org/2000/svg"><path d="M19 13h-6v6h-2v-6H5v-2h6V5h2v6h6v2z"></path></svg><span class="css-idkz9h">Add Bottle to cart</span></button></div></div></div></div></div></div><div class="css-0"><div class="css-f5i5wc"><div class="chakra-linkbox css-vhnn8v"><div data-testid="product-image" class="css-16dr4ly"><img alt="Crush Orange Soda 2 l, $0.13/100ml" src="https://assets.shop.loblaws.ca/products/20306117002/b3/en/front/20306117002_front_a06_@2.png" srcset="https://assets.shop.loblaws.ca/products/20306117002/b3/en/front/20306117002_front_a06_@2.png 1x, https://assets.shop.loblaws.ca/products/20306117002/b3/en/front/20306117002_front_a06_@2.png 2x" loading="lazy" class="chakra-image css-oguq8l" aria-hidden="true"></div><div class="css-qoklea"><div class="css-12dchmx"></div><div data-testid="price-product-tile" class="css-8atqhb"><p class="chakra-text css-0"><span class="chakra-text css-pwnbcb" data-testid="regular-price"><span class="css-idkz9h">$2.69</span>$2.69</span></p></div><a href="/orange-soda/p/20306117002_EA?source=nspt" class="chakra-linkbox__overlay css-1hnz6hu"><div class="css-0"><p class="chakra-text css-1ecdp9w" data-testid="product-brand">Crush</p><h3 class="chakra-heading css-6qrhwc" id="20306117002_EA" data-testid="product-title">Orange Soda</h3><p class="chakra-text css-1yftjin" data-testid="product-package-size">2 l, $0.13/100ml</p></div></a><div class="css-8keand"></div></div><div class="css-1q5omjq"><div class="css-fcebb8"><div data-testid="atc-compact" class="css-y94ivq" style="width: 45px;"><button type="button" class="chakra-button css-mudsm6" data-testid="atc-button"><svg stroke="currentColor" fill="currentColor" stroke-width="0" viewBox="0 0 24 24" focusable="false" class="chakra-icon css-1g3sp7a" data-testid="btn-icon" aria-hidden="true" height="1em" width="1em" xmlns="http://www.w3.org/2000/svg"><path d="M19 13h-6v6h-2v-6H5v-2h6V5h2v6h6v2z"></path></svg><span class="css-idkz9h">Add Orange Soda to cart</span></button></div></div></div></div></div></div><div class="css-0"><div class="css-f5i5wc"><div class="chakra-linkbox css-vhnn8v"><div data-testid="product-image" class="css-16dr4ly"><img alt="Tiger Malt Beverage 341 ml, $0.29/100ml" src="https://assets.shop.loblaws.ca/products/20039327/b3/en/front/20039327_front_a06_@2.png" srcset="https://assets.shop.loblaws.ca/products/20039327/b3/en/front/20039327_front_a06_@2.png 1x, https://assets.shop.loblaws.ca/products/20039327/b3/en/front/20039327_front_a06_@2.png 2x" loading="lazy" class="chakra-image css-oguq8l" aria-hidden="true"></div><div class="css-qoklea"><div class="css-12dchmx"></div><div data-testid="price-product-tile" class="css-8atqhb"><p class="chakra-text css-0"><span class="chakra-text css-o93gbd" data-testid="sale-price"><span class="css-idkz9h">$0.99</span>$0.99</span><span class="chakra-text css-623q5h" data-testid="was-price"><span class="css-idkz9h">$1.29</span>$1.29</span></p><p class="chakra-text css-1m5a6y8" data-testid="price-descriptor">SAVE $0.30</p></div><a href="/malt-beverage/p/20039327_EA?source=nspt" class="chakra-linkbox__overlay css-1hnz6hu"><div class="css-0"><p class="chakra-text css-1ecdp9w" data-testid="product-brand">Tiger</p><h3 class="chakra-heading css-6qrhwc" id="20039327_EA" data-testid="product-title">Malt Beverage</h3><p class="chakra-text css-1yftjin" data-testid="product-package-size">341 ml, $0.29/100ml</p></div></a><div class="css-8keand"></div></div><div class="css-1q5omjq"><div class="css-fcebb8"><div data-testid="atc-compact" class="css-y94ivq" style="width: 45px;"><button type="button" class="chakra-button css-mudsm6" data-testid="atc-button"><svg stroke="currentColor" fill="currentColor" stroke-width="0" viewBox="0 0 24 24" focusable="false" class="chakra-icon css-1g3sp7a" data-testid="btn-icon" aria-hidden="true" height="1em" width="1em" xmlns="http://www.w3.org/2000/svg"><path d="M19 13h-6v6h-2v-6H5v-2h6V5h2v6h6v2z"></path></svg><span class="css-idkz9h">Add Malt Beverage to cart</span></button></div></div></div></div></div></div><div class="css-0"><div class="css-f5i5wc"><div class="chakra-linkbox css-vhnn8v"><div data-testid="product-image" class="css-16dr4ly"><img alt="Coca-Cola Zero Sugar Caffeine, 12 Pack  12x355.0 ml, $0.18/100ml" src="https://assets.shop.loblaws.ca/products/21368014/b3/en/front/21368014_front_a06_@2.png" srcset="https://assets.shop.loblaws.ca/products/21368014/b3/en/front/21368014_front_a06_@2.png 1x, https://assets.shop.loblaws.ca/products/21368014/b3/en/front/21368014_front_a06_@2.png 2x" loading="lazy" class="chakra-image css-oguq8l" aria-hidden="true"></div><div class="css-qoklea"><div class="css-12dchmx"></div><div data-testid="price-product-tile" class="css-8atqhb"><p class="chakra-text css-0"><span class="chakra-text css-pwnbcb" data-testid="regular-price"><span class="css-idkz9h">$7.49</span>$7.49</span></p></div><a href="/zero-sugar-caffeine-12-pack/p/21368014_C12?source=nspt" class="chakra-linkbox__overlay css-1hnz6hu"><div class="css-0"><p class="chakra-text css-1ecdp9w" data-testid="product-brand">Coca-Cola</p><h3 class="chakra-heading css-6qrhwc" id="21368014_C12" data-testid="product-title">Zero Sugar Caffeine, 12 Pack </h3><p class="chakra-text css-1yftjin" data-testid="product-package-size">12x355.0 ml, $0.18/100ml</p></div></a><div class="css-8keand"></div></div><div class="css-1q5omjq"><div class="css-fcebb8"><div data-testid="atc-compact" class="css-y94ivq" style="width: 45px;"><button type="button" class="chakra-button css-mudsm6" data-testid="atc-button"><svg stroke="currentColor" fill="currentColor" stroke-width="0" viewBox="0 0 24 24" focusable="false" class="chakra-icon css-1g3sp7a" data-testid="btn-icon" aria-hidden="true" height="1em" width="1em" xmlns="http://www.w3.org/2000/svg"><path d="M19 13h-6v6h-2v-6H5v-2h6V5h2v6h6v2z"></path></svg><span class="css-idkz9h">Add Zero Sugar Caffeine, 12 Pack  to cart</span></button></div></div><div class="css-4saf4a"><p class="chakra-text css-py8788" data-testid="inventory-badge-text">Low Stock</p></div></div></div></div></div><div class="css-0"><div class="css-f5i5wc"><div class="chakra-linkbox css-vhnn8v"><div data-testid="product-image" class="css-16dr4ly"><img alt="Canada Dry Club Soda 2 l, $0.13/100ml" src="https://assets.shop.loblaws.ca/products/20311362003/b3/en/front/20311362003_front_a06_@2.png" srcset="https://assets.shop.loblaws.ca/products/20311362003/b3/en/front/20311362003_front_a06_@2.png 1x, https://assets.shop.loblaws.ca/products/20311362003/b3/en/front/20311362003_front_a06_@2.png 2x" loading="lazy" class="chakra-image css-oguq8l" aria-hidden="true"></div><div class="css-qoklea"><div class="css-12dchmx"></div><div data-testid="price-product-tile" class="css-8atqhb"><p class="chakra-text css-0"><span class="chakra-text css-pwnbcb" data-testid="regular-price"><span class="css-idkz9h">$2.69</span>$2.69</span></p></div><a href="/club-soda/p/20311362003_EA?source=nspt" class="chakra-linkbox__overlay css-1hnz6hu"><div class="css-0"><p class="chakra-text css-1ecdp9w" data-testid="product-brand">Canada Dry</p><h3 class="chakra-heading css-6qrhwc" id="20311362003_EA" data-testid="product-title">Club Soda</h3><p class="chakra-text css-1yftjin" data-testid="product-package-size">2 l, $0.13/100ml</p></div></a><div class="css-8keand"></div></div><div class="css-1q5omjq"><div class="css-fcebb8"><div data-testid="atc-compact" class="css-y94ivq" style="width: 45px;"><button type="button" class="chakra-button css-mudsm6" data-testid="atc-button"><svg stroke="currentColor" fill="currentColor" stroke-width="0" viewBox="0 0 24 24" focusable="false" class="chakra-icon css-1g3sp7a" data-testid="btn-icon" aria-hidden="true" height="1em" width="1em" xmlns="http://www.w3.org/2000/svg"><path d="M19 13h-6v6h-2v-6H5v-2h6V5h2v6h6v2z"></path></svg><span class="css-idkz9h">Add Club Soda to cart</span></button></div></div></div></div></div></div><div class="css-0"><div class="css-f5i5wc"><div class="chakra-linkbox css-vhnn8v"><div data-testid="product-image" class="css-16dr4ly"><img alt="Mountain Dew Soda 12x355.0 ml, $0.16/100ml" src="https://assets.shop.loblaws.ca/products/20571840/b3/en/front/20571840_front_a06_@2.png" srcset="https://assets.shop.loblaws.ca/products/20571840/b3/en/front/20571840_front_a06_@2.png 1x, https://assets.shop.loblaws.ca/products/20571840/b3/en/front/20571840_front_a06_@2.png 2x" loading="lazy" class="chakra-image css-oguq8l" aria-hidden="true"></div><div class="css-qoklea"><div class="css-12dchmx"></div><div data-testid="price-product-tile" class="css-8atqhb"><p class="chakra-text css-0"><span class="chakra-text css-pwnbcb" data-testid="regular-price"><span class="css-idkz9h">$6.99</span>$6.99</span></p></div><a href="/soda/p/20571840_C12?source=nspt" class="chakra-linkbox__overlay css-1hnz6hu"><div class="css-0"><p class="chakra-text css-1ecdp9w" data-testid="product-brand">Mountain Dew</p><h3 class="chakra-heading css-6qrhwc" id="20571840_C12" data-testid="product-title">Soda</h3><p class="chakra-text css-1yftjin" data-testid="product-package-size">12x355.0 ml, $0.16/100ml</p></div></a><div class="css-8keand"></div></div><div class="css-1q5omjq"><div class="css-fcebb8"><div data-testid="atc-compact" class="css-y94ivq" style="width: 45px;"><button type="button" class="chakra-button css-mudsm6" data-testid="atc-button"><svg stroke="currentColor" fill="currentColor" stroke-width="0" viewBox="0 0 24 24" focusable="false" class="chakra-icon css-1g3sp7a" data-testid="btn-icon" aria-hidden="true" height="1em" width="1em" xmlns="http://www.w3.org/2000/svg"><path d="M19 13h-6v6h-2v-6H5v-2h6V5h2v6h6v2z"></path></svg><span class="css-idkz9h">Add Soda to cart</span></button></div></div></div></div></div></div><div class="css-0"><div class="css-f5i5wc"><div class="chakra-linkbox css-vhnn8v"><div data-testid="product-image" class="css-16dr4ly"><img alt="Canada Dry Raspberry Lemonade Ginger Ale 12x355.0 ml, $0.18/100ml" src="https://assets.shop.loblaws.ca/products/21615639/b3/en/front/21615639_front_a06_@2.png" srcset="https://assets.shop.loblaws.ca/products/21615639/b3/en/front/21615639_front_a06_@2.png 1x, https://assets.shop.loblaws.ca/products/21615639/b3/en/front/21615639_front_a06_@2.png 2x" loading="lazy" class="chakra-image css-oguq8l" aria-hidden="true"></div><div class="css-qoklea"><div class="css-12dchmx"><div class="chakra-badge css-34x0wr" data-testid="product-badge"><div class="css-u4p24i">New</div></div></div><div data-testid="price-product-tile" class="css-8atqhb"><p class="chakra-text css-0"><span class="chakra-text css-pwnbcb" data-testid="regular-price"><span class="css-idkz9h">$7.49</span>$7.49</span></p></div><a href="/raspberry-lemonade-ginger-ale/p/21615639_C12?source=nspt" class="chakra-linkbox__overlay css-1hnz6hu"><div class="css-0"><p class="chakra-text css-1ecdp9w" data-testid="product-brand">Canada Dry</p><h3 class="chakra-heading css-6qrhwc" id="21615639_C12" data-testid="product-title">Raspberry Lemonade Ginger Ale</h3><p class="chakra-text css-1yftjin" data-testid="product-package-size">12x355.0 ml, $0.18/100ml</p></div></a><div class="css-8keand"></div></div><div class="css-1q5omjq"><div class="css-fcebb8"><div data-testid="atc-compact" class="css-y94ivq" style="width: 45px;"><button type="button" class="chakra-button css-mudsm6" data-testid="atc-button"><svg stroke="currentColor" fill="currentColor" stroke-width="0" viewBox="0 0 24 24" focusable="false" class="chakra-icon css-1g3sp7a" data-testid="btn-icon" aria-hidden="true" height="1em" width="1em" xmlns="http://www.w3.org/2000/svg"><path d="M19 13h-6v6h-2v-6H5v-2h6V5h2v6h6v2z"></path></svg><span class="css-idkz9h">Add Raspberry Lemonade Ginger Ale to cart</span></button></div></div></div></div></div></div><div class="css-0"><div class="css-f5i5wc"><div class="chakra-linkbox css-vhnn8v"><div data-testid="product-image" class="css-16dr4ly"><img alt="FANTA Naturally Flavoured Sparkling Beverage Orange 6x222.0 ml, $0.26/100ml" src="https://assets.shop.loblaws.ca/products/21534527/b3/en/front/21534527_front_a06_@2.png" srcset="https://assets.shop.loblaws.ca/products/21534527/b3/en/front/21534527_front_a06_@2.png 1x, https://assets.shop.loblaws.ca/products/21534527/b3/en/front/21534527_front_a06_@2.png 2x" loading="lazy" class="chakra-image css-oguq8l" aria-hidden="true"></div><div class="css-qoklea"><div class="css-12dchmx"></div><div data-testid="price-product-tile" class="css-8atqhb"><p class="chakra-text css-0"><span class="chakra-text css-o93gbd" data-testid="sale-price"><span class="css-idkz9h">$3.49</span>$3.49</span><span class="chakra-text css-623q5h" data-testid="was-price"><span class="css-idkz9h">$4.29</span>$4.29</span></p><p class="chakra-text css-1m5a6y8" data-testid="price-descriptor">SAVE $0.80</p></div><a href="/naturally-flavoured-sparkling-beverage-orange/p/21534527_C06?source=nspt" class="chakra-linkbox__overlay css-1hnz6hu"><div class="css-0"><p class="chakra-text css-1ecdp9w" data-testid="product-brand">FANTA</p><h3 class="chakra-heading css-6qrhwc" id="21534527_C06" data-testid="product-title">Naturally Flavoured Sparkling Beverage Orange</h3><p class="chakra-text css-1yftjin" data-testid="product-package-size">6x222.0 ml, $0.26/100ml</p></div></a><div class="css-8keand"></div></div><div class="css-1q5omjq"><div class="css-fcebb8"><div data-testid="atc-compact" class="css-y94ivq" style="width: 45px;"><button type="button" class="chakra-button css-mudsm6" data-testid="atc-button"><svg stroke="currentColor" fill="currentColor" stroke-width="0" viewBox="0 0 24 24" focusable="false" class="chakra-icon css-1g3sp7a" data-testid="btn-icon" aria-hidden="true" height="1em" width="1em" xmlns="http://www.w3.org/2000/svg"><path d="M19 13h-6v6h-2v-6H5v-2h6V5h2v6h6v2z"></path></svg><span class="css-idkz9h">Add Naturally Flavoured Sparkling Beverage Orange to cart</span></button></div></div></div></div></div></div><div class="css-0"><div class="css-f5i5wc"><div class="chakra-linkbox css-vhnn8v"><div data-testid="product-image" class="css-16dr4ly"><img alt="President's Choice Jamaican-Style Ginger Beer 2 l, $0.06/100ml" src="https://assets.shop.loblaws.ca/products/20311645010/b3/en/front/20311645010_front_a06_@2.png" srcset="https://assets.shop.loblaws.ca/products/20311645010/b3/en/front/20311645010_front_a06_@2.png 1x, https://assets.shop.loblaws.ca/products/20311645010/b3/en/front/20311645010_front_a06_@2.png 2x" loading="lazy" class="chakra-image css-oguq8l" aria-hidden="true"></div><div class="css-qoklea"><div class="css-12dchmx"></div><div data-testid="price-product-tile" class="css-8atqhb"><p class="chakra-text css-0"><span class="chakra-text css-pwnbcb" data-testid="regular-price"><span class="css-idkz9h">$1.25</span>$1.25</span></p></div><a href="/jamaican-style-ginger-beer/p/20311645010_EA?source=nspt" class="chakra-linkbox__overlay css-1hnz6hu"><div class="css-0"><p class="chakra-text css-1ecdp9w" data-testid="product-brand">President's Choice</p><h3 class="chakra-heading css-6qrhwc" id="20311645010_EA" data-testid="product-title">Jamaican-Style Ginger Beer</h3><p class="chakra-text css-1yftjin" data-testid="product-package-size">2 l, $0.06/100ml</p></div></a><div class="css-8keand"></div></div><div class="css-1q5omjq"><div class="css-fcebb8"><div data-testid="atc-compact" class="css-y94ivq" style="width: 45px;"><button type="button" class="chakra-button css-mudsm6" data-testid="atc-button"><svg stroke="currentColor" fill="currentColor" stroke-width="0" viewBox="0 0 24 24" focusable="false" class="chakra-icon css-1g3sp7a" data-testid="btn-icon" aria-hidden="true" height="1em" width="1em" xmlns="http://www.w3.org/2000/svg"><path d="M19 13h-6v6h-2v-6H5v-2h6V5h2v6h6v2z"></path></svg><span class="css-idkz9h">Add Jamaican-Style Ginger Beer to cart</span></button></div></div></div></div></div></div><div class="css-0"><div class="css-f5i5wc"><div class="chakra-linkbox css-vhnn8v"><div data-testid="product-image" class="css-16dr4ly"><img alt="Coca-Cola Bottle      8x300.0 ml, $0.31/100ml" src="https://assets.shop.loblaws.ca/products/21181173/b3/en/front/21181173_front_a06_@2.png" srcset="https://assets.shop.loblaws.ca/products/21181173/b3/en/front/21181173_front_a06_@2.png 1x, https://assets.shop.loblaws.ca/products/21181173/b3/en/front/21181173_front_a06_@2.png 2x" loading="lazy" class="chakra-image css-oguq8l" aria-hidden="true"></div><div class="css-qoklea"><div class="css-12dchmx"></div><div data-testid="price-product-tile" class="css-8atqhb"><p class="chakra-text css-0"><span class="chakra-text css-pwnbcb" data-testid="regular-price"><span class="css-idkz9h">$7.49</span>$7.49</span></p></div><a href="/bottle/p/21181173_C08?source=nspt" class="chakra-linkbox__overlay css-1hnz6hu"><div class="css-0"><p class="chakra-text css-1ecdp9w" data-testid="product-brand">Coca-Cola</p><h3 class="chakra-heading css-6qrhwc" id="21181173_C08" data-testid="product-title">Bottle     </h3><p class="chakra-text css-1yftjin" data-testid="product-package-size">8x300.0 ml, $0.31/100ml</p></div></a><div class="css-8keand"></div></div><div class="css-1q5omjq"><div class="css-fcebb8"><div data-testid="atc-compact" class="css-y94ivq" style="width: 45px;"><button type="button" class="chakra-button css-mudsm6" data-testid="atc-button"><svg stroke="currentColor" fill="currentColor" stroke-width="0" viewBox="0 0 24 24" focusable="false" class="chakra-icon css-1g3sp7a" data-testid="btn-icon" aria-hidden="true" height="1em" width="1em" xmlns="http://www.w3.org/2000/svg"><path d="M19 13h-6v6h-2v-6H5v-2h6V5h2v6h6v2z"></path></svg><span class="css-idkz9h">Add Bottle      to cart</span></button></div></div></div></div></div></div><div class="css-0"><div class="css-f5i5wc"><div class="chakra-linkbox css-vhnn8v"><div data-testid="product-image" class="css-16dr4ly"><img alt="FANTA Orange Bottle 2 l, $0.13/100ml" src="https://assets.shop.loblaws.ca/products/21518414/b3/en/front/21518414_front_a06_@2.png" srcset="https://assets.shop.loblaws.ca/products/21518414/b3/en/front/21518414_front_a06_@2.png 1x, https://assets.shop.loblaws.ca/products/21518414/b3/en/front/21518414_front_a06_@2.png 2x" loading="lazy" class="chakra-image css-oguq8l" aria-hidden="true"></div><div class="css-qoklea"><div class="css-12dchmx"></div><div data-testid="price-product-tile" class="css-8atqhb"><p class="chakra-text css-0"><span class="chakra-text css-pwnbcb" data-testid="regular-price"><span class="css-idkz9h">$2.69</span>$2.69</span></p></div><a href="/orange-bottle/p/21518414_EA?source=nspt" class="chakra-linkbox__overlay css-1hnz6hu"><div class="css-0"><p class="chakra-text css-1ecdp9w" data-testid="product-brand">FANTA</p><h3 class="chakra-heading css-6qrhwc" id="21518414_EA" data-testid="product-title">Orange Bottle</h3><p class="chakra-text css-1yftjin" data-testid="product-package-size">2 l, $0.13/100ml</p></div></a><div class="css-8keand"></div></div><div class="css-1q5omjq"><div class="css-fcebb8"><div data-testid="atc-compact" class="css-y94ivq" style="width: 45px;"><button type="button" class="chakra-button css-mudsm6" data-testid="atc-button"><svg stroke="currentColor" fill="currentColor" stroke-width="0" viewBox="0 0 24 24" focusable="false" class="chakra-icon css-1g3sp7a" data-testid="btn-icon" aria-hidden="true" height="1em" width="1em" xmlns="http://www.w3.org/2000/svg"><path d="M19 13h-6v6h-2v-6H5v-2h6V5h2v6h6v2z"></path></svg><span class="css-idkz9h">Add Orange Bottle to cart</span></button></div></div></div></div></div></div><div class="css-0"><div class="css-f5i5wc"><div class="chakra-linkbox css-vhnn8v"><div data-testid="product-image" class="css-16dr4ly"><img alt="Dr Pepper Soda 24x355.0 ml, $0.13/100ml" src="https://assets.shop.loblaws.ca/products/20373875/b3/en/front/20373875_front_a06_@2.png" srcset="https://assets.shop.loblaws.ca/products/20373875/b3/en/front/20373875_front_a06_@2.png 1x, https://assets.shop.loblaws.ca/products/20373875/b3/en/front/20373875_front_a06_@2.png 2x" loading="lazy" class="chakra-image css-oguq8l" aria-hidden="true"></div><div class="css-qoklea"><div class="css-12dchmx"></div><div data-testid="price-product-tile" class="css-8atqhb"><p class="chakra-text css-0"><span class="chakra-text css-pwnbcb" data-testid="regular-price"><span class="css-idkz9h">$11.49</span>$11.49</span></p></div><a href="/soda/p/20373875_C24?source=nspt" class="chakra-linkbox__overlay css-1hnz6hu"><div class="css-0"><p class="chakra-text css-1ecdp9w" data-testid="product-brand">Dr Pepper</p><h3 class="chakra-heading css-6qrhwc" id="20373875_C24" data-testid="product-title">Soda</h3><p class="chakra-text css-1yftjin" data-testid="product-package-size">24x355.0 ml, $0.13/100ml</p></div></a><div class="css-8keand"></div></div><div class="css-1q5omjq"><div class="css-fcebb8"><div data-testid="atc-compact" class="css-y94ivq" style="width: 45px;"><button type="button" class="chakra-button css-mudsm6" data-testid="atc-button"><svg stroke="currentColor" fill="currentColor" stroke-width="0" viewBox="0 0 24 24" focusable="false" class="chakra-icon css-1g3sp7a" data-testid="btn-icon" aria-hidden="true" height="1em" width="1em" xmlns="http://www.w3.org/2000/svg"><path d="M19 13h-6v6h-2v-6H5v-2h6V5h2v6h6v2z"></path></svg><span class="css-idkz9h">Add Soda to cart</span></button></div></div><div class="css-4saf4a"><p class="chakra-text css-py8788" data-testid="inventory-badge-text">Low Stock</p></div></div></div></div></div><div class="css-0"><div class="css-f5i5wc"><div class="chakra-linkbox css-vhnn8v"><div data-testid="product-image" class="css-16dr4ly"><img alt="Canada Dry Club Soda Triple Berry 12x355.0 ml, $0.18/100ml" src="https://assets.shop.loblaws.ca/products/21433209/b3/en/front/21433209_front_a06_@2.png" srcset="https://assets.shop.loblaws.ca/products/21433209/b3/en/front/21433209_front_a06_@2.png 1x, https://assets.shop.loblaws.ca/products/21433209/b3/en/front/21433209_front_a06_@2.png 2x" loading="lazy" class="chakra-image css-oguq8l" aria-hidden="true"></div><div class="css-qoklea"><div class="css-12dchmx"></div><div data-testid="price-product-tile" class="css-8atqhb"><p class="chakra-text css-0"><span class="chakra-text css-pwnbcb" data-testid="regular-price"><span class="css-idkz9h">$7.49</span>$7.49</span></p></div><a href="/club-soda-triple-berry/p/21433209_C12?source=nspt" class="chakra-linkbox__overlay css-1hnz6hu"><div class="css-0"><p class="chakra-text css-1ecdp9w" data-testid="product-brand">Canada Dry</p><h3 class="chakra-heading css-6qrhwc" id="21433209_C12" data-testid="product-title">Club Soda Triple Berry</h3><p class="chakra-text css-1yftjin" data-testid="product-package-size">12x355.0 ml, $0.18/100ml</p></div></a><div class="css-8keand"></div></div><div class="css-1q5omjq"><div class="css-fcebb8"><div data-testid="atc-compact" class="css-y94ivq" style="width: 45px;"><button disabled="" type="button" class="chakra-button css-mudsm6" data-testid="atc-button"><svg stroke="currentColor" fill="currentColor" stroke-width="0" viewBox="0 0 24 24" focusable="false" class="chakra-icon css-1g3sp7a" data-testid="btn-icon" aria-hidden="true" height="1em" width="1em" xmlns="http://www.w3.org/2000/svg"><path d="M19 13h-6v6h-2v-6H5v-2h6V5h2v6h6v2z"></path></svg><span class="css-idkz9h">Add Club Soda Triple Berry to cart</span></button></div></div><div class="css-4saf4a"><p class="chakra-text css-py8788" data-testid="inventory-badge-text">Out of Stock</p></div></div></div></div></div><div class="css-0"><div class="css-f5i5wc"><div class="chakra-linkbox css-vhnn8v"><div data-testid="product-image" class="css-16dr4ly"><img alt="Pepsi Max Zero Sugar Soda     24x355.0 ml, $0.13/100ml" src="https://assets.shop.loblaws.ca/products/20306687007/b3/en/front/20306687007_front_a06_@2.png" srcset="https://assets.shop.loblaws.ca/products/20306687007/b3/en/front/20306687007_front_a06_@2.png 1x, https://assets.shop.loblaws.ca/products/20306687007/b3/en/front/20306687007_front_a06_@2.png 2x" loading="lazy" class="chakra-image css-oguq8l" aria-hidden="true"></div><div class="css-qoklea"><div class="css-12dchmx"></div><div data-testid="price-product-tile" class="css-8atqhb"><p class="chakra-text css-0"><span class="chakra-text css-o93gbd" data-testid="sale-price"><span class="css-idkz9h">$11.49</span>$11.49</span><span class="chakra-text css-623q5h" data-testid="was-price"><span class="css-idkz9h">$13.49</span>$13.49</span></p><p class="chakra-text css-1m5a6y8" data-testid="price-descriptor">SAVE $2.00</p></div><a href="/max-zero-sugar-soda/p/20306687007_C24?source=nspt" class="chakra-linkbox__overlay css-1hnz6hu"><div class="css-0"><p class="chakra-text css-1ecdp9w" data-testid="product-brand">Pepsi</p><h3 class="chakra-heading css-6qrhwc" id="20306687007_C24" data-testid="product-title">Max Zero Sugar Soda    </h3><p class="chakra-text css-1yftjin" data-testid="product-package-size">24x355.0 ml, $0.13/100ml</p></div></a><div class="css-8keand"></div></div><div class="css-1q5omjq"><div class="css-fcebb8"><div data-testid="atc-compact" class="css-y94ivq" style="width: 45px;"><button type="button" class="chakra-button css-mudsm6" data-testid="atc-button"><svg stroke="currentColor" fill="currentColor" stroke-width="0" viewBox="0 0 24 24" focusable="false" class="chakra-icon css-1g3sp7a" data-testid="btn-icon" aria-hidden="true" height="1em" width="1em" xmlns="http://www.w3.org/2000/svg"><path d="M19 13h-6v6h-2v-6H5v-2h6V5h2v6h6v2z"></path></svg><span class="css-idkz9h">Add Max Zero Sugar Soda     to cart</span></button></div></div></div></div></div></div><div class="css-0"><div class="css-f5i5wc"><div class="chakra-linkbox css-vhnn8v"><div data-testid="product-image" class="css-16dr4ly"><img alt="Lipton Brisk Lemon Iced Tea 2 l, $0.13/100ml" src="https://assets.shop.loblaws.ca/products/20326699001/b3/en/front/20326699001_front_a06_@2.png" srcset="https://assets.shop.loblaws.ca/products/20326699001/b3/en/front/20326699001_front_a06_@2.png 1x, https://assets.shop.loblaws.ca/products/20326699001/b3/en/front/20326699001_front_a06_@2.png 2x" loading="lazy" class="chakra-image css-oguq8l" aria-hidden="true"></div><div class="css-qoklea"><div class="css-12dchmx"></div><div data-testid="price-product-tile" class="css-8atqhb"><p class="chakra-text css-0"><span class="chakra-text css-pwnbcb" data-testid="regular-price"><span class="css-idkz9h">$2.69</span>$2.69</span></p></div><a href="/brisk-lemon-iced-tea/p/20326699001_EA?source=nspt" class="chakra-linkbox__overlay css-1hnz6hu"><div class="css-0"><p class="chakra-text css-1ecdp9w" data-testid="product-brand">Lipton</p><h3 class="chakra-heading css-6qrhwc" id="20326699001_EA" data-testid="product-title">Brisk Lemon Iced Tea</h3><p class="chakra-text css-1yftjin" data-testid="product-package-size">2 l, $0.13/100ml</p></div></a><div class="css-8keand"></div></div><div class="css-1q5omjq"><div class="css-fcebb8"><div data-testid="atc-compact" class="css-y94ivq" style="width: 45px;"><button type="button" class="chakra-button css-mudsm6" data-testid="atc-button"><svg stroke="currentColor" fill="currentColor" stroke-width="0" viewBox="0 0 24 24" focusable="false" class="chakra-icon css-1g3sp7a" data-testid="btn-icon" aria-hidden="true" height="1em" width="1em" xmlns="http://www.w3.org/2000/svg"><path d="M19 13h-6v6h-2v-6H5v-2h6V5h2v6h6v2z"></path></svg><span class="css-idkz9h">Add Brisk Lemon Iced Tea to cart</span></button></div></div></div></div></div></div><div class="css-0"><div class="css-f5i5wc"><div class="chakra-linkbox css-vhnn8v"><div data-testid="product-image" class="css-16dr4ly"><img alt="President's Choice Old-Fashioned Style Root Beer Soda 2 l, $0.06/100ml" src="https://assets.shop.loblaws.ca/products/20311645017/b3/en/front/20311645017_front_a06_@2.png" srcset="https://assets.shop.loblaws.ca/products/20311645017/b3/en/front/20311645017_front_a06_@2.png 1x, https://assets.shop.loblaws.ca/products/20311645017/b3/en/front/20311645017_front_a06_@2.png 2x" loading="lazy" class="chakra-image css-oguq8l" aria-hidden="true"></div><div class="css-qoklea"><div class="css-12dchmx"></div><div data-testid="price-product-tile" class="css-8atqhb"><p class="chakra-text css-0"><span class="chakra-text css-pwnbcb" data-testid="regular-price"><span class="css-idkz9h">$1.25</span>$1.25</span></p></div><a href="/old-fashioned-style-root-beer-soda/p/20311645017_EA?source=nspt" class="chakra-linkbox__overlay css-1hnz6hu"><div class="css-0"><p class="chakra-text css-1ecdp9w" data-testid="product-brand">President's Choice</p><h3 class="chakra-heading css-6qrhwc" id="20311645017_EA" data-testid="product-title">Old-Fashioned Style Root Beer Soda</h3><p class="chakra-text css-1yftjin" data-testid="product-package-size">2 l, $0.06/100ml</p></div></a><div class="css-8keand"></div></div><div class="css-1q5omjq"><div class="css-fcebb8"><div data-testid="atc-compact" class="css-y94ivq" style="width: 45px;"><button type="button" class="chakra-button css-mudsm6" data-testid="atc-button"><svg stroke="currentColor" fill="currentColor" stroke-width="0" viewBox="0 0 24 24" focusable="false" class="chakra-icon css-1g3sp7a" data-testid="btn-icon" aria-hidden="true" height="1em" width="1em" xmlns="http://www.w3.org/2000/svg"><path d="M19 13h-6v6h-2v-6H5v-2h6V5h2v6h6v2z"></path></svg><span class="css-idkz9h">Add Old-Fashioned Style Root Beer Soda to cart</span></button></div></div></div></div></div></div><div class="css-0"><div class="css-f5i5wc"><div class="chakra-linkbox css-vhnn8v"><div data-testid="product-image" class="css-16dr4ly"><img alt="President's Choice Watermelon Lemon Sparkling Soda  12x355.0 ml, $0.14/100ml" src="https://assets.shop.loblaws.ca/products/20152117031/b3/en/front/20152117031_front_a06_@2.png" srcset="https://assets.shop.loblaws.ca/products/20152117031/b3/en/front/20152117031_front_a06_@2.png 1x, https://assets.shop.loblaws.ca/products/20152117031/b3/en/front/20152117031_front_a06_@2.png 2x" loading="lazy" class="chakra-image css-oguq8l" aria-hidden="true"></div><div class="css-qoklea"><div class="css-12dchmx"></div><div data-testid="price-product-tile" class="css-8atqhb"><p class="chakra-text css-0"><span class="chakra-text css-pwnbcb" data-testid="regular-price"><span class="css-idkz9h">$5.99</span>$5.99</span></p></div><a href="/watermelon-lemon-sparkling-soda/p/20152117031_C12?source=nspt" class="chakra-linkbox__overlay css-1hnz6hu"><div class="css-0"><p class="chakra-text css-1ecdp9w" data-testid="product-brand">President's Choice</p><h3 class="chakra-heading css-6qrhwc" id="20152117031_C12" data-testid="product-title">Watermelon Lemon Sparkling Soda </h3><p class="chakra-text css-1yftjin" data-testid="product-package-size">12x355.0 ml, $0.14/100ml</p></div></a><div class="css-8keand"></div></div><div class="css-1q5omjq"><div class="css-fcebb8"><div data-testid="atc-compact" class="css-y94ivq" style="width: 45px;"><button type="button" class="chakra-button css-mudsm6" data-testid="atc-button"><svg stroke="currentColor" fill="currentColor" stroke-width="0" viewBox="0 0 24 24" focusable="false" class="chakra-icon css-1g3sp7a" data-testid="btn-icon" aria-hidden="true" height="1em" width="1em" xmlns="http://www.w3.org/2000/svg"><path d="M19 13h-6v6h-2v-6H5v-2h6V5h2v6h6v2z"></path></svg><span class="css-idkz9h">Add Watermelon Lemon Sparkling Soda  to cart</span></button></div></div></div></div></div></div><div class="css-0"><div class="css-f5i5wc"><div class="chakra-linkbox css-vhnn8v"><div data-testid="product-image" class="css-16dr4ly"><img alt="President's Choice Low Sodium &amp; Caffeine-Free Diet Cola 12x355.0 ml, $0.14/100ml" src="https://assets.shop.loblaws.ca/products/20218887029/b3/en/front/20218887029_front_a06_@2.png" srcset="https://assets.shop.loblaws.ca/products/20218887029/b3/en/front/20218887029_front_a06_@2.png 1x, https://assets.shop.loblaws.ca/products/20218887029/b3/en/front/20218887029_front_a06_@2.png 2x" loading="lazy" class="chakra-image css-oguq8l" aria-hidden="true"></div><div class="css-qoklea"><div class="css-12dchmx"></div><div data-testid="price-product-tile" class="css-8atqhb"><p class="chakra-text css-0"><span class="chakra-text css-pwnbcb" data-testid="regular-price"><span class="css-idkz9h">$5.99</span>$5.99</span></p></div><a href="/low-sodium-caffeine-free-diet-cola/p/20218887029_C12?source=nspt" class="chakra-linkbox__overlay css-1hnz6hu"><div class="css-0"><p class="chakra-text css-1ecdp9w" data-testid="product-brand">President's Choice</p><h3 class="chakra-heading css-6qrhwc" id="20218887029_C12" data-testid="product-title">Low Sodium &amp; Caffeine-Free Diet Cola</h3><p class="chakra-text css-1yftjin" data-testid="product-package-size">12x355.0 ml, $0.14/100ml</p></div></a><div class="css-8keand"></div></div><div class="css-1q5omjq"><div class="css-fcebb8"><div data-testid="atc-compact" class="css-y94ivq" style="width: 45px;"><button type="button" class="chakra-button css-mudsm6" data-testid="atc-button"><svg stroke="currentColor" fill="currentColor" stroke-width="0" viewBox="0 0 24 24" focusable="false" class="chakra-icon css-1g3sp7a" data-testid="btn-icon" aria-hidden="true" height="1em" width="1em" xmlns="http://www.w3.org/2000/svg"><path d="M19 13h-6v6h-2v-6H5v-2h6V5h2v6h6v2z"></path></svg><span class="css-idkz9h">Add Low Sodium &amp; Caffeine-Free Diet Cola to cart</span></button></div></div></div></div></div></div><div class="css-0"><div class="css-f5i5wc"><div class="chakra-linkbox css-vhnn8v"><div data-testid="product-image" class="css-16dr4ly"><img alt="Grace Island Soda Mango Drink 355 ml, $0.36/100ml" src="https://assets.shop.loblaws.ca/products/21564134/b3/en/front/21564134_front_a06_@2.png" srcset="https://assets.shop.loblaws.ca/products/21564134/b3/en/front/21564134_front_a06_@2.png 1x, https://assets.shop.loblaws.ca/products/21564134/b3/en/front/21564134_front_a06_@2.png 2x" loading="lazy" class="chakra-image css-oguq8l" aria-hidden="true"></div><div class="css-qoklea"><div class="css-12dchmx"></div><div data-testid="price-product-tile" class="css-8atqhb"><p class="chakra-text css-0"><span class="chakra-text css-pwnbcb" data-testid="regular-price"><span class="css-idkz9h">$1.29</span>$1.29</span></p></div><a href="/island-soda-mango-drink/p/21564134_EA?source=nspt" class="chakra-linkbox__overlay css-1hnz6hu"><div class="css-0"><p class="chakra-text css-1ecdp9w" data-testid="product-brand">Grace</p><h3 class="chakra-heading css-6qrhwc" id="21564134_EA" data-testid="product-title">Island Soda Mango Drink</h3><p class="chakra-text css-1yftjin" data-testid="product-package-size">355 ml, $0.36/100ml</p></div></a><div class="css-8keand"></div></div><div class="css-1q5omjq"><div class="css-fcebb8"><div data-testid="atc-compact" class="css-y94ivq" style="width: 45px;"><button type="button" class="chakra-button css-mudsm6" data-testid="atc-button"><svg stroke="currentColor" fill="currentColor" stroke-width="0" viewBox="0 0 24 24" focusable="false" class="chakra-icon css-1g3sp7a" data-testid="btn-icon" aria-hidden="true" height="1em" width="1em" xmlns="http://www.w3.org/2000/svg"><path d="M19 13h-6v6h-2v-6H5v-2h6V5h2v6h6v2z"></path></svg><span class="css-idkz9h">Add Island Soda Mango Drink to cart</span></button></div></div></div></div></div></div><div class="css-0"><div class="css-f5i5wc"><div class="chakra-linkbox css-vhnn8v"><div data-testid="product-image" class="css-16dr4ly"><img alt="Pepsi Soda   8x355.0 ml, $0.23/100ml" src="https://assets.shop.loblaws.ca/products/21362875/b3/en/front/21362875_front_a06_@2.png" srcset="https://assets.shop.loblaws.ca/products/21362875/b3/en/front/21362875_front_a06_@2.png 1x, https://assets.shop.loblaws.ca/products/21362875/b3/en/front/21362875_front_a06_@2.png 2x" loading="lazy" class="chakra-image css-oguq8l" aria-hidden="true"></div><div class="css-qoklea"><div class="css-12dchmx"></div><div data-testid="price-product-tile" class="css-8atqhb"><p class="chakra-text css-0"><span class="chakra-text css-pwnbcb" data-testid="regular-price"><span class="css-idkz9h">$6.49</span>$6.49</span></p></div><a href="/soda/p/21362875_C08?source=nspt" class="chakra-linkbox__overlay css-1hnz6hu"><div class="css-0"><p class="chakra-text css-1ecdp9w" data-testid="product-brand">Pepsi</p><h3 class="chakra-heading css-6qrhwc" id="21362875_C08" data-testid="product-title">Soda  </h3><p class="chakra-text css-1yftjin" data-testid="product-package-size">8x355.0 ml, $0.23/100ml</p></div></a><div class="css-8keand"></div></div><div class="css-1q5omjq"><div class="css-fcebb8"><div data-testid="atc-compact" class="css-y94ivq" style="width: 45px;"><button type="button" class="chakra-button css-mudsm6" data-testid="atc-button"><svg stroke="currentColor" fill="currentColor" stroke-width="0" viewBox="0 0 24 24" focusable="false" class="chakra-icon css-1g3sp7a" data-testid="btn-icon" aria-hidden="true" height="1em" width="1em" xmlns="http://www.w3.org/2000/svg"><path d="M19 13h-6v6h-2v-6H5v-2h6V5h2v6h6v2z"></path></svg><span class="css-idkz9h">Add Soda   to cart</span></button></div></div></div></div></div></div><div class="css-0"><div class="css-f5i5wc"><div class="chakra-linkbox css-vhnn8v"><div data-testid="product-image" class="css-16dr4ly"><img alt="Coca-Cola Diet Coke   6x710.0 ml, $0.12/100ml" src="https://assets.shop.loblaws.ca/products/20313741003/b3/en/front/20313741003_front_a06_@2.png" srcset="https://assets.shop.loblaws.ca/products/20313741003/b3/en/front/20313741003_front_a06_@2.png 1x, https://assets.shop.loblaws.ca/products/20313741003/b3/en/front/20313741003_front_a06_@2.png 2x" loading="lazy" class="chakra-image css-oguq8l" aria-hidden="true"></div><div class="css-qoklea"><div class="css-12dchmx"></div><div data-testid="price-product-tile" class="css-8atqhb"><p class="chakra-text css-0"><span class="chakra-text css-pwnbcb" data-testid="regular-price"><span class="css-idkz9h">$4.99</span>$4.99</span></p></div><a href="/diet-coke/p/20313741003_C06?source=nspt" class="chakra-linkbox__overlay css-1hnz6hu"><div class="css-0"><p class="chakra-text css-1ecdp9w" data-testid="product-brand">Coca-Cola</p><h3 class="chakra-heading css-6qrhwc" id="20313741003_C06" data-testid="product-title">Diet Coke  </h3><p class="chakra-text css-1yftjin" data-testid="product-package-size">6x710.0 ml, $0.12/100ml</p></div></a><div class="css-8keand"></div></div><div class="css-1q5omjq"><div class="css-fcebb8"><div data-testid="atc-compact" class="css-y94ivq" style="width: 45px;"><button type="button" class="chakra-button css-mudsm6" data-testid="atc-button"><svg stroke="currentColor" fill="currentColor" stroke-width="0" viewBox="0 0 24 24" focusable="false" class="chakra-icon css-1g3sp7a" data-testid="btn-icon" aria-hidden="true" height="1em" width="1em" xmlns="http://www.w3.org/2000/svg"><path d="M19 13h-6v6h-2v-6H5v-2h6V5h2v6h6v2z"></path></svg><span class="css-idkz9h">Add Diet Coke   to cart</span></button></div></div></div></div></div></div><div class="css-0"><div class="css-f5i5wc"><div class="chakra-linkbox css-vhnn8v"><div data-testid="product-image" class="css-16dr4ly"><img alt="Canada Dry Ginger Ale, Bottle 1 l, $0.18/100ml" src="https://assets.shop.loblaws.ca/products/20299076002/b3/en/front/20299076002_front_a06_@2.png" srcset="https://assets.shop.loblaws.ca/products/20299076002/b3/en/front/20299076002_front_a06_@2.png 1x, https://assets.shop.loblaws.ca/products/20299076002/b3/en/front/20299076002_front_a06_@2.png 2x" loading="lazy" class="chakra-image css-oguq8l" aria-hidden="true"></div><div class="css-qoklea"><div class="css-12dchmx"></div><div data-testid="price-product-tile" class="css-8atqhb"><p class="chakra-text css-0"><span class="chakra-text css-pwnbcb" data-testid="regular-price"><span class="css-idkz9h">$1.79</span>$1.79</span></p></div><a href="/ginger-ale-bottle/p/20299076002_EA?source=nspt" class="chakra-linkbox__overlay css-1hnz6hu"><div class="css-0"><p class="chakra-text css-1ecdp9w" data-testid="product-brand">Canada Dry</p><h3 class="chakra-heading css-6qrhwc" id="20299076002_EA" data-testid="product-title">Ginger Ale, Bottle</h3><p class="chakra-text css-1yftjin" data-testid="product-package-size">1 l, $0.18/100ml</p></div></a><div class="css-8keand"></div></div><div class="css-1q5omjq"><div class="css-fcebb8"><div data-testid="atc-compact" class="css-y94ivq" style="width: 45px;"><button type="button" class="chakra-button css-mudsm6" data-testid="atc-button"><svg stroke="currentColor" fill="currentColor" stroke-width="0" viewBox="0 0 24 24" focusable="false" class="chakra-icon css-1g3sp7a" data-testid="btn-icon" aria-hidden="true" height="1em" width="1em" xmlns="http://www.w3.org/2000/svg"><path d="M19 13h-6v6h-2v-6H5v-2h6V5h2v6h6v2z"></path></svg><span class="css-idkz9h">Add Ginger Ale, Bottle to cart</span></button></div></div></div></div></div></div><div class="css-0"><div class="css-f5i5wc"><div class="chakra-linkbox css-vhnn8v"><div data-testid="product-image" class="css-16dr4ly"><img alt="7Up Soda       2 l, $0.13/100ml" src="https://assets.shop.loblaws.ca/products/20307968001/b3/en/front/20307968001_front_a06_@2.png" srcset="https://assets.shop.loblaws.ca/products/20307968001/b3/en/front/20307968001_front_a06_@2.png 1x, https://assets.shop.loblaws.ca/products/20307968001/b3/en/front/20307968001_front_a06_@2.png 2x" loading="lazy" class="chakra-image css-oguq8l" aria-hidden="true"></div><div class="css-qoklea"><div class="css-12dchmx"></div><div data-testid="price-product-tile" class="css-8atqhb"><p class="chakra-text css-0"><span class="chakra-text css-pwnbcb" data-testid="regular-price"><span class="css-idkz9h">$2.69</span>$2.69</span></p></div><a href="/soda/p/20307968001_EA?source=nspt" class="chakra-linkbox__overlay css-1hnz6hu"><div class="css-0"><p class="chakra-text css-1ecdp9w" data-testid="product-brand">7Up</p><h3 class="chakra-heading css-6qrhwc" id="20307968001_EA" data-testid="product-title">Soda      </h3><p class="chakra-text css-1yftjin" data-testid="product-package-size">2 l, $0.13/100ml</p></div></a><div class="css-8keand"></div></div><div class="css-1q5omjq"><div class="css-fcebb8"><div data-testid="atc-compact" class="css-y94ivq" style="width: 45px;"><button type="button" class="chakra-button css-mudsm6" data-testid="atc-button"><svg stroke="currentColor" fill="currentColor" stroke-width="0" viewBox="0 0 24 24" focusable="false" class="chakra-icon css-1g3sp7a" data-testid="btn-icon" aria-hidden="true" height="1em" width="1em" xmlns="http://www.w3.org/2000/svg"><path d="M19 13h-6v6h-2v-6H5v-2h6V5h2v6h6v2z"></path></svg><span class="css-idkz9h">Add Soda       to cart</span></button></div></div></div></div></div></div><div class="css-0"><div class="css-f5i5wc"><div class="chakra-linkbox css-vhnn8v"><div data-testid="product-image" class="css-16dr4ly"><img alt="Coca-Cola Spiced Mini 6x222.0 ml, $0.26/100ml" src="https://assets.shop.loblaws.ca/products/21589469/b3/en/front/21589469_front_a06_@2.png" srcset="https://assets.shop.loblaws.ca/products/21589469/b3/en/front/21589469_front_a06_@2.png 1x, https://assets.shop.loblaws.ca/products/21589469/b3/en/front/21589469_front_a06_@2.png 2x" loading="lazy" class="chakra-image css-oguq8l" aria-hidden="true"></div><div class="css-qoklea"><div class="css-12dchmx"></div><div data-testid="price-product-tile" class="css-8atqhb"><p class="chakra-text css-0"><span class="chakra-text css-o93gbd" data-testid="sale-price"><span class="css-idkz9h">$3.49</span>$3.49</span><span class="chakra-text css-623q5h" data-testid="was-price"><span class="css-idkz9h">$4.29</span>$4.29</span></p><p class="chakra-text css-1m5a6y8" data-testid="price-descriptor">SAVE $0.80</p></div><a href="/spiced-mini/p/21589469_C06?source=nspt" class="chakra-linkbox__overlay css-1hnz6hu"><div class="css-0"><p class="chakra-text css-1ecdp9w" data-testid="product-brand">Coca-Cola</p><h3 class="chakra-heading css-6qrhwc" id="21589469_C06" data-testid="product-title">Spiced Mini</h3><p class="chakra-text css-1yftjin" data-testid="product-package-size">6x222.0 ml, $0.26/100ml</p></div></a><div class="css-8keand"></div></div><div class="css-1q5omjq"><div class="css-fcebb8"><div data-testid="atc-compact" class="css-y94ivq" style="width: 45px;"><button type="button" class="chakra-button css-mudsm6" data-testid="atc-button"><svg stroke="currentColor" fill="currentColor" stroke-width="0" viewBox="0 0 24 24" focusable="false" class="chakra-icon css-1g3sp7a" data-testid="btn-icon" aria-hidden="true" height="1em" width="1em" xmlns="http://www.w3.org/2000/svg"><path d="M19 13h-6v6h-2v-6H5v-2h6V5h2v6h6v2z"></path></svg><span class="css-idkz9h">Add Spiced Mini to cart</span></button></div></div></div></div></div></div><div class="css-0"><div class="css-f5i5wc"><div class="chakra-linkbox css-vhnn8v"><div data-testid="product-image" class="css-16dr4ly"><img alt="Freezone Strawberry Soft Drink 275 ml, $0.83/100ml" src="https://assets.shop.loblaws.ca/products/20886811/b3/en/front/20886811_front_a06_@2.png" srcset="https://assets.shop.loblaws.ca/products/20886811/b3/en/front/20886811_front_a06_@2.png 1x, https://assets.shop.loblaws.ca/products/20886811/b3/en/front/20886811_front_a06_@2.png 2x" loading="lazy" class="chakra-image css-oguq8l" aria-hidden="true"></div><div class="css-qoklea"><div class="css-12dchmx"></div><div data-testid="price-product-tile" class="css-8atqhb"><p class="chakra-text css-0"><span class="chakra-text css-pwnbcb" data-testid="regular-price"><span class="css-idkz9h">$2.29</span>$2.29</span></p></div><a href="/strawberry-soft-drink/p/20886811_EA?source=nspt" class="chakra-linkbox__overlay css-1hnz6hu"><div class="css-0"><p class="chakra-text css-1ecdp9w" data-testid="product-brand">Freezone</p><h3 class="chakra-heading css-6qrhwc" id="20886811_EA" data-testid="product-title">Strawberry Soft Drink</h3><p class="chakra-text css-1yftjin" data-testid="product-package-size">275 ml, $0.83/100ml</p></div></a><div class="css-8keand"></div></div><div class="css-1q5omjq"><div class="css-fcebb8"><div data-testid="atc-compact" class="css-y94ivq" style="width: 45px;"><button type="button" class="chakra-button css-mudsm6" data-testid="atc-button"><svg stroke="currentColor" fill="currentColor" stroke-width="0" viewBox="0 0 24 24" focusable="false" class="chakra-icon css-1g3sp7a" data-testid="btn-icon" aria-hidden="true" height="1em" width="1em" xmlns="http://www.w3.org/2000/svg"><path d="M19 13h-6v6h-2v-6H5v-2h6V5h2v6h6v2z"></path></svg><span class="css-idkz9h">Add Strawberry Soft Drink to cart</span></button></div></div></div></div></div></div><div class="css-0"><div class="css-f5i5wc"><div class="chakra-linkbox css-vhnn8v"><div data-testid="product-image" class="css-16dr4ly"><img alt="Jarritos Soft Drink Mandarin Orange 370 ml, $0.62/100ml" src="https://assets.shop.loblaws.ca/products/20147354007/b3/en/front/20147354007_front_a06_@2.png" srcset="https://assets.shop.loblaws.ca/products/20147354007/b3/en/front/20147354007_front_a06_@2.png 1x, https://assets.shop.loblaws.ca/products/20147354007/b3/en/front/20147354007_front_a06_@2.png 2x" loading="lazy" class="chakra-image css-oguq8l" aria-hidden="true"></div><div class="css-qoklea"><div class="css-12dchmx"></div><div data-testid="price-product-tile" class="css-8atqhb"><p class="chakra-text css-0"><span class="chakra-text css-pwnbcb" data-testid="regular-price"><span class="css-idkz9h">$2.29</span>$2.29</span></p></div><a href="/soft-drink-mandarin-orange/p/20147354007_EA?source=nspt" class="chakra-linkbox__overlay css-1hnz6hu"><div class="css-0"><p class="chakra-text css-1ecdp9w" data-testid="product-brand">Jarritos</p><h3 class="chakra-heading css-6qrhwc" id="20147354007_EA" data-testid="product-title">Soft Drink Mandarin Orange</h3><p class="chakra-text css-1yftjin" data-testid="product-package-size">370 ml, $0.62/100ml</p></div></a><div class="css-8keand"></div></div><div class="css-1q5omjq"><div class="css-fcebb8"><div data-testid="atc-compact" class="css-y94ivq" style="width: 45px;"><button type="button" class="chakra-button css-mudsm6" data-testid="atc-button"><svg stroke="currentColor" fill="currentColor" stroke-width="0" viewBox="0 0 24 24" focusable="false" class="chakra-icon css-1g3sp7a" data-testid="btn-icon" aria-hidden="true" height="1em" width="1em" xmlns="http://www.w3.org/2000/svg"><path d="M19 13h-6v6h-2v-6H5v-2h6V5h2v6h6v2z"></path></svg><span class="css-idkz9h">Add Soft Drink Mandarin Orange to cart</span></button></div></div></div></div></div></div><div class="css-0"><div class="css-f5i5wc"><div class="chakra-linkbox css-vhnn8v"><div data-testid="product-image" class="css-16dr4ly"><img alt="President's Choice Mini Diet Tonic Water 6 Pack 6x222.0 ml, $0.22/100ml" src="https://assets.shop.loblaws.ca/products/21094148/b3/en/front/21094148_front_a06_@2.png" srcset="https://assets.shop.loblaws.ca/products/21094148/b3/en/front/21094148_front_a06_@2.png 1x, https://assets.shop.loblaws.ca/products/21094148/b3/en/front/21094148_front_a06_@2.png 2x" loading="lazy" class="chakra-image css-oguq8l" aria-hidden="true"></div><div class="css-qoklea"><div class="css-12dchmx"></div><div data-testid="price-product-tile" class="css-8atqhb"><p class="chakra-text css-0"><span class="chakra-text css-pwnbcb" data-testid="regular-price"><span class="css-idkz9h">$2.99</span>$2.99</span></p></div><a href="/mini-diet-tonic-water-6-pack/p/21094148_C06?source=nspt" class="chakra-linkbox__overlay css-1hnz6hu"><div class="css-0"><p class="chakra-text css-1ecdp9w" data-testid="product-brand">President's Choice</p><h3 class="chakra-heading css-6qrhwc" id="21094148_C06" data-testid="product-title">Mini Diet Tonic Water 6 Pack</h3><p class="chakra-text css-1yftjin" data-testid="product-package-size">6x222.0 ml, $0.22/100ml</p></div></a><div class="css-8keand"></div></div><div class="css-1q5omjq"><div class="css-fcebb8"><div data-testid="atc-compact" class="css-y94ivq" style="width: 45px;"><button type="button" class="chakra-button css-mudsm6" data-testid="atc-button"><svg stroke="currentColor" fill="currentColor" stroke-width="0" viewBox="0 0 24 24" focusable="false" class="chakra-icon css-1g3sp7a" data-testid="btn-icon" aria-hidden="true" height="1em" width="1em" xmlns="http://www.w3.org/2000/svg"><path d="M19 13h-6v6h-2v-6H5v-2h6V5h2v6h6v2z"></path></svg><span class="css-idkz9h">Add Mini Diet Tonic Water 6 Pack to cart</span></button></div></div></div></div></div></div><div class="css-0"><div class="css-f5i5wc"><div class="chakra-linkbox css-vhnn8v"><div data-testid="product-image" class="css-16dr4ly"><img alt="The Great Gentleman Light Spicy Ginger Beer 948 ml, $0.82/100ml" src="https://assets.shop.loblaws.ca/products/21594078/b3/en/front/21594078_front_a06_@2.png" srcset="https://assets.shop.loblaws.ca/products/21594078/b3/en/front/21594078_front_a06_@2.png 1x, https://assets.shop.loblaws.ca/products/21594078/b3/en/front/21594078_front_a06_@2.png 2x" loading="lazy" class="chakra-image css-oguq8l" aria-hidden="true"></div><div class="css-qoklea"><div class="css-12dchmx"></div><div data-testid="price-product-tile" class="css-8atqhb"><p class="chakra-text css-0"><span class="chakra-text css-pwnbcb" data-testid="regular-price"><span class="css-idkz9h">$7.79</span>$7.79</span></p></div><a href="/light-spicy-ginger-beer/p/21594078_EA?source=nspt" class="chakra-linkbox__overlay css-1hnz6hu"><div class="css-0"><p class="chakra-text css-1ecdp9w" data-testid="product-brand">The Great Gentleman</p><h3 class="chakra-heading css-6qrhwc" id="21594078_EA" data-testid="product-title">Light Spicy Ginger Beer</h3><p class="chakra-text css-1yftjin" data-testid="product-package-size">948 ml, $0.82/100ml</p></div></a><div class="css-8keand"></div></div><div class="css-1q5omjq"><div class="css-fcebb8"><div data-testid="atc-compact" class="css-y94ivq" style="width: 45px;"><button type="button" class="chakra-button css-mudsm6" data-testid="atc-button"><svg stroke="currentColor" fill="currentColor" stroke-width="0" viewBox="0 0 24 24" focusable="false" class="chakra-icon css-1g3sp7a" data-testid="btn-icon" aria-hidden="true" height="1em" width="1em" xmlns="http://www.w3.org/2000/svg"><path d="M19 13h-6v6h-2v-6H5v-2h6V5h2v6h6v2z"></path></svg><span class="css-idkz9h">Add Light Spicy Ginger Beer to cart</span></button></div></div></div></div></div></div><div class="css-0"><div class="css-f5i5wc"><div class="chakra-linkbox css-vhnn8v"><div data-testid="product-image" class="css-16dr4ly"><img alt="Marble Pop Strawberry 200 ml, $1.25/100ml" src="https://assets.shop.loblaws.ca/products/20666497002/b3/en/front/20666497002_front_a06_@2.png" srcset="https://assets.shop.loblaws.ca/products/20666497002/b3/en/front/20666497002_front_a06_@2.png 1x, https://assets.shop.loblaws.ca/products/20666497002/b3/en/front/20666497002_front_a06_@2.png 2x" loading="lazy" class="chakra-image css-oguq8l" aria-hidden="true"></div><div class="css-qoklea"><div class="css-12dchmx"></div><div data-testid="price-product-tile" class="css-8atqhb"><p class="chakra-text css-0"><span class="chakra-text css-pwnbcb" data-testid="regular-price"><span class="css-idkz9h">$2.49</span>$2.49</span></p></div><a href="/strawberry/p/20666497002_EA?source=nspt" class="chakra-linkbox__overlay css-1hnz6hu"><div class="css-0"><p class="chakra-text css-1ecdp9w" data-testid="product-brand">Marble Pop</p><h3 class="chakra-heading css-6qrhwc" id="20666497002_EA" data-testid="product-title">Strawberry</h3><p class="chakra-text css-1yftjin" data-testid="product-package-size">200 ml, $1.25/100ml</p></div></a><div class="css-8keand"></div></div><div class="css-1q5omjq"><div class="css-fcebb8"><div data-testid="atc-compact" class="css-y94ivq" style="width: 45px;"><button disabled="" type="button" class="chakra-button css-mudsm6" data-testid="atc-button"><svg stroke="currentColor" fill="currentColor" stroke-width="0" viewBox="0 0 24 24" focusable="false" class="chakra-icon css-1g3sp7a" data-testid="btn-icon" aria-hidden="true" height="1em" width="1em" xmlns="http://www.w3.org/2000/svg"><path d="M19 13h-6v6h-2v-6H5v-2h6V5h2v6h6v2z"></path></svg><span class="css-idkz9h">Add Strawberry to cart</span></button></div></div><div class="css-4saf4a"><p class="chakra-text css-py8788" data-testid="inventory-badge-text">Out of Stock</p></div></div></div></div></div><div class="css-0"><div class="css-f5i5wc"><div class="chakra-linkbox css-vhnn8v"><div data-testid="product-image" class="css-16dr4ly"><img alt="President's Choice Mini Club Soda 6 Pack 6x222.0 ml, $0.22/100ml" src="https://assets.shop.loblaws.ca/products/21094147/b3/en/front/21094147_front_a06_@2.png" srcset="https://assets.shop.loblaws.ca/products/21094147/b3/en/front/21094147_front_a06_@2.png 1x, https://assets.shop.loblaws.ca/products/21094147/b3/en/front/21094147_front_a06_@2.png 2x" loading="lazy" class="chakra-image css-oguq8l" aria-hidden="true"></div><div class="css-qoklea"><div class="css-12dchmx"></div><div data-testid="price-product-tile" class="css-8atqhb"><p class="chakra-text css-0"><span class="chakra-text css-pwnbcb" data-testid="regular-price"><span class="css-idkz9h">$2.99</span>$2.99</span></p></div><a href="/mini-club-soda-6-pack/p/21094147_C06?source=nspt" class="chakra-linkbox__overlay css-1hnz6hu"><div class="css-0"><p class="chakra-text css-1ecdp9w" data-testid="product-brand">President's Choice</p><h3 class="chakra-heading css-6qrhwc" id="21094147_C06" data-testid="product-title">Mini Club Soda 6 Pack</h3><p class="chakra-text css-1yftjin" data-testid="product-package-size">6x222.0 ml, $0.22/100ml</p></div></a><div class="css-8keand"></div></div><div class="css-1q5omjq"><div class="css-fcebb8"><div data-testid="atc-compact" class="css-y94ivq" style="width: 45px;"><button type="button" class="chakra-button css-mudsm6" data-testid="atc-button"><svg stroke="currentColor" fill="currentColor" stroke-width="0" viewBox="0 0 24 24" focusable="false" class="chakra-icon css-1g3sp7a" data-testid="btn-icon" aria-hidden="true" height="1em" width="1em" xmlns="http://www.w3.org/2000/svg"><path d="M19 13h-6v6h-2v-6H5v-2h6V5h2v6h6v2z"></path></svg><span class="css-idkz9h">Add Mini Club Soda 6 Pack to cart</span></button></div></div></div></div></div></div><div class="css-0"><div class="css-f5i5wc"><div class="chakra-linkbox css-vhnn8v"><div data-testid="product-image" class="css-16dr4ly"><img alt="Pepsi Zero Sugar  6x222.0 ml, $0.26/100ml" src="https://assets.shop.loblaws.ca/products/21189960/b3/en/front/21189960_front_a06_@2.png" srcset="https://assets.shop.loblaws.ca/products/21189960/b3/en/front/21189960_front_a06_@2.png 1x, https://assets.shop.loblaws.ca/products/21189960/b3/en/front/21189960_front_a06_@2.png 2x" loading="lazy" class="chakra-image css-oguq8l" aria-hidden="true"></div><div class="css-qoklea"><div class="css-12dchmx"></div><div data-testid="price-product-tile" class="css-8atqhb"><p class="chakra-text css-0"><span class="chakra-text css-o93gbd" data-testid="sale-price"><span class="css-idkz9h">$3.49</span>$3.49</span><span class="chakra-text css-623q5h" data-testid="was-price"><span class="css-idkz9h">$3.99</span>$3.99</span></p><p class="chakra-text css-1m5a6y8" data-testid="price-descriptor">SAVE $0.50</p></div><a href="/zero-sugar/p/21189960_C06?source=nspt" class="chakra-linkbox__overlay css-1hnz6hu"><div class="css-0"><p class="chakra-text css-1ecdp9w" data-testid="product-brand">Pepsi</p><h3 class="chakra-heading css-6qrhwc" id="21189960_C06" data-testid="product-title">Zero Sugar </h3><p class="chakra-text css-1yftjin" data-testid="product-package-size">6x222.0 ml, $0.26/100ml</p></div></a><div class="css-8keand"></div></div><div class="css-1q5omjq"><div class="css-fcebb8"><div data-testid="atc-compact" class="css-y94ivq" style="width: 45px;"><button type="button" class="chakra-button css-mudsm6" data-testid="atc-button"><svg stroke="currentColor" fill="currentColor" stroke-width="0" viewBox="0 0 24 24" focusable="false" class="chakra-icon css-1g3sp7a" data-testid="btn-icon" aria-hidden="true" height="1em" width="1em" xmlns="http://www.w3.org/2000/svg"><path d="M19 13h-6v6h-2v-6H5v-2h6V5h2v6h6v2z"></path></svg><span class="css-idkz9h">Add Zero Sugar  to cart</span></button></div></div></div></div></div></div><div class="css-0"><div class="css-f5i5wc"><div class="chakra-linkbox css-vhnn8v"><div data-testid="product-image" class="css-16dr4ly"><img alt="Pepsi Wild Cherry Soda     12x355.0 ml, $0.16/100ml" src="https://assets.shop.loblaws.ca/products/20322361009/b3/en/front/20322361009_front_a06_@2.png" srcset="https://assets.shop.loblaws.ca/products/20322361009/b3/en/front/20322361009_front_a06_@2.png 1x, https://assets.shop.loblaws.ca/products/20322361009/b3/en/front/20322361009_front_a06_@2.png 2x" loading="lazy" class="chakra-image css-oguq8l" aria-hidden="true"></div><div class="css-qoklea"><div class="css-12dchmx"></div><div data-testid="price-product-tile" class="css-8atqhb"><p class="chakra-text css-0"><span class="chakra-text css-pwnbcb" data-testid="regular-price"><span class="css-idkz9h">$6.99</span>$6.99</span></p></div><a href="/wild-cherry-soda/p/20322361009_C12?source=nspt" class="chakra-linkbox__overlay css-1hnz6hu"><div class="css-0"><p class="chakra-text css-1ecdp9w" data-testid="product-brand">Pepsi</p><h3 class="chakra-heading css-6qrhwc" id="20322361009_C12" data-testid="product-title">Wild Cherry Soda    </h3><p class="chakra-text css-1yftjin" data-testid="product-package-size">12x355.0 ml, $0.16/100ml</p></div></a><div class="css-8keand"></div></div><div class="css-1q5omjq"><div class="css-fcebb8"><div data-testid="atc-compact" class="css-y94ivq" style="width: 45px;"><button type="button" class="chakra-button css-mudsm6" data-testid="atc-button"><svg stroke="currentColor" fill="currentColor" stroke-width="0" viewBox="0 0 24 24" focusable="false" class="chakra-icon css-1g3sp7a" data-testid="btn-icon" aria-hidden="true" height="1em" width="1em" xmlns="http://www.w3.org/2000/svg"><path d="M19 13h-6v6h-2v-6H5v-2h6V5h2v6h6v2z"></path></svg><span class="css-idkz9h">Add Wild Cherry Soda     to cart</span></button></div></div></div></div></div></div><div class="css-0"><div class="css-f5i5wc"><div class="chakra-linkbox css-vhnn8v"><div data-testid="product-image" class="css-16dr4ly"><img alt="President's Choice Tonic Water 12x355.0 ml, $0.14/100ml" src="https://assets.shop.loblaws.ca/products/20218887030/b3/en/front/20218887030_front_a06_@2.png" srcset="https://assets.shop.loblaws.ca/products/20218887030/b3/en/front/20218887030_front_a06_@2.png 1x, https://assets.shop.loblaws.ca/products/20218887030/b3/en/front/20218887030_front_a06_@2.png 2x" loading="lazy" class="chakra-image css-oguq8l" aria-hidden="true"></div><div class="css-qoklea"><div class="css-12dchmx"></div><div data-testid="price-product-tile" class="css-8atqhb"><p class="chakra-text css-0"><span class="chakra-text css-pwnbcb" data-testid="regular-price"><span class="css-idkz9h">$5.99</span>$5.99</span></p></div><a href="/tonic-water/p/20218887030_C12?source=nspt" class="chakra-linkbox__overlay css-1hnz6hu"><div class="css-0"><p class="chakra-text css-1ecdp9w" data-testid="product-brand">President's Choice</p><h3 class="chakra-heading css-6qrhwc" id="20218887030_C12" data-testid="product-title">Tonic Water</h3><p class="chakra-text css-1yftjin" data-testid="product-package-size">12x355.0 ml, $0.14/100ml</p></div></a><div class="css-8keand"></div></div><div class="css-1q5omjq"><div class="css-fcebb8"><div data-testid="atc-compact" class="css-y94ivq" style="width: 45px;"><button type="button" class="chakra-button css-mudsm6" data-testid="atc-button"><svg stroke="currentColor" fill="currentColor" stroke-width="0" viewBox="0 0 24 24" focusable="false" class="chakra-icon css-1g3sp7a" data-testid="btn-icon" aria-hidden="true" height="1em" width="1em" xmlns="http://www.w3.org/2000/svg"><path d="M19 13h-6v6h-2v-6H5v-2h6V5h2v6h6v2z"></path></svg><span class="css-idkz9h">Add Tonic Water to cart</span></button></div></div></div></div></div></div><div class="css-0"><div class="css-f5i5wc"><div class="chakra-linkbox css-vhnn8v"><div data-testid="product-image" class="css-16dr4ly"><img alt="Canada Dry Limited Edition Diet Cranberry Ginger Ale 12x355.0 ml, $0.18/100ml" src="https://assets.shop.loblaws.ca/products/21203621/b3/en/front/21203621_front_a06_@2.png" srcset="https://assets.shop.loblaws.ca/products/21203621/b3/en/front/21203621_front_a06_@2.png 1x, https://assets.shop.loblaws.ca/products/21203621/b3/en/front/21203621_front_a06_@2.png 2x" loading="lazy" class="chakra-image css-oguq8l" aria-hidden="true"></div><div class="css-qoklea"><div class="css-12dchmx"></div><div data-testid="price-product-tile" class="css-8atqhb"><p class="chakra-text css-0"><span class="chakra-text css-pwnbcb" data-testid="regular-price"><span class="css-idkz9h">$7.49</span>$7.49</span></p></div><a href="/limited-edition-diet-cranberry-ginger-ale/p/21203621_C12?source=nspt" class="chakra-linkbox__overlay css-1hnz6hu"><div class="css-0"><p class="chakra-text css-1ecdp9w" data-testid="product-brand">Canada Dry</p><h3 class="chakra-heading css-6qrhwc" id="21203621_C12" data-testid="product-title">Limited Edition Diet Cranberry Ginger Ale</h3><p class="chakra-text css-1yftjin" data-testid="product-package-size">12x355.0 ml, $0.18/100ml</p></div></a><div class="css-8keand"></div></div><div class="css-1q5omjq"><div class="css-fcebb8"><div data-testid="atc-compact" class="css-y94ivq" style="width: 45px;"><button disabled="" type="button" class="chakra-button css-mudsm6" data-testid="atc-button"><svg stroke="currentColor" fill="currentColor" stroke-width="0" viewBox="0 0 24 24" focusable="false" class="chakra-icon css-1g3sp7a" data-testid="btn-icon" aria-hidden="true" height="1em" width="1em" xmlns="http://www.w3.org/2000/svg"><path d="M19 13h-6v6h-2v-6H5v-2h6V5h2v6h6v2z"></path></svg><span class="css-idkz9h">Add Limited Edition Diet Cranberry Ginger Ale to cart</span></button></div></div><div class="css-4saf4a"><p class="chakra-text css-py8788" data-testid="inventory-badge-text">Out of Stock</p></div></div></div></div></div><div class="css-0"><div class="css-f5i5wc"><div class="chakra-linkbox css-vhnn8v"><div data-testid="product-image" class="css-16dr4ly"><img alt="Coca-Cola Spiced 12x355.0 ml, $0.18/100ml" src="https://assets.shop.loblaws.ca/products/21589652/b3/en/front/21589652_front_a06_@2.png" srcset="https://assets.shop.loblaws.ca/products/21589652/b3/en/front/21589652_front_a06_@2.png 1x, https://assets.shop.loblaws.ca/products/21589652/b3/en/front/21589652_front_a06_@2.png 2x" loading="lazy" class="chakra-image css-oguq8l" aria-hidden="true"></div><div class="css-qoklea"><div class="css-12dchmx"></div><div data-testid="price-product-tile" class="css-8atqhb"><p class="chakra-text css-0"><span class="chakra-text css-pwnbcb" data-testid="regular-price"><span class="css-idkz9h">$7.49</span>$7.49</span></p></div><a href="/spiced/p/21589652_C12?source=nspt" class="chakra-linkbox__overlay css-1hnz6hu"><div class="css-0"><p class="chakra-text css-1ecdp9w" data-testid="product-brand">Coca-Cola</p><h3 class="chakra-heading css-6qrhwc" id="21589652_C12" data-testid="product-title">Spiced</h3><p class="chakra-text css-1yftjin" data-testid="product-package-size">12x355.0 ml, $0.18/100ml</p></div></a><div class="css-8keand"></div></div><div class="css-1q5omjq"><div class="css-fcebb8"><div data-testid="atc-compact" class="css-y94ivq" style="width: 45px;"><button type="button" class="chakra-button css-mudsm6" data-testid="atc-button"><svg stroke="currentColor" fill="currentColor" stroke-width="0" viewBox="0 0 24 24" focusable="false" class="chakra-icon css-1g3sp7a" data-testid="btn-icon" aria-hidden="true" height="1em" width="1em" xmlns="http://www.w3.org/2000/svg"><path d="M19 13h-6v6h-2v-6H5v-2h6V5h2v6h6v2z"></path></svg><span class="css-idkz9h">Add Spiced to cart</span></button></div></div></div></div></div></div><div class="css-0"><div class="css-f5i5wc"><div class="chakra-linkbox css-vhnn8v"><div data-testid="product-image" class="css-16dr4ly"><img alt="Mountain Dew Soda 2 l, $0.13/100ml" src="https://assets.shop.loblaws.ca/products/20312312001/b3/en/front/20312312001_front_a06_@2.png" srcset="https://assets.shop.loblaws.ca/products/20312312001/b3/en/front/20312312001_front_a06_@2.png 1x, https://assets.shop.loblaws.ca/products/20312312001/b3/en/front/20312312001_front_a06_@2.png 2x" loading="lazy" class="chakra-image css-oguq8l" aria-hidden="true"></div><div class="css-qoklea"><div class="css-12dchmx"></div><div data-testid="price-product-tile" class="css-8atqhb"><p class="chakra-text css-0"><span class="chakra-text css-pwnbcb" data-testid="regular-price"><span class="css-idkz9h">$2.69</span>$2.69</span></p></div><a href="/soda/p/20312312001_EA?source=nspt" class="chakra-linkbox__overlay css-1hnz6hu"><div class="css-0"><p class="chakra-text css-1ecdp9w" data-testid="product-brand">Mountain Dew</p><h3 class="chakra-heading css-6qrhwc" id="20312312001_EA" data-testid="product-title">Soda</h3><p class="chakra-text css-1yftjin" data-testid="product-package-size">2 l, $0.13/100ml</p></div></a><div class="css-8keand"></div></div><div class="css-1q5omjq"><div class="css-fcebb8"><div data-testid="atc-compact" class="css-y94ivq" style="width: 45px;"><button type="button" class="chakra-button css-mudsm6" data-testid="atc-button"><svg stroke="currentColor" fill="currentColor" stroke-width="0" viewBox="0 0 24 24" focusable="false" class="chakra-icon css-1g3sp7a" data-testid="btn-icon" aria-hidden="true" height="1em" width="1em" xmlns="http://www.w3.org/2000/svg"><path d="M19 13h-6v6h-2v-6H5v-2h6V5h2v6h6v2z"></path></svg><span class="css-idkz9h">Add Soda to cart</span></button></div></div><div class="css-4saf4a"><p class="chakra-text css-py8788" data-testid="inventory-badge-text">Low Stock</p></div></div></div></div></div><div class="css-0"><div class="css-f5i5wc"><div class="chakra-linkbox css-vhnn8v"><div data-testid="product-image" class="css-16dr4ly"><img alt="Fresca Bottle 2 l, $0.13/100ml" src="https://assets.shop.loblaws.ca/products/20313027001/b3/en/front/20313027001_front_a06_@2.png" srcset="https://assets.shop.loblaws.ca/products/20313027001/b3/en/front/20313027001_front_a06_@2.png 1x, https://assets.shop.loblaws.ca/products/20313027001/b3/en/front/20313027001_front_a06_@2.png 2x" loading="lazy" class="chakra-image css-oguq8l" aria-hidden="true"></div><div class="css-qoklea"><div class="css-12dchmx"></div><div data-testid="price-product-tile" class="css-8atqhb"><p class="chakra-text css-0"><span class="chakra-text css-pwnbcb" data-testid="regular-price"><span class="css-idkz9h">$2.69</span>$2.69</span></p></div><a href="/bottle/p/20313027001_EA?source=nspt" class="chakra-linkbox__overlay css-1hnz6hu"><div class="css-0"><p class="chakra-text css-1ecdp9w" data-testid="product-brand">Fresca</p><h3 class="chakra-heading css-6qrhwc" id="20313027001_EA" data-testid="product-title">Bottle</h3><p class="chakra-text css-1yftjin" data-testid="product-package-size">2 l, $0.13/100ml</p></div></a><div class="css-8keand"></div></div><div class="css-1q5omjq"><div class="css-fcebb8"><div data-testid="atc-compact" class="css-y94ivq" style="width: 45px;"><button type="button" class="chakra-button css-mudsm6" data-testid="atc-button"><svg stroke="currentColor" fill="currentColor" stroke-width="0" viewBox="0 0 24 24" focusable="false" class="chakra-icon css-1g3sp7a" data-testid="btn-icon" aria-hidden="true" height="1em" width="1em" xmlns="http://www.w3.org/2000/svg"><path d="M19 13h-6v6h-2v-6H5v-2h6V5h2v6h6v2z"></path></svg><span class="css-idkz9h">Add Bottle to cart</span></button></div></div></div></div></div></div><div class="css-0"><div class="css-f5i5wc"><div class="chakra-linkbox css-vhnn8v"><div data-testid="product-image" class="css-16dr4ly"><img alt="President's Choice Old-Fashioned Style Root Beer Soda 12x355.0 ml, $0.14/100ml" src="https://assets.shop.loblaws.ca/products/20218887036/b3/en/front/20218887036_front_a06_@2.png" srcset="https://assets.shop.loblaws.ca/products/20218887036/b3/en/front/20218887036_front_a06_@2.png 1x, https://assets.shop.loblaws.ca/products/20218887036/b3/en/front/20218887036_front_a06_@2.png 2x" loading="lazy" class="chakra-image css-oguq8l" aria-hidden="true"></div><div class="css-qoklea"><div class="css-12dchmx"></div><div data-testid="price-product-tile" class="css-8atqhb"><p class="chakra-text css-0"><span class="chakra-text css-pwnbcb" data-testid="regular-price"><span class="css-idkz9h">$5.99</span>$5.99</span></p></div><a href="/old-fashioned-style-root-beer-soda/p/20218887036_C12?source=nspt" class="chakra-linkbox__overlay css-1hnz6hu"><div class="css-0"><p class="chakra-text css-1ecdp9w" data-testid="product-brand">President's Choice</p><h3 class="chakra-heading css-6qrhwc" id="20218887036_C12" data-testid="product-title">Old-Fashioned Style Root Beer Soda</h3><p class="chakra-text css-1yftjin" data-testid="product-package-size">12x355.0 ml, $0.14/100ml</p></div></a><div class="css-8keand"></div></div><div class="css-1q5omjq"><div class="css-fcebb8"><div data-testid="atc-compact" class="css-y94ivq" style="width: 45px;"><button type="button" class="chakra-button css-mudsm6" data-testid="atc-button"><svg stroke="currentColor" fill="currentColor" stroke-width="0" viewBox="0 0 24 24" focusable="false" class="chakra-icon css-1g3sp7a" data-testid="btn-icon" aria-hidden="true" height="1em" width="1em" xmlns="http://www.w3.org/2000/svg"><path d="M19 13h-6v6h-2v-6H5v-2h6V5h2v6h6v2z"></path></svg><span class="css-idkz9h">Add Old-Fashioned Style Root Beer Soda to cart</span></button></div></div><div class="css-4saf4a"><p class="chakra-text css-py8788" data-testid="inventory-badge-text">Low Stock</p></div></div></div></div></div><div class="css-0"><div class="css-f5i5wc"><div class="chakra-linkbox css-vhnn8v"><div data-testid="product-image" class="css-16dr4ly"><img alt="Canada Dry Raspberry Lemonade Ginger Ale Zero Sugar 12x355.0 ml, $0.18/100ml" src="https://assets.shop.loblaws.ca/products/21615872/b3/en/front/21615872_front_a06_@2.png" srcset="https://assets.shop.loblaws.ca/products/21615872/b3/en/front/21615872_front_a06_@2.png 1x, https://assets.shop.loblaws.ca/products/21615872/b3/en/front/21615872_front_a06_@2.png 2x" loading="lazy" class="chakra-image css-oguq8l" aria-hidden="true"></div><div class="css-qoklea"><div class="css-12dchmx"><div class="chakra-badge css-34x0wr" data-testid="product-badge"><div class="css-u4p24i">New</div></div></div><div data-testid="price-product-tile" class="css-8atqhb"><p class="chakra-text css-0"><span class="chakra-text css-pwnbcb" data-testid="regular-price"><span class="css-idkz9h">$7.49</span>$7.49</span></p></div><a href="/raspberry-lemonade-ginger-ale-zero-sugar/p/21615872_C12?source=nspt" class="chakra-linkbox__overlay css-1hnz6hu"><div class="css-0"><p class="chakra-text css-1ecdp9w" data-testid="product-brand">Canada Dry</p><h3 class="chakra-heading css-6qrhwc" id="21615872_C12" data-testid="product-title">Raspberry Lemonade Ginger Ale Zero Sugar</h3><p class="chakra-text css-1yftjin" data-testid="product-package-size">12x355.0 ml, $0.18/100ml</p></div></a><div class="css-8keand"></div></div><div class="css-1q5omjq"><div class="css-fcebb8"><div data-testid="atc-compact" class="css-y94ivq" style="width: 45px;"><button disabled="" type="button" class="chakra-button css-mudsm6" data-testid="atc-button"><svg stroke="currentColor" fill="currentColor" stroke-width="0" viewBox="0 0 24 24" focusable="false" class="chakra-icon css-1g3sp7a" data-testid="btn-icon" aria-hidden="true" height="1em" width="1em" xmlns="http://www.w3.org/2000/svg"><path d="M19 13h-6v6h-2v-6H5v-2h6V5h2v6h6v2z"></path></svg><span class="css-idkz9h">Add Raspberry Lemonade Ginger Ale Zero Sugar to cart</span></button></div></div><div class="css-4saf4a"><p class="chakra-text css-py8788" data-testid="inventory-badge-text">Out of Stock</p></div></div></div></div></div><div class="css-0"><div class="css-f5i5wc"><div class="chakra-linkbox css-vhnn8v"><div data-testid="product-image" class="css-16dr4ly"><img alt="Dr Pepper Soft Drink Mini  6x222.0 ml, $0.26/100ml" src="https://assets.shop.loblaws.ca/products/21356963/b3/en/front/21356963_front_a06_@2.png" srcset="https://assets.shop.loblaws.ca/products/21356963/b3/en/front/21356963_front_a06_@2.png 1x, https://assets.shop.loblaws.ca/products/21356963/b3/en/front/21356963_front_a06_@2.png 2x" loading="lazy" class="chakra-image css-oguq8l" aria-hidden="true"></div><div class="css-qoklea"><div class="css-12dchmx"></div><div data-testid="price-product-tile" class="css-8atqhb"><p class="chakra-text css-0"><span class="chakra-text css-o93gbd" data-testid="sale-price"><span class="css-idkz9h">$3.49</span>$3.49</span><span class="chakra-text css-623q5h" data-testid="was-price"><span class="css-idkz9h">$3.99</span>$3.99</span></p><p class="chakra-text css-1m5a6y8" data-testid="price-descriptor">SAVE $0.50</p></div><a href="/soft-drink-mini/p/21356963_C06?source=nspt" class="chakra-linkbox__overlay css-1hnz6hu"><div class="css-0"><p class="chakra-text css-1ecdp9w" data-testid="product-brand">Dr Pepper</p><h3 class="chakra-heading css-6qrhwc" id="21356963_C06" data-testid="product-title">Soft Drink Mini </h3><p class="chakra-text css-1yftjin" data-testid="product-package-size">6x222.0 ml, $0.26/100ml</p></div></a><div class="css-8keand"></div></div><div class="css-1q5omjq"><div class="css-fcebb8"><div data-testid="atc-compact" class="css-y94ivq" style="width: 45px;"><button type="button" class="chakra-button css-mudsm6" data-testid="atc-button"><svg stroke="currentColor" fill="currentColor" stroke-width="0" viewBox="0 0 24 24" focusable="false" class="chakra-icon css-1g3sp7a" data-testid="btn-icon" aria-hidden="true" height="1em" width="1em" xmlns="http://www.w3.org/2000/svg"><path d="M19 13h-6v6h-2v-6H5v-2h6V5h2v6h6v2z"></path></svg><span class="css-idkz9h">Add Soft Drink Mini  to cart</span></button></div></div></div></div></div></div></div><div data-testid="product-grid" class="css-epcqr3"><div class="css-0"><div class="css-f5i5wc"><div class="chakra-linkbox css-vhnn8v"><div data-testid="product-image" class="css-16dr4ly"><img alt="President's Choice Tonic Water 12x355.0 ml, $0.14/100ml" src="https://assets.shop.loblaws.ca/products/20218887030/b3/en/front/20218887030_front_a06_@2.png" srcset="https://assets.shop.loblaws.ca/products/20218887030/b3/en/front/20218887030_front_a06_@2.png 1x, https://assets.shop.loblaws.ca/products/20218887030/b3/en/front/20218887030_front_a06_@2.png 2x" loading="lazy" class="chakra-image css-oguq8l" aria-hidden="true"></div><div class="css-qoklea"><div class="css-12dchmx"></div><div data-testid="price-product-tile" class="css-8atqhb"><p class="chakra-text css-0"><span class="chakra-text css-pwnbcb" data-testid="regular-price"><span class="css-idkz9h">$5.99</span>$5.99</span></p></div><a href="/tonic-water/p/20218887030_C12?source=nspt" class="chakra-linkbox__overlay css-1hnz6hu"><div class="css-0"><p class="chakra-text css-1ecdp9w" data-testid="product-brand">President's Choice</p><h3 class="chakra-heading css-6qrhwc" id="20218887030_C12" data-testid="product-title">Tonic Water</h3><p class="chakra-text css-1yftjin" data-testid="product-package-size">12x355.0 ml, $0.14/100ml</p></div></a><div class="css-8keand"></div></div><div class="css-1q5omjq"><div class="css-fcebb8"><div data-testid="atc-compact" class="css-y94ivq" style="width: 45px;"><button type="button" class="chakra-button css-mudsm6" data-testid="atc-button"><svg stroke="currentColor" fill="currentColor" stroke-width="0" viewBox="0 0 24 24" focusable="false" class="chakra-icon css-1g3sp7a" data-testid="btn-icon" aria-hidden="true" height="1em" width="1em" xmlns="http://www.w3.org/2000/svg"><path d="M19 13h-6v6h-2v-6H5v-2h6V5h2v6h6v2z"></path></svg><span class="css-idkz9h">Add Tonic Water to cart</span></button></div></div></div></div></div></div><div class="css-0"><div class="css-f5i5wc"><div class="chakra-linkbox css-vhnn8v"><div data-testid="product-image" class="css-16dr4ly"><img alt="Sprite Zero, Bottle 2L 2 l, $0.13/100ml" src="https://assets.shop.loblaws.ca/products/20713788/b3/en/front/20713788_front_a06_@2.png" srcset="https://assets.shop.loblaws.ca/products/20713788/b3/en/front/20713788_front_a06_@2.png 1x, https://assets.shop.loblaws.ca/products/20713788/b3/en/front/20713788_front_a06_@2.png 2x" loading="lazy" class="chakra-image css-oguq8l" aria-hidden="true"></div><div class="css-qoklea"><div class="css-12dchmx"></div><div data-testid="price-product-tile" class="css-8atqhb"><p class="chakra-text css-0"><span class="chakra-text css-pwnbcb" data-testid="regular-price"><span class="css-idkz9h">$2.69</span>$2.69</span></p></div><a href="/zero-bottle-2l/p/20713788_EA?source=nspt" class="chakra-linkbox__overlay css-1hnz6hu"><div class="css-0"><p class="chakra-text css-1ecdp9w" data-testid="product-brand">Sprite</p><h3 class="chakra-heading css-6qrhwc" id="20713788_EA" data-testid="product-title">Zero, Bottle 2L</h3><p class="chakra-text css-1yftjin" data-testid="product-package-size">2 l, $0.13/100ml</p></div></a><div class="css-8keand"></div></div><div class="css-1q5omjq"><div class="css-fcebb8"><div data-testid="atc-compact" class="css-y94ivq" style="width: 45px;"><button type="button" class="chakra-button css-mudsm6" data-testid="atc-button"><svg stroke="currentColor" fill="currentColor" stroke-width="0" viewBox="0 0 24 24" focusable="false" class="chakra-icon css-1g3sp7a" data-testid="btn-icon" aria-hidden="true" height="1em" width="1em" xmlns="http://www.w3.org/2000/svg"><path d="M19 13h-6v6h-2v-6H5v-2h6V5h2v6h6v2z"></path></svg><span class="css-idkz9h">Add Zero, Bottle 2L to cart</span></button></div></div></div></div></div></div><div class="css-0"><div class="css-f5i5wc"><div class="chakra-linkbox css-vhnn8v"><div data-testid="product-image" class="css-16dr4ly"><img alt="Coca-Cola Spiced 12x355.0 ml, $0.18/100ml" src="https://assets.shop.loblaws.ca/products/21589652/b3/en/front/21589652_front_a06_@2.png" srcset="https://assets.shop.loblaws.ca/products/21589652/b3/en/front/21589652_front_a06_@2.png 1x, https://assets.shop.loblaws.ca/products/21589652/b3/en/front/21589652_front_a06_@2.png 2x" loading="lazy" class="chakra-image css-oguq8l" aria-hidden="true"></div><div class="css-qoklea"><div class="css-12dchmx"></div><div data-testid="price-product-tile" class="css-8atqhb"><p class="chakra-text css-0"><span class="chakra-text css-pwnbcb" data-testid="regular-price"><span class="css-idkz9h">$7.49</span>$7.49</span></p></div><a href="/spiced/p/21589652_C12?source=nspt" class="chakra-linkbox__overlay css-1hnz6hu"><div class="css-0"><p class="chakra-text css-1ecdp9w" data-testid="product-brand">Coca-Cola</p><h3 class="chakra-heading css-6qrhwc" id="21589652_C12" data-testid="product-title">Spiced</h3><p class="chakra-text css-1yftjin" data-testid="product-package-size">12x355.0 ml, $0.18/100ml</p></div></a><div class="css-8keand"></div></div><div class="css-1q5omjq"><div class="css-fcebb8"><div data-testid="atc-compact" class="css-y94ivq" style="width: 45px;"><button type="button" class="chakra-button css-mudsm6" data-testid="atc-button"><svg stroke="currentColor" fill="currentColor" stroke-width="0" viewBox="0 0 24 24" focusable="false" class="chakra-icon css-1g3sp7a" data-testid="btn-icon" aria-hidden="true" height="1em" width="1em" xmlns="http://www.w3.org/2000/svg"><path d="M19 13h-6v6h-2v-6H5v-2h6V5h2v6h6v2z"></path></svg><span class="css-idkz9h">Add Spiced to cart</span></button></div></div></div></div></div></div><div class="css-0"><div class="css-f5i5wc"><div class="chakra-linkbox css-vhnn8v"><div data-testid="product-image" class="css-16dr4ly"><img alt="7Up Zero Sugar 6x222.0 ml, $0.26/100ml" src="https://assets.shop.loblaws.ca/products/21098829/b3/en/front/21098829_front_a06_@2.png" srcset="https://assets.shop.loblaws.ca/products/21098829/b3/en/front/21098829_front_a06_@2.png 1x, https://assets.shop.loblaws.ca/products/21098829/b3/en/front/21098829_front_a06_@2.png 2x" loading="lazy" class="chakra-image css-oguq8l" aria-hidden="true"></div><div class="css-qoklea"><div class="css-12dchmx"></div><div data-testid="price-product-tile" class="css-8atqhb"><p class="chakra-text css-0"><span class="chakra-text css-o93gbd" data-testid="sale-price"><span class="css-idkz9h">$3.49</span>$3.49</span><span class="chakra-text css-623q5h" data-testid="was-price"><span class="css-idkz9h">$3.99</span>$3.99</span></p><p class="chakra-text css-1m5a6y8" data-testid="price-descriptor">SAVE $0.50</p></div><a href="/zero-sugar/p/21098829_C06?source=nspt" class="chakra-linkbox__overlay css-1hnz6hu"><div class="css-0"><p class="chakra-text css-1ecdp9w" data-testid="product-brand">7Up</p><h3 class="chakra-heading css-6qrhwc" id="21098829_C06" data-testid="product-title">Zero Sugar</h3><p class="chakra-text css-1yftjin" data-testid="product-package-size">6x222.0 ml, $0.26/100ml</p></div></a><div class="css-8keand"></div></div><div class="css-1q5omjq"><div class="css-fcebb8"><div data-testid="atc-compact" class="css-y94ivq" style="width: 45px;"><button type="button" class="chakra-button css-mudsm6" data-testid="atc-button"><svg stroke="currentColor" fill="currentColor" stroke-width="0" viewBox="0 0 24 24" focusable="false" class="chakra-icon css-1g3sp7a" data-testid="btn-icon" aria-hidden="true" height="1em" width="1em" xmlns="http://www.w3.org/2000/svg"><path d="M19 13h-6v6h-2v-6H5v-2h6V5h2v6h6v2z"></path></svg><span class="css-idkz9h">Add Zero Sugar to cart</span></button></div></div></div></div></div></div><div class="css-0"><div class="css-f5i5wc"><div class="chakra-linkbox css-vhnn8v"><div data-testid="product-image" class="css-16dr4ly"><img alt="Frooti Sparkling Apple Drink 1 l, $0.30/100ml" src="https://assets.shop.loblaws.ca/products/21042148/b3/en/front/21042148_front_a06_@2.png" srcset="https://assets.shop.loblaws.ca/products/21042148/b3/en/front/21042148_front_a06_@2.png 1x, https://assets.shop.loblaws.ca/products/21042148/b3/en/front/21042148_front_a06_@2.png 2x" loading="lazy" class="chakra-image css-oguq8l" aria-hidden="true"></div><div class="css-qoklea"><div class="css-12dchmx"></div><div data-testid="price-product-tile" class="css-8atqhb"><p class="chakra-text css-0"><span class="chakra-text css-pwnbcb" data-testid="regular-price"><span class="css-idkz9h">$2.99</span>$2.99</span></p></div><a href="/sparkling-apple-drink/p/21042148_EA?source=nspt" class="chakra-linkbox__overlay css-1hnz6hu"><div class="css-0"><p class="chakra-text css-1ecdp9w" data-testid="product-brand">Frooti</p><h3 class="chakra-heading css-6qrhwc" id="21042148_EA" data-testid="product-title">Sparkling Apple Drink</h3><p class="chakra-text css-1yftjin" data-testid="product-package-size">1 l, $0.30/100ml</p></div></a><div class="css-8keand"></div></div><div class="css-1q5omjq"><div class="css-fcebb8"><div data-testid="atc-compact" class="css-y94ivq" style="width: 45px;"><button type="button" class="chakra-button css-mudsm6" data-testid="atc-button"><svg stroke="currentColor" fill="currentColor" stroke-width="0" viewBox="0 0 24 24" focusable="false" class="chakra-icon css-1g3sp7a" data-testid="btn-icon" aria-hidden="true" height="1em" width="1em" xmlns="http://www.w3.org/2000/svg"><path d="M19 13h-6v6h-2v-6H5v-2h6V5h2v6h6v2z"></path></svg><span class="css-idkz9h">Add Sparkling Apple Drink to cart</span></button></div></div></div></div></div></div><div class="css-0"><div class="css-f5i5wc"><div class="chakra-linkbox css-vhnn8v"><div data-testid="product-image" class="css-16dr4ly"><img alt="7Up Zero Soda 2 l, $0.13/100ml" src="https://assets.shop.loblaws.ca/products/20307968002/b3/en/front/20307968002_front_a06_@2.png" srcset="https://assets.shop.loblaws.ca/products/20307968002/b3/en/front/20307968002_front_a06_@2.png 1x, https://assets.shop.loblaws.ca/products/20307968002/b3/en/front/20307968002_front_a06_@2.png 2x" loading="lazy" class="chakra-image css-oguq8l" aria-hidden="true"></div><div class="css-qoklea"><div class="css-12dchmx"></div><div data-testid="price-product-tile" class="css-8atqhb"><p class="chakra-text css-0"><span class="chakra-text css-pwnbcb" data-testid="regular-price"><span class="css-idkz9h">$2.69</span>$2.69</span></p></div><a href="/zero-soda/p/20307968002_EA?source=nspt" class="chakra-linkbox__overlay css-1hnz6hu"><div class="css-0"><p class="chakra-text css-1ecdp9w" data-testid="product-brand">7Up</p><h3 class="chakra-heading css-6qrhwc" id="20307968002_EA" data-testid="product-title">Zero Soda</h3><p class="chakra-text css-1yftjin" data-testid="product-package-size">2 l, $0.13/100ml</p></div></a><div class="css-8keand"></div></div><div class="css-1q5omjq"><div class="css-fcebb8"><div data-testid="atc-compact" class="css-y94ivq" style="width: 45px;"><button type="button" class="chakra-button css-mudsm6" data-testid="atc-button"><svg stroke="currentColor" fill="currentColor" stroke-width="0" viewBox="0 0 24 24" focusable="false" class="chakra-icon css-1g3sp7a" data-testid="btn-icon" aria-hidden="true" height="1em" width="1em" xmlns="http://www.w3.org/2000/svg"><path d="M19 13h-6v6h-2v-6H5v-2h6V5h2v6h6v2z"></path></svg><span class="css-idkz9h">Add Zero Soda to cart</span></button></div></div><div class="css-4saf4a"><p class="chakra-text css-py8788" data-testid="inventory-badge-text">Low Stock</p></div></div></div></div></div><div class="css-0"><div class="css-f5i5wc"><div class="chakra-linkbox css-vhnn8v"><div data-testid="product-image" class="css-16dr4ly"><img alt="FANTA Orange Bottles 8x300.0 ml, $0.31/100ml" src="https://assets.shop.loblaws.ca/products/21518445/b3/en/front/21518445_front_a06_@2.png" srcset="https://assets.shop.loblaws.ca/products/21518445/b3/en/front/21518445_front_a06_@2.png 1x, https://assets.shop.loblaws.ca/products/21518445/b3/en/front/21518445_front_a06_@2.png 2x" loading="lazy" class="chakra-image css-oguq8l" aria-hidden="true"></div><div class="css-qoklea"><div class="css-12dchmx"></div><div data-testid="price-product-tile" class="css-8atqhb"><p class="chakra-text css-0"><span class="chakra-text css-pwnbcb" data-testid="regular-price"><span class="css-idkz9h">$7.49</span>$7.49</span></p></div><a href="/orange-bottles/p/21518445_C08?source=nspt" class="chakra-linkbox__overlay css-1hnz6hu"><div class="css-0"><p class="chakra-text css-1ecdp9w" data-testid="product-brand">FANTA</p><h3 class="chakra-heading css-6qrhwc" id="21518445_C08" data-testid="product-title">Orange Bottles</h3><p class="chakra-text css-1yftjin" data-testid="product-package-size">8x300.0 ml, $0.31/100ml</p></div></a><div class="css-8keand"></div></div><div class="css-1q5omjq"><div class="css-fcebb8"><div data-testid="atc-compact" class="css-y94ivq" style="width: 45px;"><button type="button" class="chakra-button css-mudsm6" data-testid="atc-button"><svg stroke="currentColor" fill="currentColor" stroke-width="0" viewBox="0 0 24 24" focusable="false" class="chakra-icon css-1g3sp7a" data-testid="btn-icon" aria-hidden="true" height="1em" width="1em" xmlns="http://www.w3.org/2000/svg"><path d="M19 13h-6v6h-2v-6H5v-2h6V5h2v6h6v2z"></path></svg><span class="css-idkz9h">Add Orange Bottles to cart</span></button></div></div></div></div></div></div><div class="css-0"><div class="css-f5i5wc"><div class="chakra-linkbox css-vhnn8v"><div data-testid="product-image" class="css-16dr4ly"><img alt="President's Choice Cream Soda 2 l, $0.06/100ml" src="https://assets.shop.loblaws.ca/products/20311645020/b3/en/front/20311645020_front_a06_@2.png" srcset="https://assets.shop.loblaws.ca/products/20311645020/b3/en/front/20311645020_front_a06_@2.png 1x, https://assets.shop.loblaws.ca/products/20311645020/b3/en/front/20311645020_front_a06_@2.png 2x" loading="lazy" class="chakra-image css-oguq8l" aria-hidden="true"></div><div class="css-qoklea"><div class="css-12dchmx"></div><div data-testid="price-product-tile" class="css-8atqhb"><p class="chakra-text css-0"><span class="chakra-text css-pwnbcb" data-testid="regular-price"><span class="css-idkz9h">$1.25</span>$1.25</span></p></div><a href="/cream-soda/p/20311645020_EA?source=nspt" class="chakra-linkbox__overlay css-1hnz6hu"><div class="css-0"><p class="chakra-text css-1ecdp9w" data-testid="product-brand">President's Choice</p><h3 class="chakra-heading css-6qrhwc" id="20311645020_EA" data-testid="product-title">Cream Soda</h3><p class="chakra-text css-1yftjin" data-testid="product-package-size">2 l, $0.06/100ml</p></div></a><div class="css-8keand"></div></div><div class="css-1q5omjq"><div class="css-fcebb8"><div data-testid="atc-compact" class="css-y94ivq" style="width: 45px;"><button type="button" class="chakra-button css-mudsm6" data-testid="atc-button"><svg stroke="currentColor" fill="currentColor" stroke-width="0" viewBox="0 0 24 24" focusable="false" class="chakra-icon css-1g3sp7a" data-testid="btn-icon" aria-hidden="true" height="1em" width="1em" xmlns="http://www.w3.org/2000/svg"><path d="M19 13h-6v6h-2v-6H5v-2h6V5h2v6h6v2z"></path></svg><span class="css-idkz9h">Add Cream Soda to cart</span></button></div></div></div></div></div></div><div class="css-0"><div class="css-f5i5wc"><div class="chakra-linkbox css-vhnn8v"><div data-testid="product-image" class="css-16dr4ly"><img alt="Canada Dry Ginger Ale Zero Sugar 500 ml, $0.50/100ml" src="https://assets.shop.loblaws.ca/products/21518584/b3/en/front/21518584_front_a06_@2.png" srcset="https://assets.shop.loblaws.ca/products/21518584/b3/en/front/21518584_front_a06_@2.png 1x, https://assets.shop.loblaws.ca/products/21518584/b3/en/front/21518584_front_a06_@2.png 2x" loading="lazy" class="chakra-image css-oguq8l" aria-hidden="true"></div><div class="css-qoklea"><div class="css-12dchmx"></div><div data-testid="price-product-tile" class="css-8atqhb"><p class="chakra-text css-0"><span class="chakra-text css-pwnbcb" data-testid="regular-price"><span class="css-idkz9h">$2.50</span>$2.50</span></p></div><a href="/ginger-ale-zero-sugar/p/21518584_EA?source=nspt" class="chakra-linkbox__overlay css-1hnz6hu"><div class="css-0"><p class="chakra-text css-1ecdp9w" data-testid="product-brand">Canada Dry</p><h3 class="chakra-heading css-6qrhwc" id="21518584_EA" data-testid="product-title">Ginger Ale Zero Sugar</h3><p class="chakra-text css-1yftjin" data-testid="product-package-size">500 ml, $0.50/100ml</p></div></a><div class="css-8keand"></div></div><div class="css-1q5omjq"><div class="css-fcebb8"><div data-testid="atc-compact" class="css-y94ivq" style="width: 45px;"><button type="button" class="chakra-button css-mudsm6" data-testid="atc-button"><svg stroke="currentColor" fill="currentColor" stroke-width="0" viewBox="0 0 24 24" focusable="false" class="chakra-icon css-1g3sp7a" data-testid="btn-icon" aria-hidden="true" height="1em" width="1em" xmlns="http://www.w3.org/2000/svg"><path d="M19 13h-6v6h-2v-6H5v-2h6V5h2v6h6v2z"></path></svg><span class="css-idkz9h">Add Ginger Ale Zero Sugar to cart</span></button></div></div></div></div></div></div><div class="css-0"><div class="css-f5i5wc"><div class="chakra-linkbox css-vhnn8v"><div data-testid="product-image" class="css-16dr4ly"><img alt="Brisk Lemon Iced Tea     12x355.0 ml, $0.16/100ml" src="https://assets.shop.loblaws.ca/products/20311671001/b3/en/front/20311671001_front_a06_@2.png" srcset="https://assets.shop.loblaws.ca/products/20311671001/b3/en/front/20311671001_front_a06_@2.png 1x, https://assets.shop.loblaws.ca/products/20311671001/b3/en/front/20311671001_front_a06_@2.png 2x" loading="lazy" class="chakra-image css-oguq8l" aria-hidden="true"></div><div class="css-qoklea"><div class="css-12dchmx"></div><div data-testid="price-product-tile" class="css-8atqhb"><p class="chakra-text css-0"><span class="chakra-text css-pwnbcb" data-testid="regular-price"><span class="css-idkz9h">$6.99</span>$6.99</span></p></div><a href="/lemon-iced-tea/p/20311671001_C12?source=nspt" class="chakra-linkbox__overlay css-1hnz6hu"><div class="css-0"><p class="chakra-text css-1ecdp9w" data-testid="product-brand">Brisk</p><h3 class="chakra-heading css-6qrhwc" id="20311671001_C12" data-testid="product-title">Lemon Iced Tea    </h3><p class="chakra-text css-1yftjin" data-testid="product-package-size">12x355.0 ml, $0.16/100ml</p></div></a><div class="css-8keand"></div></div><div class="css-1q5omjq"><div class="css-fcebb8"><div data-testid="atc-compact" class="css-y94ivq" style="width: 45px;"><button type="button" class="chakra-button css-mudsm6" data-testid="atc-button"><svg stroke="currentColor" fill="currentColor" stroke-width="0" viewBox="0 0 24 24" focusable="false" class="chakra-icon css-1g3sp7a" data-testid="btn-icon" aria-hidden="true" height="1em" width="1em" xmlns="http://www.w3.org/2000/svg"><path d="M19 13h-6v6h-2v-6H5v-2h6V5h2v6h6v2z"></path></svg><span class="css-idkz9h">Add Lemon Iced Tea     to cart</span></button></div></div></div></div></div></div><div class="css-0"><div class="css-f5i5wc"><div class="chakra-linkbox css-vhnn8v"><div data-testid="product-image" class="css-16dr4ly"><img alt="Alokozay Cola Carbonated Beverage 250 ml, $0.40/100ml" src="https://assets.shop.loblaws.ca/products/21567058/b3/en/front/21567058_front_a06_@2.png" srcset="https://assets.shop.loblaws.ca/products/21567058/b3/en/front/21567058_front_a06_@2.png 1x, https://assets.shop.loblaws.ca/products/21567058/b3/en/front/21567058_front_a06_@2.png 2x" loading="lazy" class="chakra-image css-oguq8l" aria-hidden="true"></div><div class="css-qoklea"><div class="css-12dchmx"><div class="chakra-badge css-34x0wr" data-testid="product-badge"><div class="css-u4p24i">New</div></div></div><div data-testid="price-product-tile" class="css-8atqhb"><p class="chakra-text css-0"><span class="chakra-text css-pwnbcb" data-testid="regular-price"><span class="css-idkz9h">$0.99</span>$0.99</span></p></div><a href="/cola-carbonated-beverage/p/21567058_EA?source=nspt" class="chakra-linkbox__overlay css-1hnz6hu"><div class="css-0"><p class="chakra-text css-1ecdp9w" data-testid="product-brand">Alokozay</p><h3 class="chakra-heading css-6qrhwc" id="21567058_EA" data-testid="product-title">Cola Carbonated Beverage</h3><p class="chakra-text css-1yftjin" data-testid="product-package-size">250 ml, $0.40/100ml</p></div></a><div class="css-8keand"></div></div><div class="css-1q5omjq"><div class="css-fcebb8"><div data-testid="atc-compact" class="css-y94ivq" style="width: 45px;"><button type="button" class="chakra-button css-mudsm6" data-testid="atc-button"><svg stroke="currentColor" fill="currentColor" stroke-width="0" viewBox="0 0 24 24" focusable="false" class="chakra-icon css-1g3sp7a" data-testid="btn-icon" aria-hidden="true" height="1em" width="1em" xmlns="http://www.w3.org/2000/svg"><path d="M19 13h-6v6h-2v-6H5v-2h6V5h2v6h6v2z"></path></svg><span class="css-idkz9h">Add Cola Carbonated Beverage to cart</span></button></div></div></div></div></div></div><div class="css-0"><div class="css-f5i5wc"><div class="chakra-linkbox css-vhnn8v"><div data-testid="product-image" class="css-16dr4ly"><img alt="Pepsi Diet Soda 1 l, $0.13/100ml" src="https://assets.shop.loblaws.ca/products/20040201002/b3/en/front/20040201002_front_a06_@2.png" srcset="https://assets.shop.loblaws.ca/products/20040201002/b3/en/front/20040201002_front_a06_@2.png 1x, https://assets.shop.loblaws.ca/products/20040201002/b3/en/front/20040201002_front_a06_@2.png 2x" loading="lazy" class="chakra-image css-oguq8l" aria-hidden="true"></div><div class="css-qoklea"><div class="css-12dchmx"></div><div data-testid="price-product-tile" class="css-8atqhb"><p class="chakra-text css-0"><span class="chakra-text css-pwnbcb" data-testid="regular-price"><span class="css-idkz9h">$1.25</span>$1.25</span></p></div><a href="/diet-soda/p/20040201002_EA?source=nspt" class="chakra-linkbox__overlay css-1hnz6hu"><div class="css-0"><p class="chakra-text css-1ecdp9w" data-testid="product-brand">Pepsi</p><h3 class="chakra-heading css-6qrhwc" id="20040201002_EA" data-testid="product-title">Diet Soda</h3><p class="chakra-text css-1yftjin" data-testid="product-package-size">1 l, $0.13/100ml</p></div></a><div class="css-8keand"></div></div><div class="css-1q5omjq"><div class="css-fcebb8"><div data-testid="atc-compact" class="css-y94ivq" style="width: 45px;"><button type="button" class="chakra-button css-mudsm6" data-testid="atc-button"><svg stroke="currentColor" fill="currentColor" stroke-width="0" viewBox="0 0 24 24" focusable="false" class="chakra-icon css-1g3sp7a" data-testid="btn-icon" aria-hidden="true" height="1em" width="1em" xmlns="http://www.w3.org/2000/svg"><path d="M19 13h-6v6h-2v-6H5v-2h6V5h2v6h6v2z"></path></svg><span class="css-idkz9h">Add Diet Soda to cart</span></button></div></div></div></div></div></div><div class="css-0"><div class="css-f5i5wc"><div class="chakra-linkbox css-vhnn8v"><div data-testid="product-image" class="css-16dr4ly"><img alt="Dr Pepper Strawberries &amp; Cream 12x355.0 ml, $0.18/100ml" src="https://assets.shop.loblaws.ca/products/21587363/b3/en/front/21587363_front_a06_@2.png" srcset="https://assets.shop.loblaws.ca/products/21587363/b3/en/front/21587363_front_a06_@2.png 1x, https://assets.shop.loblaws.ca/products/21587363/b3/en/front/21587363_front_a06_@2.png 2x" loading="lazy" class="chakra-image css-oguq8l" aria-hidden="true"></div><div class="css-qoklea"><div class="css-12dchmx"></div><div data-testid="price-product-tile" class="css-8atqhb"><p class="chakra-text css-0"><span class="chakra-text css-pwnbcb" data-testid="regular-price"><span class="css-idkz9h">$7.49</span>$7.49</span></p></div><a href="/strawberries-cream/p/21587363_C12?source=nspt" class="chakra-linkbox__overlay css-1hnz6hu"><div class="css-0"><p class="chakra-text css-1ecdp9w" data-testid="product-brand">Dr Pepper</p><h3 class="chakra-heading css-6qrhwc" id="21587363_C12" data-testid="product-title">Strawberries &amp; Cream</h3><p class="chakra-text css-1yftjin" data-testid="product-package-size">12x355.0 ml, $0.18/100ml</p></div></a><div class="css-8keand"></div></div><div class="css-1q5omjq"><div class="css-fcebb8"><div data-testid="atc-compact" class="css-y94ivq" style="width: 45px;"><button disabled="" type="button" class="chakra-button css-mudsm6" data-testid="atc-button"><svg stroke="currentColor" fill="currentColor" stroke-width="0" viewBox="0 0 24 24" focusable="false" class="chakra-icon css-1g3sp7a" data-testid="btn-icon" aria-hidden="true" height="1em" width="1em" xmlns="http://www.w3.org/2000/svg"><path d="M19 13h-6v6h-2v-6H5v-2h6V5h2v6h6v2z"></path></svg><span class="css-idkz9h">Add Strawberries &amp; Cream to cart</span></button></div></div><div class="css-4saf4a"><p class="chakra-text css-py8788" data-testid="inventory-badge-text">Out of Stock</p></div></div></div></div></div><div class="css-0"><div class="css-f5i5wc"><div class="chakra-linkbox css-vhnn8v"><div data-testid="product-image" class="css-16dr4ly"><img alt="President's Choice Mini Cola 6 Pack 222 ml, $0.22/100ml" src="https://assets.shop.loblaws.ca/products/21361951/b3/en/front/21361951_front_a06_@2.png" srcset="https://assets.shop.loblaws.ca/products/21361951/b3/en/front/21361951_front_a06_@2.png 1x, https://assets.shop.loblaws.ca/products/21361951/b3/en/front/21361951_front_a06_@2.png 2x" loading="lazy" class="chakra-image css-oguq8l" aria-hidden="true"></div><div class="css-qoklea"><div class="css-12dchmx"></div><div data-testid="price-product-tile" class="css-8atqhb"><p class="chakra-text css-0"><span class="chakra-text css-pwnbcb" data-testid="regular-price"><span class="css-idkz9h">$2.99</span>$2.99</span></p></div><a href="/mini-cola-6-pack/p/21361951_C06?source=nspt" class="chakra-linkbox__overlay css-1hnz6hu"><div class="css-0"><p class="chakra-text css-1ecdp9w" data-testid="product-brand">President's Choice</p><h3 class="chakra-heading css-6qrhwc" id="21361951_C06" data-testid="product-title">Mini Cola 6 Pack</h3><p class="chakra-text css-1yftjin" data-testid="product-package-size">222 ml, $0.22/100ml</p></div></a><div class="css-8keand"></div></div><div class="css-1q5omjq"><div class="css-fcebb8"><div data-testid="atc-compact" class="css-y94ivq" style="width: 45px;"><button type="button" class="chakra-button css-mudsm6" data-testid="atc-button"><svg stroke="currentColor" fill="currentColor" stroke-width="0" viewBox="0 0 24 24" focusable="false" class="chakra-icon css-1g3sp7a" data-testid="btn-icon" aria-hidden="true" height="1em" width="1em" xmlns="http://www.w3.org/2000/svg"><path d="M19 13h-6v6h-2v-6H5v-2h6V5h2v6h6v2z"></path></svg><span class="css-idkz9h">Add Mini Cola 6 Pack to cart</span></button></div></div></div></div></div></div><div class="css-0"><div class="css-f5i5wc"><div class="chakra-linkbox css-vhnn8v"><div data-testid="product-image" class="css-16dr4ly"><img alt="Sprite Bottle 1 l, $0.18/100ml" src="https://assets.shop.loblaws.ca/products/20306007001/b3/en/front/20306007001_front_a06_@2.png" srcset="https://assets.shop.loblaws.ca/products/20306007001/b3/en/front/20306007001_front_a06_@2.png 1x, https://assets.shop.loblaws.ca/products/20306007001/b3/en/front/20306007001_front_a06_@2.png 2x" loading="lazy" class="chakra-image css-oguq8l" aria-hidden="true"></div><div class="css-qoklea"><div class="css-12dchmx"></div><div data-testid="price-product-tile" class="css-8atqhb"><p class="chakra-text css-0"><span class="chakra-text css-pwnbcb" data-testid="regular-price"><span class="css-idkz9h">$1.79</span>$1.79</span></p></div><a href="/bottle/p/20306007001_EA?source=nspt" class="chakra-linkbox__overlay css-1hnz6hu"><div class="css-0"><p class="chakra-text css-1ecdp9w" data-testid="product-brand">Sprite</p><h3 class="chakra-heading css-6qrhwc" id="20306007001_EA" data-testid="product-title">Bottle</h3><p class="chakra-text css-1yftjin" data-testid="product-package-size">1 l, $0.18/100ml</p></div></a><div class="css-8keand"></div></div><div class="css-1q5omjq"><div class="css-fcebb8"><div data-testid="atc-compact" class="css-y94ivq" style="width: 45px;"><button type="button" class="chakra-button css-mudsm6" data-testid="atc-button"><svg stroke="currentColor" fill="currentColor" stroke-width="0" viewBox="0 0 24 24" focusable="false" class="chakra-icon css-1g3sp7a" data-testid="btn-icon" aria-hidden="true" height="1em" width="1em" xmlns="http://www.w3.org/2000/svg"><path d="M19 13h-6v6h-2v-6H5v-2h6V5h2v6h6v2z"></path></svg><span class="css-idkz9h">Add Bottle to cart</span></button></div></div></div></div></div></div><div class="css-0"><div class="css-f5i5wc"><div class="chakra-linkbox css-vhnn8v"><div data-testid="product-image" class="css-16dr4ly"><img alt="President's Choice Diet Cola 2 l, $0.06/100ml" src="https://assets.shop.loblaws.ca/products/20311645002/b3/en/front/20311645002_front_a06_@2.png" srcset="https://assets.shop.loblaws.ca/products/20311645002/b3/en/front/20311645002_front_a06_@2.png 1x, https://assets.shop.loblaws.ca/products/20311645002/b3/en/front/20311645002_front_a06_@2.png 2x" loading="lazy" class="chakra-image css-oguq8l" aria-hidden="true"></div><div class="css-qoklea"><div class="css-12dchmx"></div><div data-testid="price-product-tile" class="css-8atqhb"><p class="chakra-text css-0"><span class="chakra-text css-pwnbcb" data-testid="regular-price"><span class="css-idkz9h">$1.25</span>$1.25</span></p></div><a href="/diet-cola/p/20311645002_EA?source=nspt" class="chakra-linkbox__overlay css-1hnz6hu"><div class="css-0"><p class="chakra-text css-1ecdp9w" data-testid="product-brand">President's Choice</p><h3 class="chakra-heading css-6qrhwc" id="20311645002_EA" data-testid="product-title">Diet Cola</h3><p class="chakra-text css-1yftjin" data-testid="product-package-size">2 l, $0.06/100ml</p></div></a><div class="css-8keand"></div></div><div class="css-1q5omjq"><div class="css-fcebb8"><div data-testid="atc-compact" class="css-y94ivq" style="width: 45px;"><button type="button" class="chakra-button css-mudsm6" data-testid="atc-button"><svg stroke="currentColor" fill="currentColor" stroke-width="0" viewBox="0 0 24 24" focusable="false" class="chakra-icon css-1g3sp7a" data-testid="btn-icon" aria-hidden="true" height="1em" width="1em" xmlns="http://www.w3.org/2000/svg"><path d="M19 13h-6v6h-2v-6H5v-2h6V5h2v6h6v2z"></path></svg><span class="css-idkz9h">Add Diet Cola to cart</span></button></div></div></div></div></div></div><div class="css-0"><div class="css-f5i5wc"><div class="chakra-linkbox css-vhnn8v"><div data-testid="product-image" class="css-16dr4ly"><img alt="Coca-Cola Cherry Flavoured Cola  12x355.0 ml, $0.18/100ml" src="https://assets.shop.loblaws.ca/products/21392782/b3/en/front/21392782_front_a06_@2.png" srcset="https://assets.shop.loblaws.ca/products/21392782/b3/en/front/21392782_front_a06_@2.png 1x, https://assets.shop.loblaws.ca/products/21392782/b3/en/front/21392782_front_a06_@2.png 2x" loading="lazy" class="chakra-image css-oguq8l" aria-hidden="true"></div><div class="css-qoklea"><div class="css-12dchmx"></div><div data-testid="price-product-tile" class="css-8atqhb"><p class="chakra-text css-0"><span class="chakra-text css-pwnbcb" data-testid="regular-price"><span class="css-idkz9h">$7.49</span>$7.49</span></p></div><a href="/cherry-flavoured-cola/p/21392782_C12?source=nspt" class="chakra-linkbox__overlay css-1hnz6hu"><div class="css-0"><p class="chakra-text css-1ecdp9w" data-testid="product-brand">Coca-Cola</p><h3 class="chakra-heading css-6qrhwc" id="21392782_C12" data-testid="product-title">Cherry Flavoured Cola </h3><p class="chakra-text css-1yftjin" data-testid="product-package-size">12x355.0 ml, $0.18/100ml</p></div></a><div class="css-8keand"></div></div><div class="css-1q5omjq"><div class="css-fcebb8"><div data-testid="atc-compact" class="css-y94ivq" style="width: 45px;"><button type="button" class="chakra-button css-mudsm6" data-testid="atc-button"><svg stroke="currentColor" fill="currentColor" stroke-width="0" viewBox="0 0 24 24" focusable="false" class="chakra-icon css-1g3sp7a" data-testid="btn-icon" aria-hidden="true" height="1em" width="1em" xmlns="http://www.w3.org/2000/svg"><path d="M19 13h-6v6h-2v-6H5v-2h6V5h2v6h6v2z"></path></svg><span class="css-idkz9h">Add Cherry Flavoured Cola  to cart</span></button></div></div></div></div></div></div><div class="css-0"><div class="css-f5i5wc"><div class="chakra-linkbox css-vhnn8v"><div data-testid="product-image" class="css-16dr4ly"><img alt="Sprite Zero       12x355.0 ml, $0.18/100ml" src="https://assets.shop.loblaws.ca/products/20713862/b3/en/front/20713862_front_a06_@2.png" srcset="https://assets.shop.loblaws.ca/products/20713862/b3/en/front/20713862_front_a06_@2.png 1x, https://assets.shop.loblaws.ca/products/20713862/b3/en/front/20713862_front_a06_@2.png 2x" loading="lazy" class="chakra-image css-oguq8l" aria-hidden="true"></div><div class="css-qoklea"><div class="css-12dchmx"></div><div data-testid="price-product-tile" class="css-8atqhb"><p class="chakra-text css-0"><span class="chakra-text css-pwnbcb" data-testid="regular-price"><span class="css-idkz9h">$7.49</span>$7.49</span></p></div><a href="/zero/p/20713862_C12?source=nspt" class="chakra-linkbox__overlay css-1hnz6hu"><div class="css-0"><p class="chakra-text css-1ecdp9w" data-testid="product-brand">Sprite</p><h3 class="chakra-heading css-6qrhwc" id="20713862_C12" data-testid="product-title">Zero      </h3><p class="chakra-text css-1yftjin" data-testid="product-package-size">12x355.0 ml, $0.18/100ml</p></div></a><div class="css-8keand"></div></div><div class="css-1q5omjq"><div class="css-fcebb8"><div data-testid="atc-compact" class="css-y94ivq" style="width: 45px;"><button type="button" class="chakra-button css-mudsm6" data-testid="atc-button"><svg stroke="currentColor" fill="currentColor" stroke-width="0" viewBox="0 0 24 24" focusable="false" class="chakra-icon css-1g3sp7a" data-testid="btn-icon" aria-hidden="true" height="1em" width="1em" xmlns="http://www.w3.org/2000/svg"><path d="M19 13h-6v6h-2v-6H5v-2h6V5h2v6h6v2z"></path></svg><span class="css-idkz9h">Add Zero       to cart</span></button></div></div><div class="css-4saf4a"><p class="chakra-text css-py8788" data-testid="inventory-badge-text">Low Stock</p></div></div></div></div></div><div class="css-0"><div class="css-f5i5wc"><div class="chakra-linkbox css-vhnn8v"><div data-testid="product-image" class="css-16dr4ly"><img alt="Pepsi Zero Sugar Soda  8x355.0 ml, $0.23/100ml" src="https://assets.shop.loblaws.ca/products/21361864/b3/en/front/21361864_front_a06_@2.png" srcset="https://assets.shop.loblaws.ca/products/21361864/b3/en/front/21361864_front_a06_@2.png 1x, https://assets.shop.loblaws.ca/products/21361864/b3/en/front/21361864_front_a06_@2.png 2x" loading="lazy" class="chakra-image css-oguq8l" aria-hidden="true"></div><div class="css-qoklea"><div class="css-12dchmx"></div><div data-testid="price-product-tile" class="css-8atqhb"><p class="chakra-text css-0"><span class="chakra-text css-pwnbcb" data-testid="regular-price"><span class="css-idkz9h">$6.49</span>$6.49</span></p></div><a href="/zero-sugar-soda/p/21361864_C08?source=nspt" class="chakra-linkbox__overlay css-1hnz6hu"><div class="css-0"><p class="chakra-text css-1ecdp9w" data-testid="product-brand">Pepsi</p><h3 class="chakra-heading css-6qrhwc" id="21361864_C08" data-testid="product-title">Zero Sugar Soda </h3><p class="chakra-text css-1yftjin" data-testid="product-package-size">8x355.0 ml, $0.23/100ml</p></div></a><div class="css-8keand"></div></div><div class="css-1q5omjq"><div class="css-fcebb8"><div data-testid="atc-compact" class="css-y94ivq" style="width: 45px;"><button type="button" class="chakra-button css-mudsm6" data-testid="atc-button"><svg stroke="currentColor" fill="currentColor" stroke-width="0" viewBox="0 0 24 24" focusable="false" class="chakra-icon css-1g3sp7a" data-testid="btn-icon" aria-hidden="true" height="1em" width="1em" xmlns="http://www.w3.org/2000/svg"><path d="M19 13h-6v6h-2v-6H5v-2h6V5h2v6h6v2z"></path></svg><span class="css-idkz9h">Add Zero Sugar Soda  to cart</span></button></div></div><div class="css-4saf4a"><p class="chakra-text css-py8788" data-testid="inventory-badge-text">Low Stock</p></div></div></div></div></div><div class="css-0"><div class="css-f5i5wc"><div class="chakra-linkbox css-vhnn8v"><div data-testid="product-image" class="css-16dr4ly"><img alt="Coca-Cola Zero Spiced 12x355.0 ml, $0.18/100ml" src="https://assets.shop.loblaws.ca/products/21589046/b3/en/front/21589046_front_a06_@2.png" srcset="https://assets.shop.loblaws.ca/products/21589046/b3/en/front/21589046_front_a06_@2.png 1x, https://assets.shop.loblaws.ca/products/21589046/b3/en/front/21589046_front_a06_@2.png 2x" loading="lazy" class="chakra-image css-oguq8l" aria-hidden="true"></div><div class="css-qoklea"><div class="css-12dchmx"></div><div data-testid="price-product-tile" class="css-8atqhb"><p class="chakra-text css-0"><span class="chakra-text css-pwnbcb" data-testid="regular-price"><span class="css-idkz9h">$7.49</span>$7.49</span></p></div><a href="/zero-spiced/p/21589046_C12?source=nspt" class="chakra-linkbox__overlay css-1hnz6hu"><div class="css-0"><p class="chakra-text css-1ecdp9w" data-testid="product-brand">Coca-Cola</p><h3 class="chakra-heading css-6qrhwc" id="21589046_C12" data-testid="product-title">Zero Spiced</h3><p class="chakra-text css-1yftjin" data-testid="product-package-size">12x355.0 ml, $0.18/100ml</p></div></a><div class="css-8keand"></div></div><div class="css-1q5omjq"><div class="css-fcebb8"><div data-testid="atc-compact" class="css-y94ivq" style="width: 45px;"><button type="button" class="chakra-button css-mudsm6" data-testid="atc-button"><svg stroke="currentColor" fill="currentColor" stroke-width="0" viewBox="0 0 24 24" focusable="false" class="chakra-icon css-1g3sp7a" data-testid="btn-icon" aria-hidden="true" height="1em" width="1em" xmlns="http://www.w3.org/2000/svg"><path d="M19 13h-6v6h-2v-6H5v-2h6V5h2v6h6v2z"></path></svg><span class="css-idkz9h">Add Zero Spiced to cart</span></button></div></div></div></div></div></div><div class="css-0"><div class="css-f5i5wc"><div class="chakra-linkbox css-vhnn8v"><div data-testid="product-image" class="css-16dr4ly"><img alt="Coca-Cola Diet Caffeine Free, Bottle 2 l, $0.13/100ml" src="https://assets.shop.loblaws.ca/products/20316026003/b3/en/front/20316026003_front_a06_@2.png" srcset="https://assets.shop.loblaws.ca/products/20316026003/b3/en/front/20316026003_front_a06_@2.png 1x, https://assets.shop.loblaws.ca/products/20316026003/b3/en/front/20316026003_front_a06_@2.png 2x" loading="lazy" class="chakra-image css-oguq8l" aria-hidden="true"></div><div class="css-qoklea"><div class="css-12dchmx"></div><div data-testid="price-product-tile" class="css-8atqhb"><p class="chakra-text css-0"><span class="chakra-text css-pwnbcb" data-testid="regular-price"><span class="css-idkz9h">$2.69</span>$2.69</span></p></div><a href="/diet-caffeine-free-bottle/p/20316026003_EA?source=nspt" class="chakra-linkbox__overlay css-1hnz6hu"><div class="css-0"><p class="chakra-text css-1ecdp9w" data-testid="product-brand">Coca-Cola</p><h3 class="chakra-heading css-6qrhwc" id="20316026003_EA" data-testid="product-title">Diet Caffeine Free, Bottle</h3><p class="chakra-text css-1yftjin" data-testid="product-package-size">2 l, $0.13/100ml</p></div></a><div class="css-8keand"></div></div><div class="css-1q5omjq"><div class="css-fcebb8"><div data-testid="atc-compact" class="css-y94ivq" style="width: 45px;"><button type="button" class="chakra-button css-mudsm6" data-testid="atc-button"><svg stroke="currentColor" fill="currentColor" stroke-width="0" viewBox="0 0 24 24" focusable="false" class="chakra-icon css-1g3sp7a" data-testid="btn-icon" aria-hidden="true" height="1em" width="1em" xmlns="http://www.w3.org/2000/svg"><path d="M19 13h-6v6h-2v-6H5v-2h6V5h2v6h6v2z"></path></svg><span class="css-idkz9h">Add Diet Caffeine Free, Bottle to cart</span></button></div></div></div></div></div></div><div class="css-0"><div class="css-f5i5wc"><div class="chakra-linkbox css-vhnn8v"><div data-testid="product-image" class="css-16dr4ly"><img alt="Canada Dry Ginger Beer Mini Can 6x222.0 ml, $0.26/100ml" src="https://assets.shop.loblaws.ca/products/21588853/b3/en/front/21588853_front_a06_@2.png" srcset="https://assets.shop.loblaws.ca/products/21588853/b3/en/front/21588853_front_a06_@2.png 1x, https://assets.shop.loblaws.ca/products/21588853/b3/en/front/21588853_front_a06_@2.png 2x" loading="lazy" class="chakra-image css-oguq8l" aria-hidden="true"></div><div class="css-qoklea"><div class="css-12dchmx"></div><div data-testid="price-product-tile" class="css-8atqhb"><p class="chakra-text css-0"><span class="chakra-text css-o93gbd" data-testid="sale-price"><span class="css-idkz9h">$3.49</span>$3.49</span><span class="chakra-text css-623q5h" data-testid="was-price"><span class="css-idkz9h">$4.29</span>$4.29</span></p><p class="chakra-text css-1m5a6y8" data-testid="price-descriptor">SAVE $0.80</p></div><a href="/ginger-beer-mini-can/p/21588853_C06?source=nspt" class="chakra-linkbox__overlay css-1hnz6hu"><div class="css-0"><p class="chakra-text css-1ecdp9w" data-testid="product-brand">Canada Dry</p><h3 class="chakra-heading css-6qrhwc" id="21588853_C06" data-testid="product-title">Ginger Beer Mini Can</h3><p class="chakra-text css-1yftjin" data-testid="product-package-size">6x222.0 ml, $0.26/100ml</p></div></a><div class="css-8keand"></div></div><div class="css-1q5omjq"><div class="css-fcebb8"><div data-testid="atc-compact" class="css-y94ivq" style="width: 45px;"><button type="button" class="chakra-button css-mudsm6" data-testid="atc-button"><svg stroke="currentColor" fill="currentColor" stroke-width="0" viewBox="0 0 24 24" focusable="false" class="chakra-icon css-1g3sp7a" data-testid="btn-icon" aria-hidden="true" height="1em" width="1em" xmlns="http://www.w3.org/2000/svg"><path d="M19 13h-6v6h-2v-6H5v-2h6V5h2v6h6v2z"></path></svg><span class="css-idkz9h">Add Ginger Beer Mini Can to cart</span></button></div></div></div></div></div></div><div class="css-0"><div class="css-f5i5wc"><div class="chakra-linkbox css-vhnn8v"><div data-testid="product-image" class="css-16dr4ly"><img alt="Canada Dry Ginger Ale, 8 Pack Bottles 8x300.0 ml, $0.31/100ml" src="https://assets.shop.loblaws.ca/products/21181176/b3/en/front/21181176_front_a06_@2.png" srcset="https://assets.shop.loblaws.ca/products/21181176/b3/en/front/21181176_front_a06_@2.png 1x, https://assets.shop.loblaws.ca/products/21181176/b3/en/front/21181176_front_a06_@2.png 2x" loading="lazy" class="chakra-image css-oguq8l" aria-hidden="true"></div><div class="css-qoklea"><div class="css-12dchmx"></div><div data-testid="price-product-tile" class="css-8atqhb"><p class="chakra-text css-0"><span class="chakra-text css-pwnbcb" data-testid="regular-price"><span class="css-idkz9h">$7.49</span>$7.49</span></p></div><a href="/ginger-ale-8-pack-bottles/p/21181176_C08?source=nspt" class="chakra-linkbox__overlay css-1hnz6hu"><div class="css-0"><p class="chakra-text css-1ecdp9w" data-testid="product-brand">Canada Dry</p><h3 class="chakra-heading css-6qrhwc" id="21181176_C08" data-testid="product-title">Ginger Ale, 8 Pack Bottles</h3><p class="chakra-text css-1yftjin" data-testid="product-package-size">8x300.0 ml, $0.31/100ml</p></div></a><div class="css-8keand"></div></div><div class="css-1q5omjq"><div class="css-fcebb8"><div data-testid="atc-compact" class="css-y94ivq" style="width: 45px;"><button type="button" class="chakra-button css-mudsm6" data-testid="atc-button"><svg stroke="currentColor" fill="currentColor" stroke-width="0" viewBox="0 0 24 24" focusable="false" class="chakra-icon css-1g3sp7a" data-testid="btn-icon" aria-hidden="true" height="1em" width="1em" xmlns="http://www.w3.org/2000/svg"><path d="M19 13h-6v6h-2v-6H5v-2h6V5h2v6h6v2z"></path></svg><span class="css-idkz9h">Add Ginger Ale, 8 Pack Bottles to cart</span></button></div></div></div></div></div></div><div class="css-0"><div class="css-f5i5wc"><div class="chakra-linkbox css-vhnn8v"><div data-testid="product-image" class="css-16dr4ly"><img alt="Sprite Soda  6x222.0 ml, $0.26/100ml" src="https://assets.shop.loblaws.ca/products/20354164001/b3/en/front/20354164001_front_a06_@2.png" srcset="https://assets.shop.loblaws.ca/products/20354164001/b3/en/front/20354164001_front_a06_@2.png 1x, https://assets.shop.loblaws.ca/products/20354164001/b3/en/front/20354164001_front_a06_@2.png 2x" loading="lazy" class="chakra-image css-oguq8l" aria-hidden="true"></div><div class="css-qoklea"><div class="css-12dchmx"></div><div data-testid="price-product-tile" class="css-8atqhb"><p class="chakra-text css-0"><span class="chakra-text css-o93gbd" data-testid="sale-price"><span class="css-idkz9h">$3.49</span>$3.49</span><span class="chakra-text css-623q5h" data-testid="was-price"><span class="css-idkz9h">$4.29</span>$4.29</span></p><p class="chakra-text css-1m5a6y8" data-testid="price-descriptor">SAVE $0.80</p></div><a href="/soda/p/20354164001_C06?source=nspt" class="chakra-linkbox__overlay css-1hnz6hu"><div class="css-0"><p class="chakra-text css-1ecdp9w" data-testid="product-brand">Sprite</p><h3 class="chakra-heading css-6qrhwc" id="20354164001_C06" data-testid="product-title">Soda </h3><p class="chakra-text css-1yftjin" data-testid="product-package-size">6x222.0 ml, $0.26/100ml</p></div></a><div class="css-8keand"></div></div><div class="css-1q5omjq"><div class="css-fcebb8"><div data-testid="atc-compact" class="css-y94ivq" style="width: 45px;"><button disabled="" type="button" class="chakra-button css-mudsm6" data-testid="atc-button"><svg stroke="currentColor" fill="currentColor" stroke-width="0" viewBox="0 0 24 24" focusable="false" class="chakra-icon css-1g3sp7a" data-testid="btn-icon" aria-hidden="true" height="1em" width="1em" xmlns="http://www.w3.org/2000/svg"><path d="M19 13h-6v6h-2v-6H5v-2h6V5h2v6h6v2z"></path></svg><span class="css-idkz9h">Add Soda  to cart</span></button></div></div><div class="css-4saf4a"><p class="chakra-text css-py8788" data-testid="inventory-badge-text">Out of Stock</p></div></div></div></div></div><div class="css-0"><div class="css-f5i5wc"><div class="chakra-linkbox css-vhnn8v"><div data-testid="product-image" class="css-16dr4ly"><img alt="President's Choice Diet Lemonade Sparkling Soda   12x355.0 ml, $0.14/100ml" src="https://assets.shop.loblaws.ca/products/20152117011/b3/en/front/20152117011_front_a06_@2.png" srcset="https://assets.shop.loblaws.ca/products/20152117011/b3/en/front/20152117011_front_a06_@2.png 1x, https://assets.shop.loblaws.ca/products/20152117011/b3/en/front/20152117011_front_a06_@2.png 2x" loading="lazy" class="chakra-image css-oguq8l" aria-hidden="true"></div><div class="css-qoklea"><div class="css-12dchmx"></div><div data-testid="price-product-tile" class="css-8atqhb"><p class="chakra-text css-0"><span class="chakra-text css-pwnbcb" data-testid="regular-price"><span class="css-idkz9h">$5.99</span>$5.99</span></p></div><a href="/diet-lemonade-sparkling-soda/p/20152117011_C12?source=nspt" class="chakra-linkbox__overlay css-1hnz6hu"><div class="css-0"><p class="chakra-text css-1ecdp9w" data-testid="product-brand">President's Choice</p><h3 class="chakra-heading css-6qrhwc" id="20152117011_C12" data-testid="product-title">Diet Lemonade Sparkling Soda  </h3><p class="chakra-text css-1yftjin" data-testid="product-package-size">12x355.0 ml, $0.14/100ml</p></div></a><div class="css-8keand"></div></div><div class="css-1q5omjq"><div class="css-fcebb8"><div data-testid="atc-compact" class="css-y94ivq" style="width: 45px;"><button type="button" class="chakra-button css-mudsm6" data-testid="atc-button"><svg stroke="currentColor" fill="currentColor" stroke-width="0" viewBox="0 0 24 24" focusable="false" class="chakra-icon css-1g3sp7a" data-testid="btn-icon" aria-hidden="true" height="1em" width="1em" xmlns="http://www.w3.org/2000/svg"><path d="M19 13h-6v6h-2v-6H5v-2h6V5h2v6h6v2z"></path></svg><span class="css-idkz9h">Add Diet Lemonade Sparkling Soda   to cart</span></button></div></div></div></div></div></div><div class="css-0"><div class="css-f5i5wc"><div class="chakra-linkbox css-vhnn8v"><div data-testid="product-image" class="css-16dr4ly"><img alt="Sprite Soda  24x355.0 ml, $0.13/100ml" src="https://assets.shop.loblaws.ca/products/20298360001/b3/en/front/20298360001_front_a06_@2.png" srcset="https://assets.shop.loblaws.ca/products/20298360001/b3/en/front/20298360001_front_a06_@2.png 1x, https://assets.shop.loblaws.ca/products/20298360001/b3/en/front/20298360001_front_a06_@2.png 2x" loading="lazy" class="chakra-image css-oguq8l" aria-hidden="true"></div><div class="css-qoklea"><div class="css-12dchmx"></div><div data-testid="price-product-tile" class="css-8atqhb"><p class="chakra-text css-0"><span class="chakra-text css-o93gbd" data-testid="sale-price"><span class="css-idkz9h">$10.98</span>$10.98</span><span class="chakra-text css-623q5h" data-testid="was-price"><span class="css-idkz9h">$12.99</span>$12.99</span></p><p class="chakra-text css-1m5a6y8" data-testid="price-descriptor">SAVE $2.01</p></div><a href="/soda/p/20298360001_C24?source=nspt" class="chakra-linkbox__overlay css-1hnz6hu"><div class="css-0"><p class="chakra-text css-1ecdp9w" data-testid="product-brand">Sprite</p><h3 class="chakra-heading css-6qrhwc" id="20298360001_C24" data-testid="product-title">Soda </h3><p class="chakra-text css-1yftjin" data-testid="product-package-size">24x355.0 ml, $0.13/100ml</p></div></a><div class="css-8keand"></div></div><div class="css-1q5omjq"><div class="css-fcebb8"><div data-testid="atc-compact" class="css-y94ivq" style="width: 45px;"><button type="button" class="chakra-button css-mudsm6" data-testid="atc-button"><svg stroke="currentColor" fill="currentColor" stroke-width="0" viewBox="0 0 24 24" focusable="false" class="chakra-icon css-1g3sp7a" data-testid="btn-icon" aria-hidden="true" height="1em" width="1em" xmlns="http://www.w3.org/2000/svg"><path d="M19 13h-6v6h-2v-6H5v-2h6V5h2v6h6v2z"></path></svg><span class="css-idkz9h">Add Soda  to cart</span></button></div></div></div></div></div></div><div class="css-0"><div class="css-f5i5wc"><div class="chakra-linkbox css-vhnn8v"><div data-testid="product-image" class="css-16dr4ly"><img alt="President's Choice Sparkling Lemonade 12 Cans 12x355.0 ml, $0.14/100ml" src="https://assets.shop.loblaws.ca/products/20152117010/b3/en/front/20152117010_front_a06_@2.png" srcset="https://assets.shop.loblaws.ca/products/20152117010/b3/en/front/20152117010_front_a06_@2.png 1x, https://assets.shop.loblaws.ca/products/20152117010/b3/en/front/20152117010_front_a06_@2.png 2x" loading="lazy" class="chakra-image css-oguq8l" aria-hidden="true"></div><div class="css-qoklea"><div class="css-12dchmx"></div><div data-testid="price-product-tile" class="css-8atqhb"><p class="chakra-text css-0"><span class="chakra-text css-pwnbcb" data-testid="regular-price"><span class="css-idkz9h">$5.99</span>$5.99</span></p></div><a href="/sparkling-lemonade-12-cans/p/20152117010_C12?source=nspt" class="chakra-linkbox__overlay css-1hnz6hu"><div class="css-0"><p class="chakra-text css-1ecdp9w" data-testid="product-brand">President's Choice</p><h3 class="chakra-heading css-6qrhwc" id="20152117010_C12" data-testid="product-title">Sparkling Lemonade 12 Cans</h3><p class="chakra-text css-1yftjin" data-testid="product-package-size">12x355.0 ml, $0.14/100ml</p></div></a><div class="css-8keand"></div></div><div class="css-1q5omjq"><div class="css-fcebb8"><div data-testid="atc-compact" class="css-y94ivq" style="width: 45px;"><button type="button" class="chakra-button css-mudsm6" data-testid="atc-button"><svg stroke="currentColor" fill="currentColor" stroke-width="0" viewBox="0 0 24 24" focusable="false" class="chakra-icon css-1g3sp7a" data-testid="btn-icon" aria-hidden="true" height="1em" width="1em" xmlns="http://www.w3.org/2000/svg"><path d="M19 13h-6v6h-2v-6H5v-2h6V5h2v6h6v2z"></path></svg><span class="css-idkz9h">Add Sparkling Lemonade 12 Cans to cart</span></button></div></div></div></div></div></div><div class="css-0"><div class="css-f5i5wc"><div class="chakra-linkbox css-vhnn8v"><div data-testid="product-image" class="css-16dr4ly"><img alt="Sprite Soda  6x710.0 ml, $0.12/100ml" src="https://assets.shop.loblaws.ca/products/20115107001/b3/en/front/20115107001_front_a06_@2.png" srcset="https://assets.shop.loblaws.ca/products/20115107001/b3/en/front/20115107001_front_a06_@2.png 1x, https://assets.shop.loblaws.ca/products/20115107001/b3/en/front/20115107001_front_a06_@2.png 2x" loading="lazy" class="chakra-image css-oguq8l" aria-hidden="true"></div><div class="css-qoklea"><div class="css-12dchmx"></div><div data-testid="price-product-tile" class="css-8atqhb"><p class="chakra-text css-0"><span class="chakra-text css-pwnbcb" data-testid="regular-price"><span class="css-idkz9h">$4.99</span>$4.99</span></p></div><a href="/soda/p/20115107001_C06?source=nspt" class="chakra-linkbox__overlay css-1hnz6hu"><div class="css-0"><p class="chakra-text css-1ecdp9w" data-testid="product-brand">Sprite</p><h3 class="chakra-heading css-6qrhwc" id="20115107001_C06" data-testid="product-title">Soda </h3><p class="chakra-text css-1yftjin" data-testid="product-package-size">6x710.0 ml, $0.12/100ml</p></div></a><div class="css-8keand"></div></div><div class="css-1q5omjq"><div class="css-fcebb8"><div data-testid="atc-compact" class="css-y94ivq" style="width: 45px;"><button type="button" class="chakra-button css-mudsm6" data-testid="atc-button"><svg stroke="currentColor" fill="currentColor" stroke-width="0" viewBox="0 0 24 24" focusable="false" class="chakra-icon css-1g3sp7a" data-testid="btn-icon" aria-hidden="true" height="1em" width="1em" xmlns="http://www.w3.org/2000/svg"><path d="M19 13h-6v6h-2v-6H5v-2h6V5h2v6h6v2z"></path></svg><span class="css-idkz9h">Add Soda  to cart</span></button></div></div></div></div></div></div><div class="css-0"><div class="css-f5i5wc"><div class="chakra-linkbox css-vhnn8v"><div data-testid="product-image" class="css-16dr4ly"><img alt="The Great Gentleman Water Melon Watermelon Hibiscus Soda 250 ml, $0.60/100ml" src="https://assets.shop.loblaws.ca/products/21455400/b3/en/front/21455400_front_a06_@2.png" srcset="https://assets.shop.loblaws.ca/products/21455400/b3/en/front/21455400_front_a06_@2.png 1x, https://assets.shop.loblaws.ca/products/21455400/b3/en/front/21455400_front_a06_@2.png 2x" loading="lazy" class="chakra-image css-oguq8l" aria-hidden="true"></div><div class="css-qoklea"><div class="css-12dchmx"></div><div data-testid="price-product-tile" class="css-8atqhb"><p class="chakra-text css-0"><span class="chakra-text css-pwnbcb" data-testid="regular-price"><span class="css-idkz9h">$1.49</span>$1.49</span></p></div><a href="/water-melon-watermelon-hibiscus-soda/p/21455400_EA?source=nspt" class="chakra-linkbox__overlay css-1hnz6hu"><div class="css-0"><p class="chakra-text css-1ecdp9w" data-testid="product-brand">The Great Gentleman</p><h3 class="chakra-heading css-6qrhwc" id="21455400_EA" data-testid="product-title">Water Melon Watermelon Hibiscus Soda</h3><p class="chakra-text css-1yftjin" data-testid="product-package-size">250 ml, $0.60/100ml</p></div></a><div class="css-8keand"></div></div><div class="css-1q5omjq"><div class="css-fcebb8"><div data-testid="atc-compact" class="css-y94ivq" style="width: 45px;"><button type="button" class="chakra-button css-mudsm6" data-testid="atc-button"><svg stroke="currentColor" fill="currentColor" stroke-width="0" viewBox="0 0 24 24" focusable="false" class="chakra-icon css-1g3sp7a" data-testid="btn-icon" aria-hidden="true" height="1em" width="1em" xmlns="http://www.w3.org/2000/svg"><path d="M19 13h-6v6h-2v-6H5v-2h6V5h2v6h6v2z"></path></svg><span class="css-idkz9h">Add Water Melon Watermelon Hibiscus Soda to cart</span></button></div></div></div></div></div></div><div class="css-0"><div class="css-f5i5wc"><div class="chakra-linkbox css-vhnn8v"><div data-testid="product-image" class="css-16dr4ly"><img alt="Pepsi Zero Wild Cherry, 12-Pack 12x355.0 ml, $0.16/100ml" src="https://assets.shop.loblaws.ca/products/21523222/b3/en/front/21523222_front_a06_@2.png" srcset="https://assets.shop.loblaws.ca/products/21523222/b3/en/front/21523222_front_a06_@2.png 1x, https://assets.shop.loblaws.ca/products/21523222/b3/en/front/21523222_front_a06_@2.png 2x" loading="lazy" class="chakra-image css-oguq8l" aria-hidden="true"></div><div class="css-qoklea"><div class="css-12dchmx"></div><div data-testid="price-product-tile" class="css-8atqhb"><p class="chakra-text css-0"><span class="chakra-text css-pwnbcb" data-testid="regular-price"><span class="css-idkz9h">$6.99</span>$6.99</span></p></div><a href="/zero-wild-cherry-12-pack/p/21523222_C12?source=nspt" class="chakra-linkbox__overlay css-1hnz6hu"><div class="css-0"><p class="chakra-text css-1ecdp9w" data-testid="product-brand">Pepsi</p><h3 class="chakra-heading css-6qrhwc" id="21523222_C12" data-testid="product-title">Zero Wild Cherry, 12-Pack</h3><p class="chakra-text css-1yftjin" data-testid="product-package-size">12x355.0 ml, $0.16/100ml</p></div></a><div class="css-8keand"></div></div><div class="css-1q5omjq"><div class="css-fcebb8"><div data-testid="atc-compact" class="css-y94ivq" style="width: 45px;"><button type="button" class="chakra-button css-mudsm6" data-testid="atc-button"><svg stroke="currentColor" fill="currentColor" stroke-width="0" viewBox="0 0 24 24" focusable="false" class="chakra-icon css-1g3sp7a" data-testid="btn-icon" aria-hidden="true" height="1em" width="1em" xmlns="http://www.w3.org/2000/svg"><path d="M19 13h-6v6h-2v-6H5v-2h6V5h2v6h6v2z"></path></svg><span class="css-idkz9h">Add Zero Wild Cherry, 12-Pack to cart</span></button></div></div></div></div></div></div><div class="css-0"><div class="css-f5i5wc"><div class="chakra-linkbox css-vhnn8v"><div data-testid="product-image" class="css-16dr4ly"><img alt="Pepsi Zero Sugar Soda     12x355.0 ml, $0.16/100ml" src="https://assets.shop.loblaws.ca/products/20322361001/b3/en/front/20322361001_front_a06_@2.png" srcset="https://assets.shop.loblaws.ca/products/20322361001/b3/en/front/20322361001_front_a06_@2.png 1x, https://assets.shop.loblaws.ca/products/20322361001/b3/en/front/20322361001_front_a06_@2.png 2x" loading="lazy" class="chakra-image css-oguq8l" aria-hidden="true"></div><div class="css-qoklea"><div class="css-12dchmx"></div><div data-testid="price-product-tile" class="css-8atqhb"><p class="chakra-text css-0"><span class="chakra-text css-pwnbcb" data-testid="regular-price"><span class="css-idkz9h">$6.99</span>$6.99</span></p></div><a href="/zero-sugar-soda/p/20322361001_C12?source=nspt" class="chakra-linkbox__overlay css-1hnz6hu"><div class="css-0"><p class="chakra-text css-1ecdp9w" data-testid="product-brand">Pepsi</p><h3 class="chakra-heading css-6qrhwc" id="20322361001_C12" data-testid="product-title">Zero Sugar Soda    </h3><p class="chakra-text css-1yftjin" data-testid="product-package-size">12x355.0 ml, $0.16/100ml</p></div></a><div class="css-8keand"></div></div><div class="css-1q5omjq"><div class="css-fcebb8"><div data-testid="atc-compact" class="css-y94ivq" style="width: 45px;"><button type="button" class="chakra-button css-mudsm6" data-testid="atc-button"><svg stroke="currentColor" fill="currentColor" stroke-width="0" viewBox="0 0 24 24" focusable="false" class="chakra-icon css-1g3sp7a" data-testid="btn-icon" aria-hidden="true" height="1em" width="1em" xmlns="http://www.w3.org/2000/svg"><path d="M19 13h-6v6h-2v-6H5v-2h6V5h2v6h6v2z"></path></svg><span class="css-idkz9h">Add Zero Sugar Soda     to cart</span></button></div></div></div></div></div></div><div class="css-0"><div class="css-f5i5wc"><div class="chakra-linkbox css-vhnn8v"><div data-testid="product-image" class="css-16dr4ly"><img alt="The Great Gentleman Spicy Ginger Beer 948 ml, $0.82/100ml" src="https://assets.shop.loblaws.ca/products/21594192/b3/en/front/21594192_front_a06_@2.png" srcset="https://assets.shop.loblaws.ca/products/21594192/b3/en/front/21594192_front_a06_@2.png 1x, https://assets.shop.loblaws.ca/products/21594192/b3/en/front/21594192_front_a06_@2.png 2x" loading="lazy" class="chakra-image css-oguq8l" aria-hidden="true"></div><div class="css-qoklea"><div class="css-12dchmx"></div><div data-testid="price-product-tile" class="css-8atqhb"><p class="chakra-text css-0"><span class="chakra-text css-pwnbcb" data-testid="regular-price"><span class="css-idkz9h">$7.79</span>$7.79</span></p></div><a href="/spicy-ginger-beer/p/21594192_EA?source=nspt" class="chakra-linkbox__overlay css-1hnz6hu"><div class="css-0"><p class="chakra-text css-1ecdp9w" data-testid="product-brand">The Great Gentleman</p><h3 class="chakra-heading css-6qrhwc" id="21594192_EA" data-testid="product-title">Spicy Ginger Beer</h3><p class="chakra-text css-1yftjin" data-testid="product-package-size">948 ml, $0.82/100ml</p></div></a><div class="css-8keand"></div></div><div class="css-1q5omjq"><div class="css-fcebb8"><div data-testid="atc-compact" class="css-y94ivq" style="width: 45px;"><button type="button" class="chakra-button css-mudsm6" data-testid="atc-button"><svg stroke="currentColor" fill="currentColor" stroke-width="0" viewBox="0 0 24 24" focusable="false" class="chakra-icon css-1g3sp7a" data-testid="btn-icon" aria-hidden="true" height="1em" width="1em" xmlns="http://www.w3.org/2000/svg"><path d="M19 13h-6v6h-2v-6H5v-2h6V5h2v6h6v2z"></path></svg><span class="css-idkz9h">Add Spicy Ginger Beer to cart</span></button></div></div></div></div></div></div><div class="css-0"><div class="css-f5i5wc"><div class="chakra-linkbox css-vhnn8v"><div data-testid="product-image" class="css-16dr4ly"><img alt="Grace Kola, Champagne 355 ml, $0.36/100ml" src="https://assets.shop.loblaws.ca/products/20299652003/b3/en/front/20299652003_front_a06_@2.png" srcset="https://assets.shop.loblaws.ca/products/20299652003/b3/en/front/20299652003_front_a06_@2.png 1x, https://assets.shop.loblaws.ca/products/20299652003/b3/en/front/20299652003_front_a06_@2.png 2x" loading="lazy" class="chakra-image css-oguq8l" aria-hidden="true"></div><div class="css-qoklea"><div class="css-12dchmx"></div><div data-testid="price-product-tile" class="css-8atqhb"><p class="chakra-text css-0"><span class="chakra-text css-o93gbd" data-testid="sale-price"><span class="css-idkz9h">$1.29</span>$1.29</span><span class="chakra-text css-623q5h" data-testid="was-price"><span class="css-idkz9h">$1.49</span>$1.49</span></p><p class="chakra-text css-1m5a6y8" data-testid="price-descriptor">SAVE $0.20</p></div><a href="/kola-champagne/p/20299652003_EA?source=nspt" class="chakra-linkbox__overlay css-1hnz6hu"><div class="css-0"><p class="chakra-text css-1ecdp9w" data-testid="product-brand">Grace</p><h3 class="chakra-heading css-6qrhwc" id="20299652003_EA" data-testid="product-title">Kola, Champagne</h3><p class="chakra-text css-1yftjin" data-testid="product-package-size">355 ml, $0.36/100ml</p></div></a><div class="css-8keand"></div></div><div class="css-1q5omjq"><div class="css-fcebb8"><div data-testid="atc-compact" class="css-y94ivq" style="width: 45px;"><button type="button" class="chakra-button css-mudsm6" data-testid="atc-button"><svg stroke="currentColor" fill="currentColor" stroke-width="0" viewBox="0 0 24 24" focusable="false" class="chakra-icon css-1g3sp7a" data-testid="btn-icon" aria-hidden="true" height="1em" width="1em" xmlns="http://www.w3.org/2000/svg"><path d="M19 13h-6v6h-2v-6H5v-2h6V5h2v6h6v2z"></path></svg><span class="css-idkz9h">Add Kola, Champagne to cart</span></button></div></div></div></div></div></div><div class="css-0"><div class="css-f5i5wc"><div class="chakra-linkbox css-vhnn8v"><div data-testid="product-image" class="css-16dr4ly"><img alt="Pepsi Diet Soda 6x222.0 ml, $0.26/100ml" src="https://assets.shop.loblaws.ca/products/20857560006/b3/en/front/20857560006_front_a06_@2.png" srcset="https://assets.shop.loblaws.ca/products/20857560006/b3/en/front/20857560006_front_a06_@2.png 1x, https://assets.shop.loblaws.ca/products/20857560006/b3/en/front/20857560006_front_a06_@2.png 2x" loading="lazy" class="chakra-image css-oguq8l" aria-hidden="true"></div><div class="css-qoklea"><div class="css-12dchmx"></div><div data-testid="price-product-tile" class="css-8atqhb"><p class="chakra-text css-0"><span class="chakra-text css-o93gbd" data-testid="sale-price"><span class="css-idkz9h">$3.49</span>$3.49</span><span class="chakra-text css-623q5h" data-testid="was-price"><span class="css-idkz9h">$3.99</span>$3.99</span></p><p class="chakra-text css-1m5a6y8" data-testid="price-descriptor">SAVE $0.50</p></div><a href="/diet-soda/p/20857560006_C06?source=nspt" class="chakra-linkbox__overlay css-1hnz6hu"><div class="css-0"><p class="chakra-text css-1ecdp9w" data-testid="product-brand">Pepsi</p><h3 class="chakra-heading css-6qrhwc" id="20857560006_C06" data-testid="product-title">Diet Soda</h3><p class="chakra-text css-1yftjin" data-testid="product-package-size">6x222.0 ml, $0.26/100ml</p></div></a><div class="css-8keand"></div></div><div class="css-1q5omjq"><div class="css-fcebb8"><div data-testid="atc-compact" class="css-y94ivq" style="width: 45px;"><button type="button" class="chakra-button css-mudsm6" data-testid="atc-button"><svg stroke="currentColor" fill="currentColor" stroke-width="0" viewBox="0 0 24 24" focusable="false" class="chakra-icon css-1g3sp7a" data-testid="btn-icon" aria-hidden="true" height="1em" width="1em" xmlns="http://www.w3.org/2000/svg"><path d="M19 13h-6v6h-2v-6H5v-2h6V5h2v6h6v2z"></path></svg><span class="css-idkz9h">Add Diet Soda to cart</span></button></div></div></div></div></div></div><div class="css-0"><div class="css-f5i5wc"><div class="chakra-linkbox css-vhnn8v"><div data-testid="product-image" class="css-16dr4ly"><img alt="Grace Island Soda, Pineapple 355 ml, $0.36/100ml" src="https://assets.shop.loblaws.ca/products/20299652001/b3/en/front/20299652001_front_a06_@2.png" srcset="https://assets.shop.loblaws.ca/products/20299652001/b3/en/front/20299652001_front_a06_@2.png 1x, https://assets.shop.loblaws.ca/products/20299652001/b3/en/front/20299652001_front_a06_@2.png 2x" loading="lazy" class="chakra-image css-oguq8l" aria-hidden="true"></div><div class="css-qoklea"><div class="css-12dchmx"></div><div data-testid="price-product-tile" class="css-8atqhb"><p class="chakra-text css-0"><span class="chakra-text css-o93gbd" data-testid="sale-price"><span class="css-idkz9h">$1.29</span>$1.29</span><span class="chakra-text css-623q5h" data-testid="was-price"><span class="css-idkz9h">$1.49</span>$1.49</span></p><p class="chakra-text css-1m5a6y8" data-testid="price-descriptor">SAVE $0.20</p></div><a href="/island-soda-pineapple/p/20299652001_EA?source=nspt" class="chakra-linkbox__overlay css-1hnz6hu"><div class="css-0"><p class="chakra-text css-1ecdp9w" data-testid="product-brand">Grace</p><h3 class="chakra-heading css-6qrhwc" id="20299652001_EA" data-testid="product-title">Island Soda, Pineapple</h3><p class="chakra-text css-1yftjin" data-testid="product-package-size">355 ml, $0.36/100ml</p></div></a><div class="css-8keand"></div></div><div class="css-1q5omjq"><div class="css-fcebb8"><div data-testid="atc-compact" class="css-y94ivq" style="width: 45px;"><button type="button" class="chakra-button css-mudsm6" data-testid="atc-button"><svg stroke="currentColor" fill="currentColor" stroke-width="0" viewBox="0 0 24 24" focusable="false" class="chakra-icon css-1g3sp7a" data-testid="btn-icon" aria-hidden="true" height="1em" width="1em" xmlns="http://www.w3.org/2000/svg"><path d="M19 13h-6v6h-2v-6H5v-2h6V5h2v6h6v2z"></path></svg><span class="css-idkz9h">Add Island Soda, Pineapple to cart</span></button></div></div></div></div></div></div><div class="css-0"><div class="css-f5i5wc"><div class="chakra-linkbox css-vhnn8v"><div data-testid="product-image" class="css-16dr4ly"><img alt="7Up Soda Mini 6x222.0 ml, $0.26/100ml" src="https://assets.shop.loblaws.ca/products/20857560002/b3/en/front/20857560002_front_a06_@2.png" srcset="https://assets.shop.loblaws.ca/products/20857560002/b3/en/front/20857560002_front_a06_@2.png 1x, https://assets.shop.loblaws.ca/products/20857560002/b3/en/front/20857560002_front_a06_@2.png 2x" loading="lazy" class="chakra-image css-oguq8l" aria-hidden="true"></div><div class="css-qoklea"><div class="css-12dchmx"></div><div data-testid="price-product-tile" class="css-8atqhb"><p class="chakra-text css-0"><span class="chakra-text css-o93gbd" data-testid="sale-price"><span class="css-idkz9h">$3.49</span>$3.49</span><span class="chakra-text css-623q5h" data-testid="was-price"><span class="css-idkz9h">$3.99</span>$3.99</span></p><p class="chakra-text css-1m5a6y8" data-testid="price-descriptor">SAVE $0.50</p></div><a href="/soda-mini/p/20857560002_C06?source=nspt" class="chakra-linkbox__overlay css-1hnz6hu"><div class="css-0"><p class="chakra-text css-1ecdp9w" data-testid="product-brand">7Up</p><h3 class="chakra-heading css-6qrhwc" id="20857560002_C06" data-testid="product-title">Soda Mini</h3><p class="chakra-text css-1yftjin" data-testid="product-package-size">6x222.0 ml, $0.26/100ml</p></div></a><div class="css-8keand"></div></div><div class="css-1q5omjq"><div class="css-fcebb8"><div data-testid="atc-compact" class="css-y94ivq" style="width: 45px;"><button type="button" class="chakra-button css-mudsm6" data-testid="atc-button"><svg stroke="currentColor" fill="currentColor" stroke-width="0" viewBox="0 0 24 24" focusable="false" class="chakra-icon css-1g3sp7a" data-testid="btn-icon" aria-hidden="true" height="1em" width="1em" xmlns="http://www.w3.org/2000/svg"><path d="M19 13h-6v6h-2v-6H5v-2h6V5h2v6h6v2z"></path></svg><span class="css-idkz9h">Add Soda Mini to cart</span></button></div></div></div></div></div></div><div class="css-0"><div class="css-f5i5wc"><div class="chakra-linkbox css-vhnn8v"><div data-testid="product-image" class="css-16dr4ly"><img alt="President's Choice Ginger Ale 12x355.0 ml, $0.14/100ml" src="https://assets.shop.loblaws.ca/products/20690671002/b3/en/front/20690671002_front_a06_@2.png" srcset="https://assets.shop.loblaws.ca/products/20690671002/b3/en/front/20690671002_front_a06_@2.png 1x, https://assets.shop.loblaws.ca/products/20690671002/b3/en/front/20690671002_front_a06_@2.png 2x" loading="lazy" class="chakra-image css-oguq8l" aria-hidden="true"></div><div class="css-qoklea"><div class="css-12dchmx"></div><div data-testid="price-product-tile" class="css-8atqhb"><p class="chakra-text css-0"><span class="chakra-text css-pwnbcb" data-testid="regular-price"><span class="css-idkz9h">$5.99</span>$5.99</span></p></div><a href="/ginger-ale/p/20690671002_C12?source=nspt" class="chakra-linkbox__overlay css-1hnz6hu"><div class="css-0"><p class="chakra-text css-1ecdp9w" data-testid="product-brand">President's Choice</p><h3 class="chakra-heading css-6qrhwc" id="20690671002_C12" data-testid="product-title">Ginger Ale</h3><p class="chakra-text css-1yftjin" data-testid="product-package-size">12x355.0 ml, $0.14/100ml</p></div></a><div class="css-8keand"></div></div><div class="css-1q5omjq"><div class="css-fcebb8"><div data-testid="atc-compact" class="css-y94ivq" style="width: 45px;"><button type="button" class="chakra-button css-mudsm6" data-testid="atc-button"><svg stroke="currentColor" fill="currentColor" stroke-width="0" viewBox="0 0 24 24" focusable="false" class="chakra-icon css-1g3sp7a" data-testid="btn-icon" aria-hidden="true" height="1em" width="1em" xmlns="http://www.w3.org/2000/svg"><path d="M19 13h-6v6h-2v-6H5v-2h6V5h2v6h6v2z"></path></svg><span class="css-idkz9h">Add Ginger Ale to cart</span></button></div></div></div></div></div></div><div class="css-0"><div class="css-f5i5wc"><div class="chakra-linkbox css-vhnn8v"><div data-testid="product-image" class="css-16dr4ly"><img alt="Coca-Cola Zero Sugar, Bottle 500 ml, $0.50/100ml" src="https://assets.shop.loblaws.ca/products/20827604/b3/en/front/20827604_front_a06_@2.png" srcset="https://assets.shop.loblaws.ca/products/20827604/b3/en/front/20827604_front_a06_@2.png 1x, https://assets.shop.loblaws.ca/products/20827604/b3/en/front/20827604_front_a06_@2.png 2x" loading="lazy" class="chakra-image css-oguq8l" aria-hidden="true"></div><div class="css-qoklea"><div class="css-12dchmx"></div><div data-testid="price-product-tile" class="css-8atqhb"><p class="chakra-text css-0"><span class="chakra-text css-pwnbcb" data-testid="regular-price"><span class="css-idkz9h">$2.50</span>$2.50</span></p></div><a href="/zero-sugar-bottle/p/20827604_EA?source=nspt" class="chakra-linkbox__overlay css-1hnz6hu"><div class="css-0"><p class="chakra-text css-1ecdp9w" data-testid="product-brand">Coca-Cola</p><h3 class="chakra-heading css-6qrhwc" id="20827604_EA" data-testid="product-title">Zero Sugar, Bottle</h3><p class="chakra-text css-1yftjin" data-testid="product-package-size">500 ml, $0.50/100ml</p></div></a><div class="css-8keand"></div></div><div class="css-1q5omjq"><div class="css-fcebb8"><div data-testid="atc-compact" class="css-y94ivq" style="width: 45px;"><button type="button" class="chakra-button css-mudsm6" data-testid="atc-button"><svg stroke="currentColor" fill="currentColor" stroke-width="0" viewBox="0 0 24 24" focusable="false" class="chakra-icon css-1g3sp7a" data-testid="btn-icon" aria-hidden="true" height="1em" width="1em" xmlns="http://www.w3.org/2000/svg"><path d="M19 13h-6v6h-2v-6H5v-2h6V5h2v6h6v2z"></path></svg><span class="css-idkz9h">Add Zero Sugar, Bottle to cart</span></button></div></div></div></div></div></div><div class="css-0"><div class="css-f5i5wc"><div class="chakra-linkbox css-vhnn8v"><div data-testid="product-image" class="css-16dr4ly"><img alt="President's Choice Cola 12x355.0 ml, $0.14/100ml" src="https://assets.shop.loblaws.ca/products/20218887027/b3/en/front/20218887027_front_a06_@2.png" srcset="https://assets.shop.loblaws.ca/products/20218887027/b3/en/front/20218887027_front_a06_@2.png 1x, https://assets.shop.loblaws.ca/products/20218887027/b3/en/front/20218887027_front_a06_@2.png 2x" loading="lazy" class="chakra-image css-oguq8l" aria-hidden="true"></div><div class="css-qoklea"><div class="css-12dchmx"></div><div data-testid="price-product-tile" class="css-8atqhb"><p class="chakra-text css-0"><span class="chakra-text css-pwnbcb" data-testid="regular-price"><span class="css-idkz9h">$5.99</span>$5.99</span></p></div><a href="/cola/p/20218887027_C12?source=nspt" class="chakra-linkbox__overlay css-1hnz6hu"><div class="css-0"><p class="chakra-text css-1ecdp9w" data-testid="product-brand">President's Choice</p><h3 class="chakra-heading css-6qrhwc" id="20218887027_C12" data-testid="product-title">Cola</h3><p class="chakra-text css-1yftjin" data-testid="product-package-size">12x355.0 ml, $0.14/100ml</p></div></a><div class="css-8keand"></div></div><div class="css-1q5omjq"><div class="css-fcebb8"><div data-testid="atc-compact" class="css-y94ivq" style="width: 45px;"><button type="button" class="chakra-button css-mudsm6" data-testid="atc-button"><svg stroke="currentColor" fill="currentColor" stroke-width="0" viewBox="0 0 24 24" focusable="false" class="chakra-icon css-1g3sp7a" data-testid="btn-icon" aria-hidden="true" height="1em" width="1em" xmlns="http://www.w3.org/2000/svg"><path d="M19 13h-6v6h-2v-6H5v-2h6V5h2v6h6v2z"></path></svg><span class="css-idkz9h">Add Cola to cart</span></button></div></div></div></div></div></div><div class="css-0"><div class="css-f5i5wc"><div class="chakra-linkbox css-vhnn8v"><div data-testid="product-image" class="css-16dr4ly"><img alt="Coca-Cola Bottle 1 l, $0.18/100ml" src="https://assets.shop.loblaws.ca/products/20299050/b3/en/front/20299050_front_a06_@2.png" srcset="https://assets.shop.loblaws.ca/products/20299050/b3/en/front/20299050_front_a06_@2.png 1x, https://assets.shop.loblaws.ca/products/20299050/b3/en/front/20299050_front_a06_@2.png 2x" loading="lazy" class="chakra-image css-oguq8l" aria-hidden="true"></div><div class="css-qoklea"><div class="css-12dchmx"></div><div data-testid="price-product-tile" class="css-8atqhb"><p class="chakra-text css-0"><span class="chakra-text css-pwnbcb" data-testid="regular-price"><span class="css-idkz9h">$1.79</span>$1.79</span></p></div><a href="/bottle/p/20299050_EA?source=nspt" class="chakra-linkbox__overlay css-1hnz6hu"><div class="css-0"><p class="chakra-text css-1ecdp9w" data-testid="product-brand">Coca-Cola</p><h3 class="chakra-heading css-6qrhwc" id="20299050_EA" data-testid="product-title">Bottle</h3><p class="chakra-text css-1yftjin" data-testid="product-package-size">1 l, $0.18/100ml</p></div></a><div class="css-8keand"></div></div><div class="css-1q5omjq"><div class="css-fcebb8"><div data-testid="atc-compact" class="css-y94ivq" style="width: 45px;"><button type="button" class="chakra-button css-mudsm6" data-testid="atc-button"><svg stroke="currentColor" fill="currentColor" stroke-width="0" viewBox="0 0 24 24" focusable="false" class="chakra-icon css-1g3sp7a" data-testid="btn-icon" aria-hidden="true" height="1em" width="1em" xmlns="http://www.w3.org/2000/svg"><path d="M19 13h-6v6h-2v-6H5v-2h6V5h2v6h6v2z"></path></svg><span class="css-idkz9h">Add Bottle to cart</span></button></div></div></div></div></div></div></div>