[
    {
        "id": 1,
        "name": "Lunch Mate Ham Lunch Kit",
        "price": "90 g, $3.88/100g",
        "brand": "Schneider",
        "image_url": "https://assets.shop.loblaws.ca/products/21310034/b3/en/front/21310034_front_a06_@2.png",
        "image_alt": "Schneider Lunch Mate Ham Lunch Kit 90 g, $3.88/100g",
        "price_product_tile": "$3.49$3.49"
    },
    {
        "id": 2,
        "name": "Lunch Mate Turkey Lunch Kit",
        "price": "90 g, $3.88/100g",
        "brand": "Schneider",
        "image_url": "https://assets.shop.loblaws.ca/products/21309931/b3/en/front/21309931_front_a06_@2.png",
        "image_alt": "Schneider Lunch Mate Turkey Lunch Kit 90 g, $3.88/100g",
        "price_product_tile": "$3.49$3.49"
    },
    {
        "id": 3,
        "name": "Lunch Mate Pizza Pepperoni Lunch Kit",
        "price": "120 g, $2.91/100g",
        "brand": "Schneider",
        "image_url": "https://assets.shop.loblaws.ca/products/21215532/b3/en/front/21215532_front_a06_@2.png",
        "image_alt": "Schneider Lunch Mate Pizza Pepperoni Lunch Kit 120 g, $2.91/100g",
        "price_product_tile": "$3.49$3.49"
    },
    {
        "id": 4,
        "name": "Lunch Mate Two Cheese Pizza Lunch Kit",
        "price": "120 g, $2.91/100g",
        "brand": "Schneider",
        "image_url": "https://assets.shop.loblaws.ca/products/21215531/b3/en/front/21215531_front_a06_@2.png",
        "image_alt": "Schneider Lunch Mate Two Cheese Pizza Lunch Kit 120 g, $2.91/100g",
        "price_product_tile": "$3.49$3.49"
    },
    {
        "id": 5,
        "name": "Lunch Mate Bologna Lunch Kit",
        "price": "90 g, $3.88/100g",
        "brand": "Schneider",
        "image_url": "https://assets.shop.loblaws.ca/products/21310081/b3/en/front/21310081_front_a06_@2.png",
        "image_alt": "Schneider Lunch Mate Bologna Lunch Kit 90 g, $3.88/100g",
        "price_product_tile": "$3.49$3.49"
    },
    {
        "id": 6,
        "name": "Lunch Mate Hot Dogs Lunch Kit",
        "price": "105 g, $3.32/100g",
        "brand": "Schneider",
        "image_url": "https://assets.shop.loblaws.ca/products/20165736/b3/en/front/20165736_front_a06_@2.png",
        "image_alt": "Schneider Lunch Mate Hot Dogs Lunch Kit 105 g, $3.32/100g",
        "price_product_tile": "$3.49$3.49"
    },
    {
        "id": 7,
        "name": "Lunch Mate Kielbassa Lunch Kit",
        "price": "90 g, $3.88/100g",
        "brand": "Schneider",
        "image_url": "https://assets.shop.loblaws.ca/products/21310030/b3/en/front/21310030_front_a06_@2.png",
        "image_alt": "Schneider Lunch Mate Kielbassa Lunch Kit 90 g, $3.88/100g",
        "price_product_tile": "$3.49$3.49"
    },
    {
        "id": 8,
        "name": "Dry Cured Genoa Salami Snack Kit",
        "price": "75 g, $5.32/100g",
        "brand": "Schneider",
        "image_url": "https://assets.shop.loblaws.ca/products/21120967/b3/en/front/21120967_front_a06_@2.png",
        "image_alt": "Schneider Dry Cured Genoa Salami Snack Kit 75 g, $5.32/100g",
        "price_product_tile": "$3.99$3.99"
    },
    {
        "id": 9,
        "name": "Dry Cured Italian Dry Salami Snack Kit",
        "price": "75 g, $5.32/100g",
        "brand": "Schneider",
        "image_url": "https://assets.shop.loblaws.ca/products/21120891/b3/en/front/21120891_front_a06_@2.png",
        "image_alt": "Schneider Dry Cured Italian Dry Salami Snack Kit 75 g, $5.32/100g",
        "price_product_tile": "$3.99$3.99"
    },
    {
        "id": 10,
        "name": "Lunch Mate Summer Sausage Lunch Kit",
        "price": "90 g, $3.88/100g",
        "brand": "Schneider",
        "image_url": "https://assets.shop.loblaws.ca/products/21310073/b3/en/front/21310073_front_a06_@2.png",
        "image_alt": "Schneider Lunch Mate Summer Sausage Lunch Kit 90 g, $3.88/100g",
        "price_product_tile": "$3.49$3.49"
    },
    {
        "id": 11,
        "name": "Lunch Mate Mini Burgers Lunch Kit",
        "price": "102 g, $3.42/100g",
        "brand": "Schneider",
        "image_url": "https://assets.shop.loblaws.ca/products/21093554/b3/en/front/21093554_front_a06_@2.png",
        "image_alt": "Schneider Lunch Mate Mini Burgers Lunch Kit 102 g, $3.42/100g",
        "price_product_tile": "$3.49$3.49"
    },
    {
        "id": 12,
        "name": "Hardwood Smoked Turkey Breast Snack Kit",
        "price": "75 g, $5.32/100g",
        "brand": "Schneider",
        "image_url": "https://assets.shop.loblaws.ca/products/21120887/b3/en/front/21120887_front_a06_@2.png",
        "image_alt": "Schneider Hardwood Smoked Turkey Breast Snack Kit 75 g, $5.32/100g",
        "price_product_tile": "$3.99$3.99"
    },
    {
        "id": 13,
        "name": "Lunch Mate Nachos with Cheddar Cheese & Salsa Lunch Kit",
        "price": "98 g, $3.56/100g",
        "brand": "Schneider",
        "image_url": "https://assets.shop.loblaws.ca/products/21093506/b3/en/front/21093506_front_a06_@2.png",
        "image_alt": "Schneider Lunch Mate Nachos with Cheddar Cheese & Salsa Lunch Kit 98 g, $3.56/100g",
        "price_product_tile": "$3.49$3.49"
    }
]