<div data-testid="product-grid" class="css-epcqr3"><div class="css-0"><div class="css-f5i5wc"><div class="chakra-linkbox css-vhnn8v"><div data-testid="product-image" class="css-16dr4ly"><img alt="Earths Own Oat Barista 946 ml, $0.60/100ml" src="https://assets.shop.loblaws.ca/products/21179478/b3/en/front/21179478_front_a06_@2.png" srcset="https://assets.shop.loblaws.ca/products/21179478/b3/en/front/21179478_front_a06_@2.png 1x, https://assets.shop.loblaws.ca/products/21179478/b3/en/front/21179478_front_a06_@2.png 2x" loading="lazy" class="chakra-image css-oguq8l" aria-hidden="true"></div><div class="css-qoklea"><div class="css-12dchmx"></div><div data-testid="price-product-tile" class="css-8atqhb"><p class="chakra-text css-0"><span class="chakra-text css-pwnbcb" data-testid="regular-price"><span class="css-idkz9h">$5.69</span>$5.69</span></p></div><a href="/oat-barista/p/21179478_EA?source=nspt" class="chakra-linkbox__overlay css-1hnz6hu"><div class="css-0"><p class="chakra-text css-1ecdp9w" data-testid="product-brand">Earths Own</p><h3 class="chakra-heading css-6qrhwc" id="21179478_EA" data-testid="product-title">Oat Barista</h3><p class="chakra-text css-1yftjin" data-testid="product-package-size">946 ml, $0.60/100ml</p></div></a><div class="css-8keand"></div></div><div class="css-1q5omjq"><div class="css-fcebb8"><div data-testid="atc-compact" class="css-y94ivq" style="width: 45px;"><button type="button" class="chakra-button css-mudsm6" data-testid="atc-button"><svg stroke="currentColor" fill="currentColor" stroke-width="0" viewBox="0 0 24 24" focusable="false" class="chakra-icon css-1g3sp7a" data-testid="btn-icon" aria-hidden="true" height="1em" width="1em" xmlns="http://www.w3.org/2000/svg"><path d="M19 13h-6v6h-2v-6H5v-2h6V5h2v6h6v2z"></path></svg><span class="css-idkz9h">Add Oat Barista to cart</span></button></div></div></div></div></div></div><div class="css-0"><div class="css-f5i5wc"><div class="chakra-linkbox css-vhnn8v"><div data-testid="product-image" class="css-16dr4ly"><img alt="Earths Own Oat Beverage, Original 1.75 l, $0.26/100ml" src="https://assets.shop.loblaws.ca/products/21037796/b3/en/front/21037796_front_a06_@2.png" srcset="https://assets.shop.loblaws.ca/products/21037796/b3/en/front/21037796_front_a06_@2.png 1x, https://assets.shop.loblaws.ca/products/21037796/b3/en/front/21037796_front_a06_@2.png 2x" loading="lazy" class="chakra-image css-oguq8l" aria-hidden="true"></div><div class="css-qoklea"><div class="css-12dchmx"></div><div data-testid="price-product-tile" class="css-8atqhb"><p class="chakra-text css-0"><span class="chakra-text css-pwnbcb" data-testid="regular-price"><span class="css-idkz9h">$4.49</span>$4.49</span></p></div><a href="/oat-beverage-original/p/21037796_EA?source=nspt" class="chakra-linkbox__overlay css-1hnz6hu"><div class="css-0"><p class="chakra-text css-1ecdp9w" data-testid="product-brand">Earths Own</p><h3 class="chakra-heading css-6qrhwc" id="21037796_EA" data-testid="product-title">Oat Beverage, Original</h3><p class="chakra-text css-1yftjin" data-testid="product-package-size">1.75 l, $0.26/100ml</p></div></a><div class="css-8keand"></div></div><div class="css-1q5omjq"><div class="css-fcebb8"><div data-testid="atc-compact" class="css-y94ivq" style="width: 45px;"><button type="button" class="chakra-button css-mudsm6" data-testid="atc-button"><svg stroke="currentColor" fill="currentColor" stroke-width="0" viewBox="0 0 24 24" focusable="false" class="chakra-icon css-1g3sp7a" data-testid="btn-icon" aria-hidden="true" height="1em" width="1em" xmlns="http://www.w3.org/2000/svg"><path d="M19 13h-6v6h-2v-6H5v-2h6V5h2v6h6v2z"></path></svg><span class="css-idkz9h">Add Oat Beverage, Original to cart</span></button></div></div></div></div></div></div><div class="css-0"><div class="css-f5i5wc"><div class="chakra-linkbox css-vhnn8v"><div data-testid="product-image" class="css-16dr4ly"><img alt="So Fresh Oat Beverage, Original 946 ml, $0.29/100ml" src="https://assets.shop.loblaws.ca/products/21109025/b3/en/front/21109025_front_a06_@2.png" srcset="https://assets.shop.loblaws.ca/products/21109025/b3/en/front/21109025_front_a06_@2.png 1x, https://assets.shop.loblaws.ca/products/21109025/b3/en/front/21109025_front_a06_@2.png 2x" loading="lazy" class="chakra-image css-oguq8l" aria-hidden="true"></div><div class="css-qoklea"><div class="css-12dchmx"></div><div data-testid="price-product-tile" class="css-8atqhb"><p class="chakra-text css-0"><span class="chakra-text css-o93gbd" data-testid="sale-price"><span class="css-idkz9h">$2.79</span>$2.79</span><span class="chakra-text css-623q5h" data-testid="was-price"><span class="css-idkz9h">$3.29</span>$3.29</span></p><p class="chakra-text css-1m5a6y8" data-testid="price-descriptor">SAVE $0.50</p></div><a href="/oat-beverage-original/p/21109025_EA?source=nspt" class="chakra-linkbox__overlay css-1hnz6hu"><div class="css-0"><p class="chakra-text css-1ecdp9w" data-testid="product-brand">So Fresh</p><h3 class="chakra-heading css-6qrhwc" id="21109025_EA" data-testid="product-title">Oat Beverage, Original</h3><p class="chakra-text css-1yftjin" data-testid="product-package-size">946 ml, $0.29/100ml</p></div></a><div class="css-8keand"></div></div><div class="css-1q5omjq"><div class="css-fcebb8"><div data-testid="atc-compact" class="css-y94ivq" style="width: 45px;"><button type="button" class="chakra-button css-mudsm6" data-testid="atc-button"><svg stroke="currentColor" fill="currentColor" stroke-width="0" viewBox="0 0 24 24" focusable="false" class="chakra-icon css-1g3sp7a" data-testid="btn-icon" aria-hidden="true" height="1em" width="1em" xmlns="http://www.w3.org/2000/svg"><path d="M19 13h-6v6h-2v-6H5v-2h6V5h2v6h6v2z"></path></svg><span class="css-idkz9h">Add Oat Beverage, Original to cart</span></button></div></div></div></div></div></div><div class="css-0"><div class="css-f5i5wc"><div class="chakra-linkbox css-vhnn8v"><div data-testid="product-image" class="css-16dr4ly"><img alt="Blue Diamond Almond Breeze Natural Almond, Unsweetened 946 ml, $0.37/100ml" src="https://assets.shop.loblaws.ca/products/20107219004/b3/en/front/20107219004_front_a06_@2.png" srcset="https://assets.shop.loblaws.ca/products/20107219004/b3/en/front/20107219004_front_a06_@2.png 1x, https://assets.shop.loblaws.ca/products/20107219004/b3/en/front/20107219004_front_a06_@2.png 2x" loading="lazy" class="chakra-image css-oguq8l" aria-hidden="true"></div><div class="css-qoklea"><div class="css-12dchmx"></div><div data-testid="price-product-tile" class="css-8atqhb"><p class="chakra-text css-0"><span class="chakra-text css-pwnbcb" data-testid="regular-price"><span class="css-idkz9h">$3.49</span>$3.49</span></p></div><a href="/almond-breeze-natural-almond-unsweetened/p/20107219004_EA?source=nspt" class="chakra-linkbox__overlay css-1hnz6hu"><div class="css-0"><p class="chakra-text css-1ecdp9w" data-testid="product-brand">Blue Diamond</p><h3 class="chakra-heading css-6qrhwc" id="20107219004_EA" data-testid="product-title">Almond Breeze Natural Almond, Unsweetened</h3><p class="chakra-text css-1yftjin" data-testid="product-package-size">946 ml, $0.37/100ml</p></div></a><div class="css-8keand"></div></div><div class="css-1q5omjq"><div class="css-fcebb8"><div data-testid="atc-compact" class="css-y94ivq" style="width: 45px;"><button type="button" class="chakra-button css-mudsm6" data-testid="atc-button"><svg stroke="currentColor" fill="currentColor" stroke-width="0" viewBox="0 0 24 24" focusable="false" class="chakra-icon css-1g3sp7a" data-testid="btn-icon" aria-hidden="true" height="1em" width="1em" xmlns="http://www.w3.org/2000/svg"><path d="M19 13h-6v6h-2v-6H5v-2h6V5h2v6h6v2z"></path></svg><span class="css-idkz9h">Add Almond Breeze Natural Almond, Unsweetened to cart</span></button></div></div></div></div></div></div><div class="css-0"><div class="css-f5i5wc"><div class="chakra-linkbox css-vhnn8v"><div data-testid="product-image" class="css-16dr4ly"><img alt="Earths Own Almond Beverage, Unsweetened Original  1.89 l, $0.21/100ml" src="https://assets.shop.loblaws.ca/products/20327647/b3/en/front/20327647_front_a06_@2.png" srcset="https://assets.shop.loblaws.ca/products/20327647/b3/en/front/20327647_front_a06_@2.png 1x, https://assets.shop.loblaws.ca/products/20327647/b3/en/front/20327647_front_a06_@2.png 2x" loading="lazy" class="chakra-image css-oguq8l" aria-hidden="true"></div><div class="css-qoklea"><div class="css-12dchmx"></div><div data-testid="price-product-tile" class="css-8atqhb"><p class="chakra-text css-0"><span class="chakra-text css-pwnbcb" data-testid="regular-price"><span class="css-idkz9h">$4.00</span>$4.00</span></p></div><a href="/almond-beverage-unsweetened-original/p/20327647_EA?source=nspt" class="chakra-linkbox__overlay css-1hnz6hu"><div class="css-0"><p class="chakra-text css-1ecdp9w" data-testid="product-brand">Earths Own</p><h3 class="chakra-heading css-6qrhwc" id="20327647_EA" data-testid="product-title">Almond Beverage, Unsweetened Original </h3><p class="chakra-text css-1yftjin" data-testid="product-package-size">1.89 l, $0.21/100ml</p></div></a><div class="css-8keand"></div></div><div class="css-1q5omjq"><div class="css-fcebb8"><div data-testid="atc-compact" class="css-y94ivq" style="width: 45px;"><button type="button" class="chakra-button css-mudsm6" data-testid="atc-button"><svg stroke="currentColor" fill="currentColor" stroke-width="0" viewBox="0 0 24 24" focusable="false" class="chakra-icon css-1g3sp7a" data-testid="btn-icon" aria-hidden="true" height="1em" width="1em" xmlns="http://www.w3.org/2000/svg"><path d="M19 13h-6v6h-2v-6H5v-2h6V5h2v6h6v2z"></path></svg><span class="css-idkz9h">Add Almond Beverage, Unsweetened Original  to cart</span></button></div></div></div></div></div></div><div class="css-0"><div class="css-f5i5wc"><div class="chakra-linkbox css-vhnn8v"><div data-testid="product-image" class="css-16dr4ly"><img alt="Silk Almond Beverage, Unsweetened, Dairy-Free, Shelf Stable 946 ml, $0.32/100ml" src="https://assets.shop.loblaws.ca/products/20555265002/b3/en/front/20555265002_front_a06_@2.png" srcset="https://assets.shop.loblaws.ca/products/20555265002/b3/en/front/20555265002_front_a06_@2.png 1x, https://assets.shop.loblaws.ca/products/20555265002/b3/en/front/20555265002_front_a06_@2.png 2x" loading="lazy" class="chakra-image css-oguq8l" aria-hidden="true"></div><div class="css-qoklea"><div class="css-12dchmx"></div><div data-testid="price-product-tile" class="css-8atqhb"><p class="chakra-text css-0"><span class="chakra-text css-pwnbcb" data-testid="regular-price"><span class="css-idkz9h">$2.99</span>$2.99</span></p></div><a href="/almond-beverage-unsweetened-dairy-free-shelf-stabl/p/20555265002_EA?source=nspt" class="chakra-linkbox__overlay css-1hnz6hu"><div class="css-0"><p class="chakra-text css-1ecdp9w" data-testid="product-brand">Silk</p><h3 class="chakra-heading css-6qrhwc" id="20555265002_EA" data-testid="product-title">Almond Beverage, Unsweetened, Dairy-Free, Shelf Stable</h3><p class="chakra-text css-1yftjin" data-testid="product-package-size">946 ml, $0.32/100ml</p></div></a><div class="css-8keand"></div></div><div class="css-1q5omjq"><div class="css-fcebb8"><div data-testid="atc-compact" class="css-y94ivq" style="width: 45px;"><button disabled="" type="button" class="chakra-button css-mudsm6" data-testid="atc-button"><svg stroke="currentColor" fill="currentColor" stroke-width="0" viewBox="0 0 24 24" focusable="false" class="chakra-icon css-1g3sp7a" data-testid="btn-icon" aria-hidden="true" height="1em" width="1em" xmlns="http://www.w3.org/2000/svg"><path d="M19 13h-6v6h-2v-6H5v-2h6V5h2v6h6v2z"></path></svg><span class="css-idkz9h">Add Almond Beverage, Unsweetened, Dairy-Free, Shelf Stable to cart</span></button></div></div><div class="css-4saf4a"><p class="chakra-text css-py8788" data-testid="inventory-badge-text">Out of Stock</p></div></div></div></div></div><div class="css-0"><div class="css-f5i5wc"><div class="chakra-linkbox css-vhnn8v"><div data-testid="product-image" class="css-16dr4ly"><img alt="Natura Unsweetened Enrich      946 ml, $0.29/100ml" src="https://assets.shop.loblaws.ca/products/20311173006/b3/en/front/20311173006_front_a06_@2.png" srcset="https://assets.shop.loblaws.ca/products/20311173006/b3/en/front/20311173006_front_a06_@2.png 1x, https://assets.shop.loblaws.ca/products/20311173006/b3/en/front/20311173006_front_a06_@2.png 2x" loading="lazy" class="chakra-image css-oguq8l" aria-hidden="true"></div><div class="css-qoklea"><div class="css-12dchmx"></div><div data-testid="price-product-tile" class="css-8atqhb"><p class="chakra-text css-0"><span class="chakra-text css-pwnbcb" data-testid="regular-price"><span class="css-idkz9h">$2.79</span>$2.79</span></p></div><a href="/unsweetened-enrich/p/20311173006_EA?source=nspt" class="chakra-linkbox__overlay css-1hnz6hu"><div class="css-0"><p class="chakra-text css-1ecdp9w" data-testid="product-brand">Natura</p><h3 class="chakra-heading css-6qrhwc" id="20311173006_EA" data-testid="product-title">Unsweetened Enrich     </h3><p class="chakra-text css-1yftjin" data-testid="product-package-size">946 ml, $0.29/100ml</p></div></a><div class="css-8keand"></div></div><div class="css-1q5omjq"><div class="css-fcebb8"><div data-testid="atc-compact" class="css-y94ivq" style="width: 45px;"><button type="button" class="chakra-button css-mudsm6" data-testid="atc-button"><svg stroke="currentColor" fill="currentColor" stroke-width="0" viewBox="0 0 24 24" focusable="false" class="chakra-icon css-1g3sp7a" data-testid="btn-icon" aria-hidden="true" height="1em" width="1em" xmlns="http://www.w3.org/2000/svg"><path d="M19 13h-6v6h-2v-6H5v-2h6V5h2v6h6v2z"></path></svg><span class="css-idkz9h">Add Unsweetened Enrich      to cart</span></button></div></div></div></div></div></div><div class="css-0"><div class="css-f5i5wc"><div class="chakra-linkbox css-vhnn8v"><div data-testid="product-image" class="css-16dr4ly"><img alt="Earths Own  Oat Zero Sugar Beverage, Unsweetened Original 1.75 l, $0.26/100ml" src="https://assets.shop.loblaws.ca/products/21517729/b3/en/front/21517729_front_a06_@2.png" srcset="https://assets.shop.loblaws.ca/products/21517729/b3/en/front/21517729_front_a06_@2.png 1x, https://assets.shop.loblaws.ca/products/21517729/b3/en/front/21517729_front_a06_@2.png 2x" loading="lazy" class="chakra-image css-oguq8l" aria-hidden="true"></div><div class="css-qoklea"><div class="css-12dchmx"></div><div data-testid="price-product-tile" class="css-8atqhb"><p class="chakra-text css-0"><span class="chakra-text css-pwnbcb" data-testid="regular-price"><span class="css-idkz9h">$4.49</span>$4.49</span></p></div><a href="/oat-zero-sugar-beverage-unsweetened-original/p/21517729_EA?source=nspt" class="chakra-linkbox__overlay css-1hnz6hu"><div class="css-0"><p class="chakra-text css-1ecdp9w" data-testid="product-brand">Earths Own</p><h3 class="chakra-heading css-6qrhwc" id="21517729_EA" data-testid="product-title"> Oat Zero Sugar Beverage, Unsweetened Original</h3><p class="chakra-text css-1yftjin" data-testid="product-package-size">1.75 l, $0.26/100ml</p></div></a><div class="css-8keand"></div></div><div class="css-1q5omjq"><div class="css-fcebb8"><div data-testid="atc-compact" class="css-y94ivq" style="width: 45px;"><button type="button" class="chakra-button css-mudsm6" data-testid="atc-button"><svg stroke="currentColor" fill="currentColor" stroke-width="0" viewBox="0 0 24 24" focusable="false" class="chakra-icon css-1g3sp7a" data-testid="btn-icon" aria-hidden="true" height="1em" width="1em" xmlns="http://www.w3.org/2000/svg"><path d="M19 13h-6v6h-2v-6H5v-2h6V5h2v6h6v2z"></path></svg><span class="css-idkz9h">Add  Oat Zero Sugar Beverage, Unsweetened Original to cart</span></button></div></div></div></div></div></div><div class="css-0"><div class="css-f5i5wc"><div class="chakra-linkbox css-vhnn8v"><div data-testid="product-image" class="css-16dr4ly"><img alt="Blue Diamond Almond Breeze, Unsweetened Vanilla 946 ml, $0.37/100ml" src="https://assets.shop.loblaws.ca/products/20264273/b3/en/front/20264273_front_a06_@2.png" srcset="https://assets.shop.loblaws.ca/products/20264273/b3/en/front/20264273_front_a06_@2.png 1x, https://assets.shop.loblaws.ca/products/20264273/b3/en/front/20264273_front_a06_@2.png 2x" loading="lazy" class="chakra-image css-oguq8l" aria-hidden="true"></div><div class="css-qoklea"><div class="css-12dchmx"></div><div data-testid="price-product-tile" class="css-8atqhb"><p class="chakra-text css-0"><span class="chakra-text css-pwnbcb" data-testid="regular-price"><span class="css-idkz9h">$3.49</span>$3.49</span></p></div><a href="/almond-breeze-unsweetened-vanilla/p/20264273_EA?source=nspt" class="chakra-linkbox__overlay css-1hnz6hu"><div class="css-0"><p class="chakra-text css-1ecdp9w" data-testid="product-brand">Blue Diamond</p><h3 class="chakra-heading css-6qrhwc" id="20264273_EA" data-testid="product-title">Almond Breeze, Unsweetened Vanilla</h3><p class="chakra-text css-1yftjin" data-testid="product-package-size">946 ml, $0.37/100ml</p></div></a><div class="css-8keand"></div></div><div class="css-1q5omjq"><div class="css-fcebb8"><div data-testid="atc-compact" class="css-y94ivq" style="width: 45px;"><button type="button" class="chakra-button css-mudsm6" data-testid="atc-button"><svg stroke="currentColor" fill="currentColor" stroke-width="0" viewBox="0 0 24 24" focusable="false" class="chakra-icon css-1g3sp7a" data-testid="btn-icon" aria-hidden="true" height="1em" width="1em" xmlns="http://www.w3.org/2000/svg"><path d="M19 13h-6v6h-2v-6H5v-2h6V5h2v6h6v2z"></path></svg><span class="css-idkz9h">Add Almond Breeze, Unsweetened Vanilla to cart</span></button></div></div></div></div></div></div><div class="css-0"><div class="css-f5i5wc"><div class="chakra-linkbox css-vhnn8v"><div data-testid="product-image" class="css-16dr4ly"><img alt="Earths Own Oat Zero Sugar Beverage Original 946 ml, $0.29/100ml" src="https://assets.shop.loblaws.ca/products/21547996/b3/en/front/21547996_front_a06_@2.png" srcset="https://assets.shop.loblaws.ca/products/21547996/b3/en/front/21547996_front_a06_@2.png 1x, https://assets.shop.loblaws.ca/products/21547996/b3/en/front/21547996_front_a06_@2.png 2x" loading="lazy" class="chakra-image css-oguq8l" aria-hidden="true"></div><div class="css-qoklea"><div class="css-12dchmx"></div><div data-testid="price-product-tile" class="css-8atqhb"><p class="chakra-text css-0"><span class="chakra-text css-o93gbd" data-testid="sale-price"><span class="css-idkz9h">$2.79</span>$2.79</span><span class="chakra-text css-623q5h" data-testid="was-price"><span class="css-idkz9h">$3.29</span>$3.29</span></p><p class="chakra-text css-1m5a6y8" data-testid="price-descriptor">SAVE $0.50</p></div><a href="/oat-zero-sugar-beverage-original/p/21547996_EA?source=nspt" class="chakra-linkbox__overlay css-1hnz6hu"><div class="css-0"><p class="chakra-text css-1ecdp9w" data-testid="product-brand">Earths Own</p><h3 class="chakra-heading css-6qrhwc" id="21547996_EA" data-testid="product-title">Oat Zero Sugar Beverage Original</h3><p class="chakra-text css-1yftjin" data-testid="product-package-size">946 ml, $0.29/100ml</p></div></a><div class="css-8keand"></div></div><div class="css-1q5omjq"><div class="css-fcebb8"><div data-testid="atc-compact" class="css-y94ivq" style="width: 45px;"><button type="button" class="chakra-button css-mudsm6" data-testid="atc-button"><svg stroke="currentColor" fill="currentColor" stroke-width="0" viewBox="0 0 24 24" focusable="false" class="chakra-icon css-1g3sp7a" data-testid="btn-icon" aria-hidden="true" height="1em" width="1em" xmlns="http://www.w3.org/2000/svg"><path d="M19 13h-6v6h-2v-6H5v-2h6V5h2v6h6v2z"></path></svg><span class="css-idkz9h">Add Oat Zero Sugar Beverage Original to cart</span></button></div></div><div class="css-4saf4a"><p class="chakra-text css-py8788" data-testid="inventory-badge-text">Low Stock</p></div></div></div></div></div><div class="css-0"><div class="css-f5i5wc"><div class="chakra-linkbox css-vhnn8v"><div data-testid="product-image" class="css-16dr4ly"><img alt="Earths Own Oat Beverage, Vanilla 1.75 l, $0.26/100ml" src="https://assets.shop.loblaws.ca/products/21037799/b3/en/front/21037799_front_a06_@2.png" srcset="https://assets.shop.loblaws.ca/products/21037799/b3/en/front/21037799_front_a06_@2.png 1x, https://assets.shop.loblaws.ca/products/21037799/b3/en/front/21037799_front_a06_@2.png 2x" loading="lazy" class="chakra-image css-oguq8l" aria-hidden="true"></div><div class="css-qoklea"><div class="css-12dchmx"></div><div data-testid="price-product-tile" class="css-8atqhb"><p class="chakra-text css-0"><span class="chakra-text css-pwnbcb" data-testid="regular-price"><span class="css-idkz9h">$4.49</span>$4.49</span></p></div><a href="/oat-beverage-vanilla/p/21037799_EA?source=nspt" class="chakra-linkbox__overlay css-1hnz6hu"><div class="css-0"><p class="chakra-text css-1ecdp9w" data-testid="product-brand">Earths Own</p><h3 class="chakra-heading css-6qrhwc" id="21037799_EA" data-testid="product-title">Oat Beverage, Vanilla</h3><p class="chakra-text css-1yftjin" data-testid="product-package-size">1.75 l, $0.26/100ml</p></div></a><div class="css-8keand"></div></div><div class="css-1q5omjq"><div class="css-fcebb8"><div data-testid="atc-compact" class="css-y94ivq" style="width: 45px;"><button disabled="" type="button" class="chakra-button css-mudsm6" data-testid="atc-button"><svg stroke="currentColor" fill="currentColor" stroke-width="0" viewBox="0 0 24 24" focusable="false" class="chakra-icon css-1g3sp7a" data-testid="btn-icon" aria-hidden="true" height="1em" width="1em" xmlns="http://www.w3.org/2000/svg"><path d="M19 13h-6v6h-2v-6H5v-2h6V5h2v6h6v2z"></path></svg><span class="css-idkz9h">Add Oat Beverage, Vanilla to cart</span></button></div></div><div class="css-4saf4a"><p class="chakra-text css-py8788" data-testid="inventory-badge-text">Out of Stock</p></div></div></div></div></div><div class="css-0"><div class="css-f5i5wc"><div class="chakra-linkbox css-vhnn8v"><div data-testid="product-image" class="css-16dr4ly"><img alt="Silk Almond Beverage, Unsweetened, Vanilla Flavour, Dairy-Free, Shelf Stable 946 ml, $0.32/100ml" src="https://assets.shop.loblaws.ca/products/20555265001/b3/en/front/20555265001_front_a06_@2.png" srcset="https://assets.shop.loblaws.ca/products/20555265001/b3/en/front/20555265001_front_a06_@2.png 1x, https://assets.shop.loblaws.ca/products/20555265001/b3/en/front/20555265001_front_a06_@2.png 2x" loading="lazy" class="chakra-image css-oguq8l" aria-hidden="true"></div><div class="css-qoklea"><div class="css-12dchmx"></div><div data-testid="price-product-tile" class="css-8atqhb"><p class="chakra-text css-0"><span class="chakra-text css-pwnbcb" data-testid="regular-price"><span class="css-idkz9h">$2.99</span>$2.99</span></p></div><a href="/almond-beverage-unsweetened-vanilla-flavour-dairy/p/20555265001_EA?source=nspt" class="chakra-linkbox__overlay css-1hnz6hu"><div class="css-0"><p class="chakra-text css-1ecdp9w" data-testid="product-brand">Silk</p><h3 class="chakra-heading css-6qrhwc" id="20555265001_EA" data-testid="product-title">Almond Beverage, Unsweetened, Vanilla Flavour, Dairy-Free, Shelf Stable</h3><p class="chakra-text css-1yftjin" data-testid="product-package-size">946 ml, $0.32/100ml</p></div></a><div class="css-8keand"></div></div><div class="css-1q5omjq"><div class="css-fcebb8"><div data-testid="atc-compact" class="css-y94ivq" style="width: 45px;"><button type="button" class="chakra-button css-mudsm6" data-testid="atc-button"><svg stroke="currentColor" fill="currentColor" stroke-width="0" viewBox="0 0 24 24" focusable="false" class="chakra-icon css-1g3sp7a" data-testid="btn-icon" aria-hidden="true" height="1em" width="1em" xmlns="http://www.w3.org/2000/svg"><path d="M19 13h-6v6h-2v-6H5v-2h6V5h2v6h6v2z"></path></svg><span class="css-idkz9h">Add Almond Beverage, Unsweetened, Vanilla Flavour, Dairy-Free, Shelf Stable to cart</span></button></div></div><div class="css-4saf4a"><p class="chakra-text css-py8788" data-testid="inventory-badge-text">Low Stock</p></div></div></div></div></div><div class="css-0"><div class="css-f5i5wc"><div class="chakra-linkbox css-vhnn8v"><div data-testid="product-image" class="css-16dr4ly"><img alt="So Fresh Oat Beverage, Vanilla 946 ml, $0.29/100ml" src="https://assets.shop.loblaws.ca/products/21108254/b3/en/front/21108254_front_a06_@2.png" srcset="https://assets.shop.loblaws.ca/products/21108254/b3/en/front/21108254_front_a06_@2.png 1x, https://assets.shop.loblaws.ca/products/21108254/b3/en/front/21108254_front_a06_@2.png 2x" loading="lazy" class="chakra-image css-oguq8l" aria-hidden="true"></div><div class="css-qoklea"><div class="css-12dchmx"></div><div data-testid="price-product-tile" class="css-8atqhb"><p class="chakra-text css-0"><span class="chakra-text css-o93gbd" data-testid="sale-price"><span class="css-idkz9h">$2.79</span>$2.79</span><span class="chakra-text css-623q5h" data-testid="was-price"><span class="css-idkz9h">$3.29</span>$3.29</span></p><p class="chakra-text css-1m5a6y8" data-testid="price-descriptor">SAVE $0.50</p></div><a href="/oat-beverage-vanilla/p/21108254_EA?source=nspt" class="chakra-linkbox__overlay css-1hnz6hu"><div class="css-0"><p class="chakra-text css-1ecdp9w" data-testid="product-brand">So Fresh</p><h3 class="chakra-heading css-6qrhwc" id="21108254_EA" data-testid="product-title">Oat Beverage, Vanilla</h3><p class="chakra-text css-1yftjin" data-testid="product-package-size">946 ml, $0.29/100ml</p></div></a><div class="css-8keand"></div></div><div class="css-1q5omjq"><div class="css-fcebb8"><div data-testid="atc-compact" class="css-y94ivq" style="width: 45px;"><button type="button" class="chakra-button css-mudsm6" data-testid="atc-button"><svg stroke="currentColor" fill="currentColor" stroke-width="0" viewBox="0 0 24 24" focusable="false" class="chakra-icon css-1g3sp7a" data-testid="btn-icon" aria-hidden="true" height="1em" width="1em" xmlns="http://www.w3.org/2000/svg"><path d="M19 13h-6v6h-2v-6H5v-2h6V5h2v6h6v2z"></path></svg><span class="css-idkz9h">Add Oat Beverage, Vanilla to cart</span></button></div></div></div></div></div></div><div class="css-0"><div class="css-f5i5wc"><div class="chakra-linkbox css-vhnn8v"><div data-testid="product-image" class="css-16dr4ly"><img alt="So Nice  Soy Barista  946 ml, $0.35/100ml" src="https://assets.shop.loblaws.ca/products/20666187/b3/en/front/20666187_front_a06_@2.png" srcset="https://assets.shop.loblaws.ca/products/20666187/b3/en/front/20666187_front_a06_@2.png 1x, https://assets.shop.loblaws.ca/products/20666187/b3/en/front/20666187_front_a06_@2.png 2x" loading="lazy" class="chakra-image css-oguq8l" aria-hidden="true"></div><div class="css-qoklea"><div class="css-12dchmx"></div><div data-testid="price-product-tile" class="css-8atqhb"><p class="chakra-text css-0"><span class="chakra-text css-pwnbcb" data-testid="regular-price"><span class="css-idkz9h">$3.29</span>$3.29</span></p></div><a href="/soy-barista/p/20666187_EA?source=nspt" class="chakra-linkbox__overlay css-1hnz6hu"><div class="css-0"><p class="chakra-text css-1ecdp9w" data-testid="product-brand">So Nice</p><h3 class="chakra-heading css-6qrhwc" id="20666187_EA" data-testid="product-title"> Soy Barista </h3><p class="chakra-text css-1yftjin" data-testid="product-package-size">946 ml, $0.35/100ml</p></div></a><div class="css-8keand"></div></div><div class="css-1q5omjq"><div class="css-fcebb8"><div data-testid="atc-compact" class="css-y94ivq" style="width: 45px;"><button type="button" class="chakra-button css-mudsm6" data-testid="atc-button"><svg stroke="currentColor" fill="currentColor" stroke-width="0" viewBox="0 0 24 24" focusable="false" class="chakra-icon css-1g3sp7a" data-testid="btn-icon" aria-hidden="true" height="1em" width="1em" xmlns="http://www.w3.org/2000/svg"><path d="M19 13h-6v6h-2v-6H5v-2h6V5h2v6h6v2z"></path></svg><span class="css-idkz9h">Add  Soy Barista  to cart</span></button></div></div></div></div></div></div><div class="css-0"><div class="css-f5i5wc"><div class="chakra-linkbox css-vhnn8v"><div data-testid="product-image" class="css-16dr4ly"><img alt="Earths Own Almond Beverage, Unsweetened Vanilla 1.89 l, $0.21/100ml" src="https://assets.shop.loblaws.ca/products/20913872/b3/en/front/20913872_front_a06_@2.png" srcset="https://assets.shop.loblaws.ca/products/20913872/b3/en/front/20913872_front_a06_@2.png 1x, https://assets.shop.loblaws.ca/products/20913872/b3/en/front/20913872_front_a06_@2.png 2x" loading="lazy" class="chakra-image css-oguq8l" aria-hidden="true"></div><div class="css-qoklea"><div class="css-12dchmx"></div><div data-testid="price-product-tile" class="css-8atqhb"><p class="chakra-text css-0"><span class="chakra-text css-pwnbcb" data-testid="regular-price"><span class="css-idkz9h">$4.00</span>$4.00</span></p></div><a href="/almond-beverage-unsweetened-vanilla/p/20913872_EA?source=nspt" class="chakra-linkbox__overlay css-1hnz6hu"><div class="css-0"><p class="chakra-text css-1ecdp9w" data-testid="product-brand">Earths Own</p><h3 class="chakra-heading css-6qrhwc" id="20913872_EA" data-testid="product-title">Almond Beverage, Unsweetened Vanilla</h3><p class="chakra-text css-1yftjin" data-testid="product-package-size">1.89 l, $0.21/100ml</p></div></a><div class="css-8keand"></div></div><div class="css-1q5omjq"><div class="css-fcebb8"><div data-testid="atc-compact" class="css-y94ivq" style="width: 45px;"><button type="button" class="chakra-button css-mudsm6" data-testid="atc-button"><svg stroke="currentColor" fill="currentColor" stroke-width="0" viewBox="0 0 24 24" focusable="false" class="chakra-icon css-1g3sp7a" data-testid="btn-icon" aria-hidden="true" height="1em" width="1em" xmlns="http://www.w3.org/2000/svg"><path d="M19 13h-6v6h-2v-6H5v-2h6V5h2v6h6v2z"></path></svg><span class="css-idkz9h">Add Almond Beverage, Unsweetened Vanilla to cart</span></button></div></div></div></div></div></div><div class="css-0"><div class="css-f5i5wc"><div class="chakra-linkbox css-vhnn8v"><div data-testid="product-image" class="css-16dr4ly"><img alt="Natura Organic Soy Beverage, Enriched Vanilla 946 ml, $0.29/100ml" src="https://assets.shop.loblaws.ca/products/20311173003/b3/en/front/20311173003_front_a06_@2.png" srcset="https://assets.shop.loblaws.ca/products/20311173003/b3/en/front/20311173003_front_a06_@2.png 1x, https://assets.shop.loblaws.ca/products/20311173003/b3/en/front/20311173003_front_a06_@2.png 2x" loading="lazy" class="chakra-image css-oguq8l" aria-hidden="true"></div><div class="css-qoklea"><div class="css-12dchmx"></div><div data-testid="price-product-tile" class="css-8atqhb"><p class="chakra-text css-0"><span class="chakra-text css-pwnbcb" data-testid="regular-price"><span class="css-idkz9h">$2.79</span>$2.79</span></p></div><a href="/organic-soy-beverage-enriched-vanilla/p/20311173003_EA?source=nspt" class="chakra-linkbox__overlay css-1hnz6hu"><div class="css-0"><p class="chakra-text css-1ecdp9w" data-testid="product-brand">Natura</p><h3 class="chakra-heading css-6qrhwc" id="20311173003_EA" data-testid="product-title">Organic Soy Beverage, Enriched Vanilla</h3><p class="chakra-text css-1yftjin" data-testid="product-package-size">946 ml, $0.29/100ml</p></div></a><div class="css-8keand"></div></div><div class="css-1q5omjq"><div class="css-fcebb8"><div data-testid="atc-compact" class="css-y94ivq" style="width: 45px;"><button type="button" class="chakra-button css-mudsm6" data-testid="atc-button"><svg stroke="currentColor" fill="currentColor" stroke-width="0" viewBox="0 0 24 24" focusable="false" class="chakra-icon css-1g3sp7a" data-testid="btn-icon" aria-hidden="true" height="1em" width="1em" xmlns="http://www.w3.org/2000/svg"><path d="M19 13h-6v6h-2v-6H5v-2h6V5h2v6h6v2z"></path></svg><span class="css-idkz9h">Add Organic Soy Beverage, Enriched Vanilla to cart</span></button></div></div></div></div></div></div><div class="css-0"><div class="css-f5i5wc"><div class="chakra-linkbox css-vhnn8v"><div data-testid="product-image" class="css-16dr4ly"><img alt="Blue Diamond Almond Breeze, Original 946 ml, $0.37/100ml" src="https://assets.shop.loblaws.ca/products/20107219003/b3/en/front/20107219003_front_a06_@2.png" srcset="https://assets.shop.loblaws.ca/products/20107219003/b3/en/front/20107219003_front_a06_@2.png 1x, https://assets.shop.loblaws.ca/products/20107219003/b3/en/front/20107219003_front_a06_@2.png 2x" loading="lazy" class="chakra-image css-oguq8l" aria-hidden="true"></div><div class="css-qoklea"><div class="css-12dchmx"></div><div data-testid="price-product-tile" class="css-8atqhb"><p class="chakra-text css-0"><span class="chakra-text css-pwnbcb" data-testid="regular-price"><span class="css-idkz9h">$3.49</span>$3.49</span></p></div><a href="/almond-breeze-original/p/20107219003_EA?source=nspt" class="chakra-linkbox__overlay css-1hnz6hu"><div class="css-0"><p class="chakra-text css-1ecdp9w" data-testid="product-brand">Blue Diamond</p><h3 class="chakra-heading css-6qrhwc" id="20107219003_EA" data-testid="product-title">Almond Breeze, Original</h3><p class="chakra-text css-1yftjin" data-testid="product-package-size">946 ml, $0.37/100ml</p></div></a><div class="css-8keand"></div></div><div class="css-1q5omjq"><div class="css-fcebb8"><div data-testid="atc-compact" class="css-y94ivq" style="width: 45px;"><button type="button" class="chakra-button css-mudsm6" data-testid="atc-button"><svg stroke="currentColor" fill="currentColor" stroke-width="0" viewBox="0 0 24 24" focusable="false" class="chakra-icon css-1g3sp7a" data-testid="btn-icon" aria-hidden="true" height="1em" width="1em" xmlns="http://www.w3.org/2000/svg"><path d="M19 13h-6v6h-2v-6H5v-2h6V5h2v6h6v2z"></path></svg><span class="css-idkz9h">Add Almond Breeze, Original to cart</span></button></div></div></div></div></div></div><div class="css-0"><div class="css-f5i5wc"><div class="chakra-linkbox css-vhnn8v"><div data-testid="product-image" class="css-16dr4ly"><img alt="Earths Own Almond Beverage, Original  1.89 l, $0.21/100ml" src="https://assets.shop.loblaws.ca/products/20299698001/b3/en/front/20299698001_front_a06_@2.png" srcset="https://assets.shop.loblaws.ca/products/20299698001/b3/en/front/20299698001_front_a06_@2.png 1x, https://assets.shop.loblaws.ca/products/20299698001/b3/en/front/20299698001_front_a06_@2.png 2x" loading="lazy" class="chakra-image css-oguq8l" aria-hidden="true"></div><div class="css-qoklea"><div class="css-12dchmx"></div><div data-testid="price-product-tile" class="css-8atqhb"><p class="chakra-text css-0"><span class="chakra-text css-pwnbcb" data-testid="regular-price"><span class="css-idkz9h">$4.00</span>$4.00</span></p></div><a href="/almond-beverage-original/p/20299698001_EA?source=nspt" class="chakra-linkbox__overlay css-1hnz6hu"><div class="css-0"><p class="chakra-text css-1ecdp9w" data-testid="product-brand">Earths Own</p><h3 class="chakra-heading css-6qrhwc" id="20299698001_EA" data-testid="product-title">Almond Beverage, Original </h3><p class="chakra-text css-1yftjin" data-testid="product-package-size">1.89 l, $0.21/100ml</p></div></a><div class="css-8keand"></div></div><div class="css-1q5omjq"><div class="css-fcebb8"><div data-testid="atc-compact" class="css-y94ivq" style="width: 45px;"><button disabled="" type="button" class="chakra-button css-mudsm6" data-testid="atc-button"><svg stroke="currentColor" fill="currentColor" stroke-width="0" viewBox="0 0 24 24" focusable="false" class="chakra-icon css-1g3sp7a" data-testid="btn-icon" aria-hidden="true" height="1em" width="1em" xmlns="http://www.w3.org/2000/svg"><path d="M19 13h-6v6h-2v-6H5v-2h6V5h2v6h6v2z"></path></svg><span class="css-idkz9h">Add Almond Beverage, Original  to cart</span></button></div></div><div class="css-4saf4a"><p class="chakra-text css-py8788" data-testid="inventory-badge-text">Out of Stock</p></div></div></div></div></div><div class="css-0"><div class="css-f5i5wc"><div class="chakra-linkbox css-vhnn8v"><div data-testid="product-image" class="css-16dr4ly"><img alt="Oatly Barista Oat Drink, Original 946 ml, $0.63/100ml" src="https://assets.shop.loblaws.ca/products/21561119/b3/en/front/21561119_front_a06_@2.png" srcset="https://assets.shop.loblaws.ca/products/21561119/b3/en/front/21561119_front_a06_@2.png 1x, https://assets.shop.loblaws.ca/products/21561119/b3/en/front/21561119_front_a06_@2.png 2x" loading="lazy" class="chakra-image css-oguq8l" aria-hidden="true"></div><div class="css-qoklea"><div class="css-12dchmx"></div><div data-testid="price-product-tile" class="css-8atqhb"><p class="chakra-text css-0"><span class="chakra-text css-pwnbcb" data-testid="regular-price"><span class="css-idkz9h">$5.99</span>$5.99</span></p></div><a href="/barista-oat-drink-original/p/21561119_EA?source=nspt" class="chakra-linkbox__overlay css-1hnz6hu"><div class="css-0"><p class="chakra-text css-1ecdp9w" data-testid="product-brand">Oatly</p><h3 class="chakra-heading css-6qrhwc" id="21561119_EA" data-testid="product-title">Barista Oat Drink, Original</h3><p class="chakra-text css-1yftjin" data-testid="product-package-size">946 ml, $0.63/100ml</p></div></a><div class="css-8keand"></div></div><div class="css-1q5omjq"><div class="css-fcebb8"><div data-testid="atc-compact" class="css-y94ivq" style="width: 45px;"><button type="button" class="chakra-button css-mudsm6" data-testid="atc-button"><svg stroke="currentColor" fill="currentColor" stroke-width="0" viewBox="0 0 24 24" focusable="false" class="chakra-icon css-1g3sp7a" data-testid="btn-icon" aria-hidden="true" height="1em" width="1em" xmlns="http://www.w3.org/2000/svg"><path d="M19 13h-6v6h-2v-6H5v-2h6V5h2v6h6v2z"></path></svg><span class="css-idkz9h">Add Barista Oat Drink, Original to cart</span></button></div></div></div></div></div></div><div class="css-0"><div class="css-f5i5wc"><div class="chakra-linkbox css-vhnn8v"><div data-testid="product-image" class="css-16dr4ly"><img alt="Natura Natur-A  Rice Original 946 ml, $0.29/100ml" src="https://assets.shop.loblaws.ca/products/20122818001/b3/en/front/20122818001_front_a06_@2.png" srcset="https://assets.shop.loblaws.ca/products/20122818001/b3/en/front/20122818001_front_a06_@2.png 1x, https://assets.shop.loblaws.ca/products/20122818001/b3/en/front/20122818001_front_a06_@2.png 2x" loading="lazy" class="chakra-image css-oguq8l" aria-hidden="true"></div><div class="css-qoklea"><div class="css-12dchmx"></div><div data-testid="price-product-tile" class="css-8atqhb"><p class="chakra-text css-0"><span class="chakra-text css-pwnbcb" data-testid="regular-price"><span class="css-idkz9h">$2.79</span>$2.79</span></p></div><a href="/natur-a-rice-original/p/20122818001_EA?source=nspt" class="chakra-linkbox__overlay css-1hnz6hu"><div class="css-0"><p class="chakra-text css-1ecdp9w" data-testid="product-brand">Natura</p><h3 class="chakra-heading css-6qrhwc" id="20122818001_EA" data-testid="product-title">Natur-A  Rice Original</h3><p class="chakra-text css-1yftjin" data-testid="product-package-size">946 ml, $0.29/100ml</p></div></a><div class="css-8keand"></div></div><div class="css-1q5omjq"><div class="css-fcebb8"><div data-testid="atc-compact" class="css-y94ivq" style="width: 45px;"><button type="button" class="chakra-button css-mudsm6" data-testid="atc-button"><svg stroke="currentColor" fill="currentColor" stroke-width="0" viewBox="0 0 24 24" focusable="false" class="chakra-icon css-1g3sp7a" data-testid="btn-icon" aria-hidden="true" height="1em" width="1em" xmlns="http://www.w3.org/2000/svg"><path d="M19 13h-6v6h-2v-6H5v-2h6V5h2v6h6v2z"></path></svg><span class="css-idkz9h">Add Natur-A  Rice Original to cart</span></button></div></div></div></div></div></div><div class="css-0"><div class="css-f5i5wc"><div class="chakra-linkbox css-vhnn8v"><div data-testid="product-image" class="css-16dr4ly"><img alt="Silk Almond Beverage, Unsweetened Original, Dairy-Free 6x946.0 ml, $0.23/100g" src="https://assets.shop.loblaws.ca/products/21309855/b3/en/front/21309855_front_a06_@2.png" srcset="https://assets.shop.loblaws.ca/products/21309855/b3/en/front/21309855_front_a06_@2.png 1x, https://assets.shop.loblaws.ca/products/21309855/b3/en/front/21309855_front_a06_@2.png 2x" loading="lazy" class="chakra-image css-oguq8l" aria-hidden="true"></div><div class="css-qoklea"><div class="css-12dchmx"></div><div data-testid="price-product-tile" class="css-8atqhb"><p class="chakra-text css-0"><span class="chakra-text css-pwnbcb" data-testid="regular-price"><span class="css-idkz9h">$12.99</span>$12.99</span></p></div><a href="/almond-beverage-unsweetened-original-dairy-free/p/21309855_C01?source=nspt" class="chakra-linkbox__overlay css-1hnz6hu"><div class="css-0"><p class="chakra-text css-1ecdp9w" data-testid="product-brand">Silk</p><h3 class="chakra-heading css-6qrhwc" id="21309855_C01" data-testid="product-title">Almond Beverage, Unsweetened Original, Dairy-Free</h3><p class="chakra-text css-1yftjin" data-testid="product-package-size">6x946.0 ml, $0.23/100g</p></div></a><div class="css-8keand"></div></div><div class="css-1q5omjq"><div class="css-fcebb8"><div data-testid="atc-compact" class="css-y94ivq" style="width: 45px;"><button type="button" class="chakra-button css-mudsm6" data-testid="atc-button"><svg stroke="currentColor" fill="currentColor" stroke-width="0" viewBox="0 0 24 24" focusable="false" class="chakra-icon css-1g3sp7a" data-testid="btn-icon" aria-hidden="true" height="1em" width="1em" xmlns="http://www.w3.org/2000/svg"><path d="M19 13h-6v6h-2v-6H5v-2h6V5h2v6h6v2z"></path></svg><span class="css-idkz9h">Add Almond Beverage, Unsweetened Original, Dairy-Free to cart</span></button></div></div></div></div></div></div><div class="css-0"><div class="css-f5i5wc"><div class="chakra-linkbox css-vhnn8v"><div data-testid="product-image" class="css-16dr4ly"><img alt="Earths Own Almond Beverage, Vanilla 1.89 l, $0.21/100ml" src="https://assets.shop.loblaws.ca/products/20299698002/b3/en/front/20299698002_front_a06_@2.png" srcset="https://assets.shop.loblaws.ca/products/20299698002/b3/en/front/20299698002_front_a06_@2.png 1x, https://assets.shop.loblaws.ca/products/20299698002/b3/en/front/20299698002_front_a06_@2.png 2x" loading="lazy" class="chakra-image css-oguq8l" aria-hidden="true"></div><div class="css-qoklea"><div class="css-12dchmx"></div><div data-testid="price-product-tile" class="css-8atqhb"><p class="chakra-text css-0"><span class="chakra-text css-pwnbcb" data-testid="regular-price"><span class="css-idkz9h">$4.00</span>$4.00</span></p></div><a href="/almond-beverage-vanilla/p/20299698002_EA?source=nspt" class="chakra-linkbox__overlay css-1hnz6hu"><div class="css-0"><p class="chakra-text css-1ecdp9w" data-testid="product-brand">Earths Own</p><h3 class="chakra-heading css-6qrhwc" id="20299698002_EA" data-testid="product-title">Almond Beverage, Vanilla</h3><p class="chakra-text css-1yftjin" data-testid="product-package-size">1.89 l, $0.21/100ml</p></div></a><div class="css-8keand"></div></div><div class="css-1q5omjq"><div class="css-fcebb8"><div data-testid="atc-compact" class="css-y94ivq" style="width: 45px;"><button type="button" class="chakra-button css-mudsm6" data-testid="atc-button"><svg stroke="currentColor" fill="currentColor" stroke-width="0" viewBox="0 0 24 24" focusable="false" class="chakra-icon css-1g3sp7a" data-testid="btn-icon" aria-hidden="true" height="1em" width="1em" xmlns="http://www.w3.org/2000/svg"><path d="M19 13h-6v6h-2v-6H5v-2h6V5h2v6h6v2z"></path></svg><span class="css-idkz9h">Add Almond Beverage, Vanilla to cart</span></button></div></div></div></div></div></div><div class="css-0"><div class="css-f5i5wc"><div class="chakra-linkbox css-vhnn8v"><div data-testid="product-image" class="css-16dr4ly"><img alt="Earths Own Oat Beverage, Chocolate 946 ml, $0.29/100ml" src="https://assets.shop.loblaws.ca/products/21312346/b3/en/front/21312346_front_a06_@2.png" srcset="https://assets.shop.loblaws.ca/products/21312346/b3/en/front/21312346_front_a06_@2.png 1x, https://assets.shop.loblaws.ca/products/21312346/b3/en/front/21312346_front_a06_@2.png 2x" loading="lazy" class="chakra-image css-oguq8l" aria-hidden="true"></div><div class="css-qoklea"><div class="css-12dchmx"></div><div data-testid="price-product-tile" class="css-8atqhb"><p class="chakra-text css-0"><span class="chakra-text css-o93gbd" data-testid="sale-price"><span class="css-idkz9h">$2.79</span>$2.79</span><span class="chakra-text css-623q5h" data-testid="was-price"><span class="css-idkz9h">$3.29</span>$3.29</span></p><p class="chakra-text css-1m5a6y8" data-testid="price-descriptor">SAVE $0.50</p></div><a href="/oat-beverage-chocolate/p/21312346_EA?source=nspt" class="chakra-linkbox__overlay css-1hnz6hu"><div class="css-0"><p class="chakra-text css-1ecdp9w" data-testid="product-brand">Earths Own</p><h3 class="chakra-heading css-6qrhwc" id="21312346_EA" data-testid="product-title">Oat Beverage, Chocolate</h3><p class="chakra-text css-1yftjin" data-testid="product-package-size">946 ml, $0.29/100ml</p></div></a><div class="css-8keand"></div></div><div class="css-1q5omjq"><div class="css-fcebb8"><div data-testid="atc-compact" class="css-y94ivq" style="width: 45px;"><button type="button" class="chakra-button css-mudsm6" data-testid="atc-button"><svg stroke="currentColor" fill="currentColor" stroke-width="0" viewBox="0 0 24 24" focusable="false" class="chakra-icon css-1g3sp7a" data-testid="btn-icon" aria-hidden="true" height="1em" width="1em" xmlns="http://www.w3.org/2000/svg"><path d="M19 13h-6v6h-2v-6H5v-2h6V5h2v6h6v2z"></path></svg><span class="css-idkz9h">Add Oat Beverage, Chocolate to cart</span></button></div></div></div></div></div></div><div class="css-0"><div class="css-f5i5wc"><div class="chakra-linkbox css-vhnn8v"><div data-testid="product-image" class="css-16dr4ly"><img alt="Blue Diamond Almond Breeze, Vanilla 946 ml, $0.37/100ml" src="https://assets.shop.loblaws.ca/products/20107219001/b3/en/front/20107219001_front_a06_@2.png" srcset="https://assets.shop.loblaws.ca/products/20107219001/b3/en/front/20107219001_front_a06_@2.png 1x, https://assets.shop.loblaws.ca/products/20107219001/b3/en/front/20107219001_front_a06_@2.png 2x" loading="lazy" class="chakra-image css-oguq8l" aria-hidden="true"></div><div class="css-qoklea"><div class="css-12dchmx"></div><div data-testid="price-product-tile" class="css-8atqhb"><p class="chakra-text css-0"><span class="chakra-text css-pwnbcb" data-testid="regular-price"><span class="css-idkz9h">$3.49</span>$3.49</span></p></div><a href="/almond-breeze-vanilla/p/20107219001_EA?source=nspt" class="chakra-linkbox__overlay css-1hnz6hu"><div class="css-0"><p class="chakra-text css-1ecdp9w" data-testid="product-brand">Blue Diamond</p><h3 class="chakra-heading css-6qrhwc" id="20107219001_EA" data-testid="product-title">Almond Breeze, Vanilla</h3><p class="chakra-text css-1yftjin" data-testid="product-package-size">946 ml, $0.37/100ml</p></div></a><div class="css-8keand"></div></div><div class="css-1q5omjq"><div class="css-fcebb8"><div data-testid="atc-compact" class="css-y94ivq" style="width: 45px;"><button type="button" class="chakra-button css-mudsm6" data-testid="atc-button"><svg stroke="currentColor" fill="currentColor" stroke-width="0" viewBox="0 0 24 24" focusable="false" class="chakra-icon css-1g3sp7a" data-testid="btn-icon" aria-hidden="true" height="1em" width="1em" xmlns="http://www.w3.org/2000/svg"><path d="M19 13h-6v6h-2v-6H5v-2h6V5h2v6h6v2z"></path></svg><span class="css-idkz9h">Add Almond Breeze, Vanilla to cart</span></button></div></div></div></div></div></div><div class="css-0"><div class="css-f5i5wc"><div class="chakra-linkbox css-vhnn8v"><div data-testid="product-image" class="css-16dr4ly"><img alt="Earths Own Oat Beverage, Chocolate 1.75 l, $0.26/100ml" src="https://assets.shop.loblaws.ca/products/21179354/b3/en/front/21179354_front_a06_@2.png" srcset="https://assets.shop.loblaws.ca/products/21179354/b3/en/front/21179354_front_a06_@2.png 1x, https://assets.shop.loblaws.ca/products/21179354/b3/en/front/21179354_front_a06_@2.png 2x" loading="lazy" class="chakra-image css-oguq8l" aria-hidden="true"></div><div class="css-qoklea"><div class="css-12dchmx"></div><div data-testid="price-product-tile" class="css-8atqhb"><p class="chakra-text css-0"><span class="chakra-text css-pwnbcb" data-testid="regular-price"><span class="css-idkz9h">$4.49</span>$4.49</span></p></div><a href="/oat-beverage-chocolate/p/21179354_EA?source=nspt" class="chakra-linkbox__overlay css-1hnz6hu"><div class="css-0"><p class="chakra-text css-1ecdp9w" data-testid="product-brand">Earths Own</p><h3 class="chakra-heading css-6qrhwc" id="21179354_EA" data-testid="product-title">Oat Beverage, Chocolate</h3><p class="chakra-text css-1yftjin" data-testid="product-package-size">1.75 l, $0.26/100ml</p></div></a><div class="css-8keand"></div></div><div class="css-1q5omjq"><div class="css-fcebb8"><div data-testid="atc-compact" class="css-y94ivq" style="width: 45px;"><button type="button" class="chakra-button css-mudsm6" data-testid="atc-button"><svg stroke="currentColor" fill="currentColor" stroke-width="0" viewBox="0 0 24 24" focusable="false" class="chakra-icon css-1g3sp7a" data-testid="btn-icon" aria-hidden="true" height="1em" width="1em" xmlns="http://www.w3.org/2000/svg"><path d="M19 13h-6v6h-2v-6H5v-2h6V5h2v6h6v2z"></path></svg><span class="css-idkz9h">Add Oat Beverage, Chocolate to cart</span></button></div></div></div></div></div></div><div class="css-0"><div class="css-f5i5wc"><div class="chakra-linkbox css-vhnn8v"><div data-testid="product-image" class="css-16dr4ly"><img alt="Oatly Oat Drink, Extra Creamy 946 ml, $0.58/100ml" src="https://assets.shop.loblaws.ca/products/21561135/b3/en/front/21561135_front_a06_@2.png" srcset="https://assets.shop.loblaws.ca/products/21561135/b3/en/front/21561135_front_a06_@2.png 1x, https://assets.shop.loblaws.ca/products/21561135/b3/en/front/21561135_front_a06_@2.png 2x" loading="lazy" class="chakra-image css-oguq8l" aria-hidden="true"></div><div class="css-qoklea"><div class="css-12dchmx"></div><div data-testid="price-product-tile" class="css-8atqhb"><p class="chakra-text css-0"><span class="chakra-text css-pwnbcb" data-testid="regular-price"><span class="css-idkz9h">$5.49</span>$5.49</span></p></div><a href="/oat-drink-extra-creamy/p/21561135_EA?source=nspt" class="chakra-linkbox__overlay css-1hnz6hu"><div class="css-0"><p class="chakra-text css-1ecdp9w" data-testid="product-brand">Oatly</p><h3 class="chakra-heading css-6qrhwc" id="21561135_EA" data-testid="product-title">Oat Drink, Extra Creamy</h3><p class="chakra-text css-1yftjin" data-testid="product-package-size">946 ml, $0.58/100ml</p></div></a><div class="css-8keand"></div></div><div class="css-1q5omjq"><div class="css-fcebb8"><div data-testid="atc-compact" class="css-y94ivq" style="width: 45px;"><button type="button" class="chakra-button css-mudsm6" data-testid="atc-button"><svg stroke="currentColor" fill="currentColor" stroke-width="0" viewBox="0 0 24 24" focusable="false" class="chakra-icon css-1g3sp7a" data-testid="btn-icon" aria-hidden="true" height="1em" width="1em" xmlns="http://www.w3.org/2000/svg"><path d="M19 13h-6v6h-2v-6H5v-2h6V5h2v6h6v2z"></path></svg><span class="css-idkz9h">Add Oat Drink, Extra Creamy to cart</span></button></div></div></div></div></div></div><div class="css-0"><div class="css-f5i5wc"><div class="chakra-linkbox css-vhnn8v"><div data-testid="product-image" class="css-16dr4ly"><img alt="Silk Organic Soy Beverage, Vanilla Flavour, Dairy-Free 1.89 l, $0.25/100ml" src="https://assets.shop.loblaws.ca/products/20124384002/b3/en/front/20124384002_front_a06_@2.png" srcset="https://assets.shop.loblaws.ca/products/20124384002/b3/en/front/20124384002_front_a06_@2.png 1x, https://assets.shop.loblaws.ca/products/20124384002/b3/en/front/20124384002_front_a06_@2.png 2x" loading="lazy" class="chakra-image css-oguq8l" aria-hidden="true"></div><div class="css-qoklea"><div class="css-12dchmx"></div><div data-testid="price-product-tile" class="css-8atqhb"><p class="chakra-text css-0"><span class="chakra-text css-pwnbcb" data-testid="regular-price"><span class="css-idkz9h">$4.79</span>$4.79</span></p></div><a href="/organic-soy-beverage-vanilla-flavour-dairy-free/p/20124384002_EA?source=nspt" class="chakra-linkbox__overlay css-1hnz6hu"><div class="css-0"><p class="chakra-text css-1ecdp9w" data-testid="product-brand">Silk</p><h3 class="chakra-heading css-6qrhwc" id="20124384002_EA" data-testid="product-title">Organic Soy Beverage, Vanilla Flavour, Dairy-Free</h3><p class="chakra-text css-1yftjin" data-testid="product-package-size">1.89 l, $0.25/100ml</p></div></a><div class="css-8keand"></div></div><div class="css-1q5omjq"><div class="css-fcebb8"><div data-testid="atc-compact" class="css-y94ivq" style="width: 45px;"><button type="button" class="chakra-button css-mudsm6" data-testid="atc-button"><svg stroke="currentColor" fill="currentColor" stroke-width="0" viewBox="0 0 24 24" focusable="false" class="chakra-icon css-1g3sp7a" data-testid="btn-icon" aria-hidden="true" height="1em" width="1em" xmlns="http://www.w3.org/2000/svg"><path d="M19 13h-6v6h-2v-6H5v-2h6V5h2v6h6v2z"></path></svg><span class="css-idkz9h">Add Organic Soy Beverage, Vanilla Flavour, Dairy-Free to cart</span></button></div></div></div></div></div></div><div class="css-0"><div class="css-f5i5wc"><div class="chakra-linkbox css-vhnn8v"><div data-testid="product-image" class="css-16dr4ly"><img alt="Silk Creamy Cashew Beverage, Unsweetened, Vanilla Flavour 1.89 l, $0.25/100ml" src="https://assets.shop.loblaws.ca/products/20914285/b3/en/front/20914285_front_a06_@2.png" srcset="https://assets.shop.loblaws.ca/products/20914285/b3/en/front/20914285_front_a06_@2.png 1x, https://assets.shop.loblaws.ca/products/20914285/b3/en/front/20914285_front_a06_@2.png 2x" loading="lazy" class="chakra-image css-oguq8l" aria-hidden="true"></div><div class="css-qoklea"><div class="css-12dchmx"></div><div data-testid="price-product-tile" class="css-8atqhb"><p class="chakra-text css-0"><span class="chakra-text css-pwnbcb" data-testid="regular-price"><span class="css-idkz9h">$4.79</span>$4.79</span></p></div><a href="/creamy-cashew-beverage-unsweetened-vanilla-flavour/p/20914285_EA?source=nspt" class="chakra-linkbox__overlay css-1hnz6hu"><div class="css-0"><p class="chakra-text css-1ecdp9w" data-testid="product-brand">Silk</p><h3 class="chakra-heading css-6qrhwc" id="20914285_EA" data-testid="product-title">Creamy Cashew Beverage, Unsweetened, Vanilla Flavour</h3><p class="chakra-text css-1yftjin" data-testid="product-package-size">1.89 l, $0.25/100ml</p></div></a><div class="css-8keand"></div></div><div class="css-1q5omjq"><div class="css-fcebb8"><div data-testid="atc-compact" class="css-y94ivq" style="width: 45px;"><button type="button" class="chakra-button css-mudsm6" data-testid="atc-button"><svg stroke="currentColor" fill="currentColor" stroke-width="0" viewBox="0 0 24 24" focusable="false" class="chakra-icon css-1g3sp7a" data-testid="btn-icon" aria-hidden="true" height="1em" width="1em" xmlns="http://www.w3.org/2000/svg"><path d="M19 13h-6v6h-2v-6H5v-2h6V5h2v6h6v2z"></path></svg><span class="css-idkz9h">Add Creamy Cashew Beverage, Unsweetened, Vanilla Flavour to cart</span></button></div></div><div class="css-4saf4a"><p class="chakra-text css-py8788" data-testid="inventory-badge-text">Low Stock</p></div></div></div></div></div><div class="css-0"><div class="css-f5i5wc"><div class="chakra-linkbox css-vhnn8v"><div data-testid="product-image" class="css-16dr4ly"><img alt="Earths Own Fortified Gluten-Free Oat Beverage Zero Sugar Unsweetened Vanilla 1.75 l, $0.26/100ml" src="https://assets.shop.loblaws.ca/products/21546544/b3/en/front/21546544_front_a06_@2.png" srcset="https://assets.shop.loblaws.ca/products/21546544/b3/en/front/21546544_front_a06_@2.png 1x, https://assets.shop.loblaws.ca/products/21546544/b3/en/front/21546544_front_a06_@2.png 2x" loading="lazy" class="chakra-image css-oguq8l" aria-hidden="true"></div><div class="css-qoklea"><div class="css-12dchmx"></div><div data-testid="price-product-tile" class="css-8atqhb"><p class="chakra-text css-0"><span class="chakra-text css-pwnbcb" data-testid="regular-price"><span class="css-idkz9h">$4.49</span>$4.49</span></p></div><a href="/fortified-gluten-free-oat-beverage-zero-sugar-unsw/p/21546544_EA?source=nspt" class="chakra-linkbox__overlay css-1hnz6hu"><div class="css-0"><p class="chakra-text css-1ecdp9w" data-testid="product-brand">Earths Own</p><h3 class="chakra-heading css-6qrhwc" id="21546544_EA" data-testid="product-title">Fortified Gluten-Free Oat Beverage Zero Sugar Unsweetened Vanilla</h3><p class="chakra-text css-1yftjin" data-testid="product-package-size">1.75 l, $0.26/100ml</p></div></a><div class="css-8keand"></div></div><div class="css-1q5omjq"><div class="css-fcebb8"><div data-testid="atc-compact" class="css-y94ivq" style="width: 45px;"><button type="button" class="chakra-button css-mudsm6" data-testid="atc-button"><svg stroke="currentColor" fill="currentColor" stroke-width="0" viewBox="0 0 24 24" focusable="false" class="chakra-icon css-1g3sp7a" data-testid="btn-icon" aria-hidden="true" height="1em" width="1em" xmlns="http://www.w3.org/2000/svg"><path d="M19 13h-6v6h-2v-6H5v-2h6V5h2v6h6v2z"></path></svg><span class="css-idkz9h">Add Fortified Gluten-Free Oat Beverage Zero Sugar Unsweetened Vanilla to cart</span></button></div></div></div></div></div></div><div class="css-0"><div class="css-f5i5wc"><div class="chakra-linkbox css-vhnn8v"><div data-testid="product-image" class="css-16dr4ly"><img alt="Natura Natur-A Soy Chocolate Beverage - Mini 3x200.0 ml, $0.58/100ml" src="https://assets.shop.loblaws.ca/products/20283063001/b3/en/front/20283063001_front_a06_@2.png" srcset="https://assets.shop.loblaws.ca/products/20283063001/b3/en/front/20283063001_front_a06_@2.png 1x, https://assets.shop.loblaws.ca/products/20283063001/b3/en/front/20283063001_front_a06_@2.png 2x" loading="lazy" class="chakra-image css-oguq8l" aria-hidden="true"></div><div class="css-qoklea"><div class="css-12dchmx"></div><div data-testid="price-product-tile" class="css-8atqhb"><p class="chakra-text css-0"><span class="chakra-text css-pwnbcb" data-testid="regular-price"><span class="css-idkz9h">$3.49</span>$3.49</span></p></div><a href="/natur-a-soy-chocolate-beverage-mini/p/20283063001_EA?source=nspt" class="chakra-linkbox__overlay css-1hnz6hu"><div class="css-0"><p class="chakra-text css-1ecdp9w" data-testid="product-brand">Natura</p><h3 class="chakra-heading css-6qrhwc" id="20283063001_EA" data-testid="product-title">Natur-A Soy Chocolate Beverage - Mini</h3><p class="chakra-text css-1yftjin" data-testid="product-package-size">3x200.0 ml, $0.58/100ml</p></div></a><div class="css-8keand"></div></div><div class="css-1q5omjq"><div class="css-fcebb8"><div data-testid="atc-compact" class="css-y94ivq" style="width: 45px;"><button type="button" class="chakra-button css-mudsm6" data-testid="atc-button"><svg stroke="currentColor" fill="currentColor" stroke-width="0" viewBox="0 0 24 24" focusable="false" class="chakra-icon css-1g3sp7a" data-testid="btn-icon" aria-hidden="true" height="1em" width="1em" xmlns="http://www.w3.org/2000/svg"><path d="M19 13h-6v6h-2v-6H5v-2h6V5h2v6h6v2z"></path></svg><span class="css-idkz9h">Add Natur-A Soy Chocolate Beverage - Mini to cart</span></button></div></div></div></div></div></div><div class="css-0"><div class="css-f5i5wc"><div class="chakra-linkbox css-vhnn8v"><div data-testid="product-image" class="css-16dr4ly"><img alt="Silk NextMilk Whole Plant-Based Beverage 1.74 l, $0.28/100ml" src="https://assets.shop.loblaws.ca/products/21518871/b3/en/front/21518871_front_a06_@2.png" srcset="https://assets.shop.loblaws.ca/products/21518871/b3/en/front/21518871_front_a06_@2.png 1x, https://assets.shop.loblaws.ca/products/21518871/b3/en/front/21518871_front_a06_@2.png 2x" loading="lazy" class="chakra-image css-oguq8l" aria-hidden="true"></div><div class="css-qoklea"><div class="css-12dchmx"></div><div data-testid="price-product-tile" class="css-8atqhb"><p class="chakra-text css-0"><span class="chakra-text css-pwnbcb" data-testid="regular-price"><span class="css-idkz9h">$4.79</span>$4.79</span></p></div><a href="/nextmilk-whole-plant-based-beverage/p/21518871_EA?source=nspt" class="chakra-linkbox__overlay css-1hnz6hu"><div class="css-0"><p class="chakra-text css-1ecdp9w" data-testid="product-brand">Silk</p><h3 class="chakra-heading css-6qrhwc" id="21518871_EA" data-testid="product-title">NextMilk Whole Plant-Based Beverage</h3><p class="chakra-text css-1yftjin" data-testid="product-package-size">1.74 l, $0.28/100ml</p></div></a><div class="css-8keand"></div></div><div class="css-1q5omjq"><div class="css-fcebb8"><div data-testid="atc-compact" class="css-y94ivq" style="width: 45px;"><button type="button" class="chakra-button css-mudsm6" data-testid="atc-button"><svg stroke="currentColor" fill="currentColor" stroke-width="0" viewBox="0 0 24 24" focusable="false" class="chakra-icon css-1g3sp7a" data-testid="btn-icon" aria-hidden="true" height="1em" width="1em" xmlns="http://www.w3.org/2000/svg"><path d="M19 13h-6v6h-2v-6H5v-2h6V5h2v6h6v2z"></path></svg><span class="css-idkz9h">Add NextMilk Whole Plant-Based Beverage to cart</span></button></div></div><div class="css-4saf4a"><p class="chakra-text css-py8788" data-testid="inventory-badge-text">Low Stock</p></div></div></div></div></div><div class="css-0"><div class="css-f5i5wc"><div class="chakra-linkbox css-vhnn8v"><div data-testid="product-image" class="css-16dr4ly"><img alt="Silk Soy Beverage, Chocolate Flavour, Dairy-Free 1.89 l, $0.25/100ml" src="https://assets.shop.loblaws.ca/products/20124384003/b3/en/front/20124384003_front_a06_@2.png" srcset="https://assets.shop.loblaws.ca/products/20124384003/b3/en/front/20124384003_front_a06_@2.png 1x, https://assets.shop.loblaws.ca/products/20124384003/b3/en/front/20124384003_front_a06_@2.png 2x" loading="lazy" class="chakra-image css-oguq8l" aria-hidden="true"></div><div class="css-qoklea"><div class="css-12dchmx"></div><div data-testid="price-product-tile" class="css-8atqhb"><p class="chakra-text css-0"><span class="chakra-text css-pwnbcb" data-testid="regular-price"><span class="css-idkz9h">$4.79</span>$4.79</span></p></div><a href="/soy-beverage-chocolate-flavour-dairy-free/p/20124384003_EA?source=nspt" class="chakra-linkbox__overlay css-1hnz6hu"><div class="css-0"><p class="chakra-text css-1ecdp9w" data-testid="product-brand">Silk</p><h3 class="chakra-heading css-6qrhwc" id="20124384003_EA" data-testid="product-title">Soy Beverage, Chocolate Flavour, Dairy-Free</h3><p class="chakra-text css-1yftjin" data-testid="product-package-size">1.89 l, $0.25/100ml</p></div></a><div class="css-8keand"></div></div><div class="css-1q5omjq"><div class="css-fcebb8"><div data-testid="atc-compact" class="css-y94ivq" style="width: 45px;"><button type="button" class="chakra-button css-mudsm6" data-testid="atc-button"><svg stroke="currentColor" fill="currentColor" stroke-width="0" viewBox="0 0 24 24" focusable="false" class="chakra-icon css-1g3sp7a" data-testid="btn-icon" aria-hidden="true" height="1em" width="1em" xmlns="http://www.w3.org/2000/svg"><path d="M19 13h-6v6h-2v-6H5v-2h6V5h2v6h6v2z"></path></svg><span class="css-idkz9h">Add Soy Beverage, Chocolate Flavour, Dairy-Free to cart</span></button></div></div></div></div></div></div><div class="css-0"><div class="css-f5i5wc"><div class="chakra-linkbox css-vhnn8v"><div data-testid="product-image" class="css-16dr4ly"><img alt="Earths Own Almond Beverage, Chocolate 1.89 l, $0.21/100ml" src="https://assets.shop.loblaws.ca/products/20299698003/b3/en/front/20299698003_front_a06_@2.png" srcset="https://assets.shop.loblaws.ca/products/20299698003/b3/en/front/20299698003_front_a06_@2.png 1x, https://assets.shop.loblaws.ca/products/20299698003/b3/en/front/20299698003_front_a06_@2.png 2x" loading="lazy" class="chakra-image css-oguq8l" aria-hidden="true"></div><div class="css-qoklea"><div class="css-12dchmx"></div><div data-testid="price-product-tile" class="css-8atqhb"><p class="chakra-text css-0"><span class="chakra-text css-pwnbcb" data-testid="regular-price"><span class="css-idkz9h">$4.00</span>$4.00</span></p></div><a href="/almond-beverage-chocolate/p/20299698003_EA?source=nspt" class="chakra-linkbox__overlay css-1hnz6hu"><div class="css-0"><p class="chakra-text css-1ecdp9w" data-testid="product-brand">Earths Own</p><h3 class="chakra-heading css-6qrhwc" id="20299698003_EA" data-testid="product-title">Almond Beverage, Chocolate</h3><p class="chakra-text css-1yftjin" data-testid="product-package-size">1.89 l, $0.21/100ml</p></div></a><div class="css-8keand"></div></div><div class="css-1q5omjq"><div class="css-fcebb8"><div data-testid="atc-compact" class="css-y94ivq" style="width: 45px;"><button type="button" class="chakra-button css-mudsm6" data-testid="atc-button"><svg stroke="currentColor" fill="currentColor" stroke-width="0" viewBox="0 0 24 24" focusable="false" class="chakra-icon css-1g3sp7a" data-testid="btn-icon" aria-hidden="true" height="1em" width="1em" xmlns="http://www.w3.org/2000/svg"><path d="M19 13h-6v6h-2v-6H5v-2h6V5h2v6h6v2z"></path></svg><span class="css-idkz9h">Add Almond Beverage, Chocolate to cart</span></button></div></div></div></div></div></div></div>