<html lang="en" data-iceberg-theme="nofrills" data-mobile-menu-state="inactive" data-desktop-menu-state="inactive" data-modal-state="inactive" data-drawer-state="inactive" data-media="d2" data-loading-state="false" data-notice="inactive" data-fulfillment-mode-state="inactive" data-is-touch-enabled="false" data-theme="light" style="color-scheme: light;"><head>
        <meta charset="UTF-8">
        
            <meta name="viewport" content="width=device-width,initial-scale=1">
        
        <title>Fresh Vegetables - Shop for Fruits &amp; Vegetables Products Online | nofrills</title>
        <meta name="google-site-verification" content="iEkgK_YdwVZsaq65Q3cQVt5xeImX01iPuhXG1GywFlE">
        
        
            <link rel="preconnect" href="https://data.signalayer.com">
            <link rel="preconnect" href="https://cdn.signalayer.com">
            <link rel="preconnect" href="https://t.signalayer.com">
            <link rel="preconnect" href="https://www.googletagmanager.com">
        
        <link rel="preconnect" href="https://dis-prod.assetful.loblaw.ca">
        <link rel="preconnect" href="https://cdn.contentful.com">
        <link rel="preconnect" href="https://assets.shop.loblaws.ca">
        <link rel="preconnect" href="https://d3rzy2hoo29vi.cloudfront.net">
        <link rel="preconnect" href="https://assets-platform.loblaws.ca">
        
            <link rel="preconnect" href="https://assets.loblaws.ca">
        
        
        <link rel="preload" as="script" href="https://www.nofrills.ca/resources/3e862d1ac69d068b9895865c2c541b29d73075b0f5cc8"><link rel="preload" as="font" crossorigin="crossorigin" type="font/opentype" href="https://assets.loblaws.ca/pcx_bronx_fe_assets/fonts/noir/noirpro-regular.otf" fetchpriority="high">
        <link rel="preload" as="font" crossorigin="crossorigin" type="font/opentype" href="https://assets.loblaws.ca/pcx_bronx_fe_assets/fonts/noir/noirpro-semibold.otf" fetchpriority="high">

        
        <link type="image/x-icon" rel="shortcut icon" href="https://assets.shop.loblaws.ca/ContentMedia/nfr/logos/64x64icon.ico" media="all">
        <link type="image/x-icon" rel="apple-touch-icon" href="https://assets.shop.loblaws.ca/ContentMedia/pvg/icons/pcx_app_icon.jpg">
        <link type="image/x-icon" rel="android-touch-icon" href="https://assets.shop.loblaws.ca/ContentMedia/pvg/icons/pcx_app_icon.jpg">
        <link type="image/x-icon" rel="windows-touch-icon" href="https://assets.shop.loblaws.ca/ContentMedia/pvg/icons/pcx_app_icon.jpg">

        
            
            <script async="" src="https://cdn.moengage.com/webpush/moe_webSdk.min.latest.js"></script><script src="https://connect.facebook.net/signals/config/408759993146884?v=2.9.156&amp;r=stable&amp;domain=www.nofrills.ca&amp;hme=c3a545c63044e8e9102d4f32d84a1137594d024f28e801d670bc76dc5c075575&amp;ex_m=67%2C112%2C99%2C103%2C58%2C3%2C93%2C66%2C15%2C91%2C84%2C49%2C51%2C158%2C161%2C172%2C168%2C169%2C171%2C28%2C94%2C50%2C73%2C170%2C153%2C156%2C165%2C166%2C173%2C121%2C14%2C48%2C178%2C177%2C123%2C17%2C33%2C38%2C1%2C41%2C62%2C63%2C64%2C68%2C88%2C16%2C13%2C90%2C87%2C86%2C100%2C102%2C37%2C101%2C29%2C25%2C154%2C157%2C130%2C27%2C10%2C11%2C12%2C5%2C6%2C24%2C21%2C22%2C54%2C59%2C61%2C71%2C95%2C26%2C72%2C8%2C7%2C76%2C46%2C20%2C97%2C96%2C9%2C19%2C18%2C81%2C53%2C79%2C32%2C70%2C0%2C89%2C31%2C78%2C83%2C45%2C44%2C82%2C36%2C4%2C85%2C77%2C42%2C39%2C34%2C80%2C2%2C35%2C60%2C40%2C98%2C43%2C75%2C65%2C104%2C57%2C56%2C30%2C92%2C55%2C52%2C47%2C74%2C69%2C23%2C105%2C184%2C183%2C185%2C190%2C191%2C192%2C188%2C180%2C122%2C125%2C124%2C150%2C179%2C181%2C113%2C127%2C144%2C135%2C139%2C119%2C174%2C216%2C106%2C117%2C217%2C152%2C110%2C133%2C126%2C114" async=""></script><script src="https://connect.facebook.net/signals/config/611159122717147?v=2.9.156&amp;r=stable&amp;domain=www.nofrills.ca&amp;hme=c3a545c63044e8e9102d4f32d84a1137594d024f28e801d670bc76dc5c075575&amp;ex_m=67%2C112%2C99%2C103%2C58%2C3%2C93%2C66%2C15%2C91%2C84%2C49%2C51%2C158%2C161%2C172%2C168%2C169%2C171%2C28%2C94%2C50%2C73%2C170%2C153%2C156%2C165%2C166%2C173%2C121%2C14%2C48%2C178%2C177%2C123%2C17%2C33%2C38%2C1%2C41%2C62%2C63%2C64%2C68%2C88%2C16%2C13%2C90%2C87%2C86%2C100%2C102%2C37%2C101%2C29%2C25%2C154%2C157%2C130%2C27%2C10%2C11%2C12%2C5%2C6%2C24%2C21%2C22%2C54%2C59%2C61%2C71%2C95%2C26%2C72%2C8%2C7%2C76%2C46%2C20%2C97%2C96%2C9%2C19%2C18%2C81%2C53%2C79%2C32%2C70%2C0%2C89%2C31%2C78%2C83%2C45%2C44%2C82%2C36%2C4%2C85%2C77%2C42%2C39%2C34%2C80%2C2%2C35%2C60%2C40%2C98%2C43%2C75%2C65%2C104%2C57%2C56%2C30%2C92%2C55%2C52%2C47%2C74%2C69%2C23%2C105" async=""></script><script async="" src="https://connect.facebook.net/en_US/fbevents.js"></script><script async="" type="text/javascript" src="/__imp_apg__/js/sed-pcid-6ceb172d.js" id="_imp_apg_dip_" _imp_apg_cid_="sed-pcid-6ceb172d"></script><script async="" src="https://www.googletagmanager.com/gtm.js?id=GTM-NPWHZ7F"></script><script type="text/javascript" src="https://www.nofrills.ca/resources/3e862d1ac69d068b9895865c2c541b29d73075b0f5cc8"></script><script>
                !function(e,t,a,n,g){e[n]=e[n]||[],e[n].push({"gtm.start":(new Date).getTime(),event:"gtm.js"});var m=t.getElementsByTagName(a)[0],r=t.createElement(a);r.async=!0,r.src="https://www.googletagmanager.com/gtm.js?id=GTM-NPWHZ7F",m.parentNode.insertBefore(r,m)}(window,document,"script","dataLayer");
            </script>
        
        
        
        
        
        

        
        <link type="text/css" rel="stylesheet" href="https://assets.loblaws.ca/pcx_bronx_fe_prod/builds/production/3.51.1/ee4c2663/nofrills/nofrills-bundle.css" fetchpriority="high">

        
        <script async="" src="https://securepubads.g.doubleclick.net/tag/js/gpt.js"></script>
        
        <script async="true" type="text/javascript">
    function detectAdBlock() {
        const googleAdUrl = 'https://pagead2.googlesyndication.com/pagead/js/adsbygoogle.js';
        try {
            fetch(new Request(googleAdUrl)).catch(_ => dataLayer.push({'event':'AdBlocker'}));
        } catch (e) { 
            dataLayer.push({'event':'AdBlocker'}); 
        }
    }
    if (dataLayer) {
        detectAdBlock();
    }
</script>
        <script async="true" type="text/javascript">
    document.cookie = `lastVisited=${+Date.now()}; SameSite=None; Path=/; Secure; Max-Age=1707109200;`;
</script>

       
       
        
            <meta name="apple-itunes-app" content="app-id=1194066746, affiliate-data=ct=smart-app-banner&amp;pt=1384326">
            <meta name="google-play-app" content="app-id=pc.express.grocery.pickup&amp;hl=en_CA">
        
        
        
            <link rel="preload" as="font" crossorigin="crossorigin" type="font/woff2" href="https://d3rzy2hoo29vi.cloudfront.net/fonts/futura/futuraStd-heavy.woff2">
        
        
        
        
        
            

        
        
        <script>
            /* App Engine Check */
            window['ldBronxAppEngine'] = true;
            /* The cumulative app settings */
            window['ldBronxAppSettings'] = {
                appData: {"slug":"site-settings-nofrills","seoTitle":"No Frills Supermarket | Grocery shop online or instore","appBuild":"production","appVersion":"3.51.1+ee4c2663","assetUrlPrefix":"https://d3rzy2hoo29vi.cloudfront.net/builds","gcpAssetUrlPrefix":"https://assets.loblaws.ca/pcx_bronx_fe_prod/builds","useGcpAssetUrl":true,"staticAssetPath":"https://assets.shop.loblaws.ca/ContentMedia","heartbeatPollFrequency":30,"appVersionPollFrequency":300,"adobeTargetAssetPath":"https://d3rzy2hoo29vi.cloudfront.net/assets/js/at_v1.js","isAdobeTargetEnabled":false,"isAdobeAnalyticsEnabled":false,"isCookieComplianceEnabled":true,"isKameleoonEnabled":false,"adobeAnalyticsAssetPath":"https://assets.adobedtm.com/ec12e179889c41354087f1ac19e02839d7c19f0e/satelliteLib-105d18abadb6163816bb52f11c640058778e502a.js","isMarketplaceEnabled":false,"regions":[{"region":"Alberta","code":"CA-AB","defaultStoreId":"3603"},{"region":"British Columbia","code":"CA-BC","defaultStoreId":"3438"},{"region":"Manitoba","code":"CA-MB","defaultStoreId":"3050"},{"region":"New Brunswick","code":"CA-NB","defaultStoreId":"2714"},{"region":"Newfoundland and Labrador","code":"CA-NL","defaultStoreId":"2705"},{"region":"Nova Scotia","code":"CA-NS","defaultStoreId":"2706"},{"region":"Ontario","code":"CA-ON","defaultStoreId":"0289"},{"region":"Prince Edward Island","code":"CA-PE","defaultStoreId":"0386"},{"region":"Saskatchewan","code":"CA-SK","defaultStoreId":"3978"}],"faviconUrl":"https://assets.shop.loblaws.ca/ContentMedia/nfr/logos/64x64icon.ico","googleSiteVerificationCode":"iEkgK_YdwVZsaq65Q3cQVt5xeImX01iPuhXG1GywFlE","defaultStoreId":"7411","featureFlags":[{"id":"FulfillmentAutomatedRefundPhotoUpload","key":"bronxFeatureFlagFulfillmentAutomatedRefundPhotoUpload","status":false},{"id":"FulfillmentAutomatedRefund","key":"bronxFeatureFlagFulfillmentAutomatedRefund","status":false},{"id":"PCXStampCardsRedeem","key":"bronxFeatureFlagPCXStampCardsRedeem","status":false},{"id":"PCXStampCardsEarn","key":"bronxFeatureFlagPCXStampCardsEarn","status":false},{"id":"ShowPCORedemption","key":"bronxFeatureFlagShowPCORedemption","status":true},{"id":"ShowPCORedemptionOnlyInPilotStores","key":"bronxFeatureFlagShowPCORedemptionOnlyInPilotStores","status":true},{"id":"HideHomepageContentfulEntries","key":"bronxFeatureFlagHideHomepageContentfulEntries","status":true},{"id":"EnableHeliosFlyerItems","key":"bronxFeatureFlagEnableHeliosFlyerItems","status":true},{"id":"PastOrderDashboardOneClickATC","key":"bronxFeatureFlagPastOrderDashboardOneClickATC","status":false},{"id":"PCXPassCancellationSurvey","key":"bronxFeatureFlagPCXPassCancellationSurvey","status":true},{"id":"EnableCartCheckoutAccountBFFMigration","key":"bronxFeatureFlagEnableCartCheckoutAccountBFFMigration","status":true},{"id":"EnableCollectionsRichgrid","key":"bronxFeatureFlagEnableCollectionsRichgrid","status":true},{"id":"EnableV2CartService","key":"bronxFeatureFlagEnableV2CartService","status":false},{"id":"DigitalFlyerSubscriptions","key":"bronxFeatureFlagDigitalFlyerSubscriptions","status":true},{"id":"AllDealsAndFlyerForecastAd","key":"bronxFeatureFlagAllDealsAndFlyerForecastAd","status":true},{"id":"FlippFlyerV2","key":"bronxFeatureFlagFlippFlyerV2","status":true},{"id":"ShowFlyerRedesignV2","key":"bronxFeatureFlagShowFlyerRedesignV2","status":true},{"id":"EnableBffApi","key":"bronxFeatureFlagEnableBffApi","status":true},{"id":"EnableIcebergFulfillmentToast","key":"bronxFeatureFlagEnableIcebergFulfillmentToast","status":true},{"id":"EnableIcebergTopBar","key":"bronxFeatureFlagEnableIcebergTopBar","status":true},{"id":"EnableHeliosHomepage","key":"bronxFeatureFlagEnableHeliosHomepage","status":true},{"id":"EnableHitOftheMonth","key":"bronxFeatureFlagEnableHitOftheMonth","status":false},{"id":"EnableSEOSearchRelatedAndCanonicalTerms","key":"bronxFeatureFlagEnableSEOSearchRelatedAndCanonicalTerms","status":false},{"id":"NBRecyclingFee","key":"bronxFeatureFlagNBRecyclingFee","status":false},{"id":"featureFlagFaasFpsIos","key":"bronxFeatureFlagFaasFpsIos","status":true},{"id":"EnableHeliosHeroCarousel","key":"bronxFeatureFlagEnableHeliosHeroCarousel","status":true},{"id":"PCXValueCentre","key":"bronxFeatureFlagPCXValueCentre","status":true},{"id":"settingsFeatureFlagFaasFmsIos","key":"bronxFeatureFlagFaasFmsIos","status":true},{"id":"PCXValueCentreShowPCOPoints","key":"bronxFeatureFlagPCXValueCentreShowPCOPoints","status":false},{"id":"settingsFeatureFlagFaasFpsAndroidProd","key":"bronxFeatureFlagFaasFpsAndroidProd","status":true},{"id":"PCXValueCentreShopDealsLinks","key":"bronxFeatureFlagPCXValueCentreShopDealsLinks","status":false},{"id":"PDPForecastAd","key":"bronxFeatureFlagPDPForecastAd","status":false},{"id":"EnableHolidayInsidersCarousel","key":"bronxFeatureFlagEnableHolidayInsidersCarousel","status":true},{"id":"settingsFeatureFlagFaasFpsAndroid","key":"bronxFeatureFlagFaasFpsAndroid","status":false},{"id":"EnableHeliosCollectionsv2","key":"bronxFeatureFlagEnableHeliosCollectionsv2","status":true},{"id":"OrderDashboard","key":"bronxFeatureFlagOrderDashboard","status":true},{"id":"isV4TimeslotApiEnabled","key":"bronxFeatureFlagIsV4TimeslotApiEnabled","status":true},{"id":"MembersOnlyPricing","key":"bronxFeatureFlagMembersOnlyPricing","status":true},{"id":"HideFaaSToolTip","key":"bronxFeatureFlagHideFaaSToolTip","status":false},{"id":"ShowPCORedemptionPilotStorePhaseOne","key":"bronxFeatureFlagShowPCORedemptionPilotStorePhaseOne","status":true},{"id":"AdaSupportChatBot","key":"bronxFeatureFlagAdaSupportChatBot","status":true},{"id":"mediaFeatureFlagFirebaseEventsLogs","key":"bronxFeatureFlagFirebaseEventsLogs","status":false},{"id":"MealPlannerChat","key":"bronxFeatureFlagMealPlannerChat","status":false},{"id":"SearchPromoTileGAMAd2","key":"bronxFeatureFlagSearchPromoTileGAMAd2","status":true},{"id":"SearchPromoTileGAMAd1","key":"bronxFeatureFlagSearchPromoTileGAMAd1","status":true},{"id":"EnableTippingFees","key":"bronxFeatureFlagEnableTippingFees","status":false},{"id":"EnableRapidMode","key":"bronxFeatureFlagEnableRapidMode","status":false},{"id":"EnableBrowseMigrationCookieB","key":"bronxFeatureFlagEnableBrowseMigrationCookieB","status":true},{"id":"PCXPassResubscribe","key":"bronxFeatureFlagPCXPassResubscribe","status":true},{"id":"ShippingOptions","key":"bronxFeatureFlagShippingOptions","status":false},{"id":"PassVelvet","key":"bronxFeatureFlagPassVelvet","status":false},{"id":"SignaLayer","key":"bronxFeatureFlagSignaLayer","status":false},{"id":"MoEngage","key":"bronxFeatureFlagMoEngage","status":true},{"id":"FulfillmentMethodAgnostic","key":"bronxFeatureFlagFulfillmentMethodAgnostic","status":false},{"id":"PCXPassUpgradePlan","key":"bronxFeatureFlagPCXPassUpgradePlan","status":true},{"id":"HideFaaSDelivery","key":"bronxFeatureFlagHideFaaSDelivery","status":false},{"id":"AsyncSubsManagmentWeb","key":"bronxFeatureFlagAsyncSubsManagmentWeb","status":false},{"id":"AddressAutocompleteCheckout","key":"bronxFeatureFlagAddressAutocompleteCheckout","status":true},{"id":"DeliveryTipping","key":"bronxFeatureFlagDeliveryTipping","status":false},{"id":"ShopJoeFreshOnGrocery","key":"bronxFeatureFlagShopJoeFreshOnGrocery","status":true},{"id":"PDPGAMAdUnitEnabled","key":"bronxFeatureFlagPDPGAMAdUnitEnabled","status":true},{"id":"RapidOrderTracking","key":"bronxFeatureFlagOrderTracking","status":false},{"id":"UseSEOStoreID","key":"bronxFeatureFlagUseSEOStoreID","status":true},{"id":"DisplayFloatingCheckoutButton","key":"bronxFeatureFlagDisplayFloatingCheckoutButton","status":false},{"id":"EnableHeliosSRP","key":"bronxFeatureFlagEnableHeliosSRP","status":false},{"id":"EnableHeliosClpPlp","key":"bronxFeatureFlagEnableHeliosClpPlp","status":true},{"id":"Marketplace","key":"bronxFeatureFlagMarketplace","status":false},{"id":"MarketplaceOnlyMode","key":"bronxFeatureFlagMarketplaceOnlyMode","status":false},{"id":"FulfillmentAsAService","key":"bronxFeatureFlagFulfillmentAsAService","status":true},{"id":"IsPcxPassAdUnitContentful","key":"bronxFeatureFlagIsPcxPassAdUnitContentful","status":true},{"id":"EnableHeliosMarketplaceClpPlp","key":"bronxFeatureFlagEnableHeliosMarketplaceClpPlp","status":false},{"id":"NoTaxEvent","key":"bronxFeatureFlagNoTaxEvent","status":true},{"id":"PingPEServices","key":"bronxFeatureFlagPingPEServices","status":false},{"id":"GoGreenPackagingV2","key":"bronxFeatureFlagGoGreenPackagingV2","status":false},{"id":"PcExpressPass","key":"bronxFeatureFlagPcExpressPass","status":true},{"id":"ShowRapidPromotionTile","key":"bronxFeatureFlagShowRapidPromotionTile","status":false},{"id":"Talkable","key":"bronxFeatureFlagTalkable","status":false},{"id":"HideOOSProducts","key":"bronxFeatureFlagHideOOSProducts","status":false},{"id":"AlternativeFulfillment","key":"bronxFeatureFlagAlternativeFulfillment","status":false},{"id":"EnableLeaderboardSearchResultGrid","key":"bronxFeatureFlagEnableLeaderboardSearchResultGrid","status":true},{"id":"SnowplowAnalytics","key":"bronxFeatureFlagSnowplowAnalytics","status":false},{"id":"SnowplowAnalyticsPhaseOne","key":"bronxFeatureFlagSnowplowAnalyticsPhaseOne","status":false},{"id":"SnowplowAnalyticsPhaseTwo","key":"bronxFeatureFlagSnowplowAnalyticsPhaseTwo","status":true},{"id":"EnableHeliosSnowplow","key":"bronxFeatureFlagEnableHeliosSnowplow","status":true},{"id":"EnableFacadeSpPersonalization","key":"bronxFeatureFlagEnableFacadeSpPersonalization","status":true},{"id":"MPProductTileTag","key":"bronxFeatureFlagMPProductTileTag","status":true},{"id":"QuantifyCustomerDemand","key":"bronxFeatureFlagQuantifyCustomerDemand","status":false},{"id":"EnableSinglePageCheckout","key":"bronxFeatureFlagEnableSinglePageCheckout","status":false},{"id":"SearchPromoTileHybrisDisable","key":"bronxFeatureFlagSearchPromoTileHybrisDisable","status":true},{"id":"EnableHelios","key":"bronxFeatureFlagEnableHelios","status":true},{"id":"EnableDietaryCallOutFilter","key":"bronxFeatureFlagEnableDietaryCallOutFilter","status":true},{"id":"WayfindingQuickFilters","key":"bronxFeatureFlagWayfindingQuickFilters","status":true},{"id":"FlyerGAMAdUnit","key":"bronxFeatureFlagFlyerGAMAdUnit","status":true},{"id":"AllDealsAndFlyerItemGAMAdUnit","key":"bronxFeatureFlagAllDealsAndFlyerItemGAMAdUnit","status":true},{"id":"SponsoredSearchCarousel","key":"bronxFeatureFlagSponsoredSearchCarousel","status":true},{"id":"QFTopBrandsChip","key":"bronxFeatureFlagQFTopBrandsChip","status":false},{"id":"QFExclusiveBrandsChip","key":"bronxFeatureFlagQFExclusiveBrandsChip","status":false},{"id":"QFFavouriteBrandsChip","key":"bronxFeatureFlagQFFavouriteBrandsChip","status":false},{"id":"AutoLocalizeWithAkamai","key":"bronxFeatureFlagAutoLocalizeWithAkamai","status":true},{"id":"AutoLocalizeWithMaxMind","key":"bronxFeatureFlagAutoLocalizeWithMaxMind","status":false},{"id":"MiniAppCheckout","key":"bronxFeatureFlagMiniAppCheckout","status":false},{"id":"EnableWholeSaleClubPCOExperience","key":"bronxFeatureFlagEnableWholeSaleClubPCOExperience","status":false},{"id":"NewfoundlandSugarSweetenedBeverageTax","key":"bronxFeatureFlagNewfoundlandSugarSweetenedBeverageTax","status":true},{"id":"LiveCartAislesOrganization","key":"bronxFeatureFlagLiveCartAislesOrganization","status":true},{"id":"DiscountGoGreen","key":"bronxFeatureFlagDiscountGoGreen","status":true},{"id":"BifrostInventoryCheck","key":"bronxFeatureFlagBifrostInventoryCheck","status":false},{"id":"SponsoredCLPCarousel","key":"bronxFeatureFlagSponsoredCLPCarousel","status":true},{"id":"SponsoredCartReviewCarousel","key":"bronxFeatureFlagSponsoredCartReviewCarousel","status":true},{"id":"OutOfStock","key":"bronxFeatureFlagOutOfStock","status":true},{"id":"HideRapidServiceFeeOnCartReviewPage","key":"bronxFeatureFlagHideRapidServiceFeeOnCartReviewPage","status":false},{"id":"CustomerSelectedSubsInCart","key":"bronxFeatureFlagCustomerSelectedSubsInCart","status":true},{"id":"EnableBannerWideCSSubs","key":"bronxFeatureFlagEnableBannerWideCSSubs","status":true},{"id":"CustomerSelectedSubsPreCheckout","key":"bronxFeatureFlagCustomerSelectedSubsPreCheckout","status":true},{"id":"PCXAccountDeletion","key":"bronxFeatureFlagPCXAccountDeletion","status":true},{"id":"AutoLocalization","key":"bronxFeatureFlagAutoLocalization","status":true},{"id":"ShowTypeAheadTopSearchesForMPMode","key":"bronxFeatureFlagShowTypeAheadTopSearchesForMPMode","status":true},{"id":"RecentlyViewedProducts","key":"bronxFeatureFlagRecentlyViewedProducts","status":true},{"id":"Delivery","key":"bronxFeatureFlagDelivery","status":false},{"id":"OptimizedProductImages","key":"bronxFeatureFlagOptimizedProductImages","status":true},{"id":"EnableHomepageSponsoredCarousel","key":"bronxFeatureFlagEnableHomepageSponsoredCarousel","status":false},{"id":"AddMoreItemsCTA","key":"bronxFeatureFlagAddMoreItemsCTA","status":true},{"id":"EnableTypeaheadContentfulLink","key":"bronxFeatureFlagEnableTypeaheadContentfulLink","status":true},{"id":"PCOPdpEnrolmentTileForMassOffer","key":"bronxFeatureFlagPCOPdpEnrolmentTileForMassOffer","status":true},{"id":"PCOPdpEnrolment","key":"bronxFeatureFlagPCOPdpEnrolment","status":true},{"id":"enableProductDetailsField","key":"bronxFeatureFlagEnableProductDetailsField","status":false},{"id":"WeightedItemsQuantityFormatting","key":"bronxFeatureFlagWeightedItemsQuantityFormatting","status":true},{"id":"CartOrganizationHideAislesInFrench","key":"bronxFeatureFlagCartOrganizationHideAislesInFrench","status":false},{"id":"CartOrganizationExperimentA","key":"bronxFeatureFlagCartOrganizationExperimentA","status":false},{"id":"CartOrganizationExperimentB","key":"bronxFeatureFlagCartOrganizationExperimentB","status":false},{"id":"FlyerModalDrawerQuickview","key":"bronxFeatureFlagFlyerModalDrawerQuickview","status":true},{"id":"PCOCheckoutEnrolment","key":"bronxFeatureFlagPCOCheckoutEnrolment","status":true},{"id":"OrderDashboardRedirectAfterOrderComplete","key":"bronxFeatureFlagOrderDashboardRedirectAfterOrderComplete","status":true},{"id":"ServerSideNavigationRestCall","key":"bronxFeatureFlagServerSideNavigationRestCall","status":true},{"id":"EnableLeaderboardSearchResultTop","key":"bronxFeatureFlagEnableLeaderboardSearchResultTop","status":true},{"id":"IncludeAlcoholTaxMsg","key":"bronxFeatureFlagIncludeAlcoholTaxMsg","status":true},{"id":"ExpSeperateFoodNonFoodNav","key":"bronxFeatureFlagExpSeperateFoodNonFoodNav","status":false},{"id":"HeroV2SwitchFulfillmentMode","key":"bronxFeatureFlagHeroV2SwitchFulfillmentMode","status":true},{"id":"HomePageHeroV2","key":"bronxFeatureFlagHomePageHeroV2","status":true},{"id":"QuickViewPcoOffer","key":"bronxFeatureFlagQuickViewPcoOffer","status":true},{"id":"ShowThirtyMinTimeSlot","key":"bronxFeatureFlagShowThirtyMinTimeSlot","status":true},{"id":"FlyerVideoPlayer","key":"bronxFeatureFlagFlyerVideoPlayer","status":true},{"id":"ExpHolidayShopNavStyling","key":"bronxFeatureFlagExpHolidayShopNavStyling","status":false},{"id":"ExpExpandedFoodNav","key":"bronxFeatureFlagExpExpandedFoodNav","status":false},{"id":"ExpJoeFreshNavStyling","key":"bronxFeatureFlagExpJoeFreshNavStyling","status":false},{"id":"OneSearch","key":"bronxFeatureFlagOneSearch","status":true},{"id":"UnlocalizedCartAddition","key":"bronxFeatureFlagUnlocalizedCartAddition","status":true},{"id":"AutoLocalizationNonShoppable","key":"bronxFeatureFlagAutoLocalizationNonShoppable","status":true},{"id":"MultiItemFlyerQuickview","key":"bronxFeatureFlagMultiItemFlyerQuickview","status":true},{"id":"V4ProductFacadeForPDP","key":"bronxFeatureFlagV4ProductFacadeForPDP","status":false},{"id":"ShouldIncludeGTMScript","key":"bronxFeatureFlagShouldIncludeGTMScript","status":true},{"id":"TestFeatureFlagOverride","key":"bronxFeatureFlagTestFeatureFlagOverride","status":true},{"id":"DidYouMeanSearch","key":"bronxFeatureFlagDidYouMeanSearch","status":true},{"id":"AutoLocalizationWellnessPages","key":"bronxFeatureFlagAutoLocalizationWellnessPages","status":true},{"id":"FlyerNavigationContentful","key":"bronxFeatureFlagFlyerNavigationContentful","status":true},{"id":"AutoLocalizationDependencyPages","key":"bronxFeatureFlagAutoLocalizationDependencyPages","status":true},{"id":"HideExpeditedShippingOption","key":"bronxFeatureFlagHideExpeditedShippingOption","status":false},{"id":"PS5ConsoleDirectLink","key":"bronxFeatureFlagPS5ConsoleDirectLink","status":false},{"id":"ShowTypeAheadYourSearches","key":"bronxFeatureFlagShowTypeAheadYourSearches","status":true},{"id":"ShowTypeAheadTopSearches","key":"bronxFeatureFlagShowTypeAheadTopSearches","status":true},{"id":"LowInventory","key":"bronxFeatureFlagLowInventory","status":true},{"id":"ExpPCOInNavFlyers","key":"bronxFeatureFlagExpPCOInNavFlyers","status":false},{"id":"ExpPCOInNavMyshop","key":"bronxFeatureFlagExpPCOInNavMyshop","status":false},{"id":"V3ProductFacadeFlyerSearch","key":"bronxFeatureFlagV3ProductFacadeFlyerSearch","status":true},{"id":"WellnessNaturalFoods","key":"bronxFeatureFlagWellnessNaturalFoods","status":false},{"id":"WellnessMedicalClinics","key":"bronxFeatureFlagWellnessMedicalClinics","status":false},{"id":"WellnessDietitians","key":"bronxFeatureFlagWellnessDietitians","status":true},{"id":"WellnessOptical","key":"bronxFeatureFlagWellnessOptical","status":true},{"id":"WellnessGuidingStars","key":"bronxFeatureFlagWellnessGuidingStars","status":true},{"id":"WellnessPharmacy","key":"bronxFeatureFlagWellnessPharmacy","status":false},{"id":"SomeRandomTestFeatureFlag","key":"bronxFeatureFlagSomeRandomTestFeatureFlag","status":false},{"id":"CIAM","key":"bronxFeatureFlagCIAM","status":true},{"id":"Contentful","key":"bronxFeatureFlagContentful","status":true},{"id":"AdobeTarget","key":"bronxFeatureFlagAdobeTarget","status":true},{"id":"FontNoir","key":"bronxFeatureFlagFontNoir","status":true},{"id":"AdobeAnalytics","key":"bronxFeatureFlagAdobeAnalytics","status":true},{"id":"Instacart","key":"bronxFeatureFlagInstacart","status":false}],"cookieComplianceDomainScript":null},
                bannerData: {"banner":"nofrills","hostname":"nofrills","site":"nofrills","appSettingsBanner":"nofrills","locale":"en"},
                spaData: {"cdnPath":"https://assets.loblaws.ca/pcx_bronx_fe_prod/builds/production/3.51.1/ee4c2663/nofrills","folder":"nofrills","vendorJSPath":"https://assets.loblaws.ca/pcx_bronx_fe_prod/builds/production/3.51.1/ee4c2663/nofrills/nofrills-vendor.bundle.js","bundleJSPath":"https://assets.loblaws.ca/pcx_bronx_fe_prod/builds/production/3.51.1/ee4c2663/nofrills/nofrills-bundle.js","bundleCSSPath":"https://assets.loblaws.ca/pcx_bronx_fe_prod/builds/production/3.51.1/ee4c2663/nofrills/nofrills-bundle.css"},
            };
            /* The cached endpoints */
            window['ldBronxCachedEndpoints'] = null;
        </script>
    <script>bazadebezolkohpepadr="1385359143"</script><script type="text/javascript" src="https://www.nofrills.ca/akam/13/5292e72b" defer=""></script><link rel="stylesheet" type="text/css" href="https://assets.loblaws.ca/pcx_bronx_fe_prod/builds/production/3.51.1/ee4c2663/nofrills/commonUIComponents-fef459bd_app.bundle.css"><link rel="stylesheet" type="text/css" href="https://assets.loblaws.ca/pcx_bronx_fe_prod/builds/production/3.51.1/ee4c2663/nofrills/commonProduct-9b3cd547_app.bundle.css"><link rel="stylesheet" type="text/css" href="https://assets.loblaws.ca/pcx_bronx_fe_prod/builds/production/3.51.1/ee4c2663/nofrills/commonProduct-dee3f71c_app.bundle.css"><link rel="stylesheet" type="text/css" href="https://assets.loblaws.ca/pcx_bronx_fe_prod/builds/production/3.51.1/ee4c2663/nofrills/7573_app.bundle.css"><meta http-equiv="origin-trial" content="AlK2UR5SkAlj8jjdEc9p3F3xuFYlF6LYjAML3EOqw1g26eCwWPjdmecULvBH5MVPoqKYrOfPhYVL71xAXI1IBQoAAAB8eyJvcmlnaW4iOiJodHRwczovL2RvdWJsZWNsaWNrLm5ldDo0NDMiLCJmZWF0dXJlIjoiV2ViVmlld1hSZXF1ZXN0ZWRXaXRoRGVwcmVjYXRpb24iLCJleHBpcnkiOjE3NTgwNjcxOTksImlzU3ViZG9tYWluIjp0cnVlfQ=="><meta http-equiv="origin-trial" content="Amm8/NmvvQfhwCib6I7ZsmUxiSCfOxWxHayJwyU1r3gRIItzr7bNQid6O8ZYaE1GSQTa69WwhPC9flq/oYkRBwsAAACCeyJvcmlnaW4iOiJodHRwczovL2dvb2dsZXN5bmRpY2F0aW9uLmNvbTo0NDMiLCJmZWF0dXJlIjoiV2ViVmlld1hSZXF1ZXN0ZWRXaXRoRGVwcmVjYXRpb24iLCJleHBpcnkiOjE3NTgwNjcxOTksImlzU3ViZG9tYWluIjp0cnVlfQ=="><meta http-equiv="origin-trial" content="A/ERL66fN363FkXxgDc6F1+ucRUkAhjEca9W3la6xaLnD2Y1lABsqmdaJmPNaUKPKVBRpyMKEhXYl7rSvrQw+AkAAACNeyJvcmlnaW4iOiJodHRwczovL2RvdWJsZWNsaWNrLm5ldDo0NDMiLCJmZWF0dXJlIjoiRmxlZGdlQmlkZGluZ0FuZEF1Y3Rpb25TZXJ2ZXIiLCJleHBpcnkiOjE3MTkzNTk5OTksImlzU3ViZG9tYWluIjp0cnVlLCJpc1RoaXJkUGFydHkiOnRydWV9"><meta http-equiv="origin-trial" content="A6OdGH3fVf4eKRDbXb4thXA4InNqDJDRhZ8U533U/roYjp4Yau0T3YSuc63vmAs/8ga1cD0E3A7LEq6AXk1uXgsAAACTeyJvcmlnaW4iOiJodHRwczovL2dvb2dsZXN5bmRpY2F0aW9uLmNvbTo0NDMiLCJmZWF0dXJlIjoiRmxlZGdlQmlkZGluZ0FuZEF1Y3Rpb25TZXJ2ZXIiLCJleHBpcnkiOjE3MTkzNTk5OTksImlzU3ViZG9tYWluIjp0cnVlLCJpc1RoaXJkUGFydHkiOnRydWV9"><script src="https://securepubads.g.doubleclick.net/pagead/managed/js/gpt/m202405230101/pubads_impl.js" async=""></script><script type="text/javascript">(function(i,s,o,g,r,a,m,n){i.moengage_object=r;t={};q=function(f){return function(){(i.moengage_q=i.moengage_q||[]).push({f:f,a:arguments})}};f=['track_event','add_user_attribute','add_first_name','add_last_name','add_email','add_mobile','add_user_name','add_gender','add_birthday','destroy_session','add_unique_user_id','moe_events','call_web_push','track','location_type_attribute', 'setDebugLevel'],h={onsite:["getData","registerCallback"]};for(k
        in f){t[f[k]]=q(f[k])}for(k in h)for(l in h[k]){null==t[k]&&(t[k]={}),t[k][h[k][l]]=q(k+"."+h[k][l])}a=s.createElement(o);m=s.getElementsByTagName(o)[0];a.async=1;a.src=g;m.parentNode.insertBefore(a,m);i.moe=i.moe||function(){n=arguments[0];return t};a.onload=function(){if(n){i[r]=moe(n)}}})(window,document,'script','https://cdn.moengage.com/webpush/moe_webSdk.min.latest.js','Moengage')
        Moengage = moe({
          app_id: "M7VT5L14QFA5434ELXHZ4RL9",
          debug_logs: 0,
          swPath: "/serviceworker.js",
          cluster: "DC_1",
          disableOnsite: false,
          enableSPA: false,
          cards: null
        });
      </script><link rel="stylesheet" type="text/css" href="https://assets.loblaws.ca/pcx_bronx_fe_prod/builds/production/3.51.1/ee4c2663/nofrills/commonCart-b3a6be8e_app.bundle.css"><link rel="stylesheet" type="text/css" href="https://assets.loblaws.ca/pcx_bronx_fe_prod/builds/production/3.51.1/ee4c2663/nofrills/site-layout-7413f8ad_app.bundle.css"><link rel="stylesheet" type="text/css" href="https://assets.loblaws.ca/pcx_bronx_fe_prod/builds/production/3.51.1/ee4c2663/nofrills/1988_app.bundle.css"><style data-jss="" data-meta="MuiSvgIcon">
.MuiSvgIcon-root {
  fill: currentColor;
  width: 1em;
  height: 1em;
  display: inline-block;
  font-size: 1.5rem;
  transition: fill 200ms cubic-bezier(0.4, 0, 0.2, 1) 0ms;
  flex-shrink: 0;
  user-select: none;
}
.MuiSvgIcon-colorPrimary {
  color: #3f51b5;
}
.MuiSvgIcon-colorSecondary {
  color: #f50057;
}
.MuiSvgIcon-colorAction {
  color: rgba(0, 0, 0, 0.54);
}
.MuiSvgIcon-colorError {
  color: #f44336;
}
.MuiSvgIcon-colorDisabled {
  color: rgba(0, 0, 0, 0.26);
}
.MuiSvgIcon-fontSizeInherit {
  font-size: inherit;
}
.MuiSvgIcon-fontSizeSmall {
  font-size: 1.25rem;
}
.MuiSvgIcon-fontSizeLarge {
  font-size: 2.1875rem;
}
</style><link rel="stylesheet" type="text/css" href="https://assets.loblaws.ca/pcx_bronx_fe_prod/builds/production/3.51.1/ee4c2663/nofrills/helios-clp-plp-container_app.bundle.css"><link rel="stylesheet" type="text/css" href="https://assets-platform.loblaws.ca/ldp-core-web-prod/production/ldp/view-resolver-pcx/2.1.0/dist/static/css/2760.chunk.css"><style type="text/css">.indiana-scroll-container {
  overflow: auto; }
  .indiana-scroll-container--dragging {
    scroll-behavior: auto !important; }
    .indiana-scroll-container--dragging > * {
      pointer-events: none;
      cursor: -webkit-grab;
      cursor: grab; }
  .indiana-scroll-container--hide-scrollbars {
    overflow: hidden;
    overflow: -moz-scrollbars-none;
    -ms-overflow-style: none;
    scrollbar-width: none; }
    .indiana-scroll-container--hide-scrollbars::-webkit-scrollbar {
      display: none !important;
      height: 0 !important;
      width: 0 !important;
      background: transparent !important;
      -webkit-appearance: none !important; }
  .indiana-scroll-container--native-scroll {
    overflow: auto; }

.indiana-dragging {
  cursor: -webkit-grab;
  cursor: grab; }
</style><style data-emotion="css-global" data-s=""></style><style data-emotion="css-global" data-s=""></style><style data-emotion="css-global" data-s=""></style><style data-emotion="css-global" data-s=""></style><style data-emotion="css-global" data-s=""></style><style data-emotion="css" data-s=""></style><link rel="canonical" href="https://www.nofrills.ca/food/fruits-vegetables/fresh-vegetables/c/28195?page=4" data-react-helmet="true"><meta name="description" content="Browse products in Fresh Vegetables on nofrills near you. Schedule Delivery or Pickups Online. Subject to Availability." data-react-helmet="true"><meta name="robots" content="index, follow" data-react-helmet="true"></head><iframe style="width: 0px; height: 0px; display: none;"></iframe>
    <body data-engine-version="0.5.35" class="chakra-ui-light">
        <div id="root"><script>!function(){var d=document.documentElement,n='data-iceberg-theme',s='setAttribute';d[s](n,'nofrills')}()</script><div id="site-layout" class="site-layout site-layout--desktop site-layout--nofrills" data-customer-is-anonymous="true" tabindex="-1"><div class="site-layout__header" data-auid="header"><div class="accessibility-links"><a href="#site-content" class="skip-to sr-only sr-only-focusable " data-is-external-link="true">Skip to Main Content</a><a href="#site-footer" class="skip-to sr-only sr-only-focusable " data-is-external-link="true">Skip to Footer</a></div><div class="h-12 flex flex-row text-sm items-center space-x-5 bg-iceberg-masthead-top-bar-background px-3 py-2 gap-4 text-iceberg-masthead-top-bar-foreground border-y border-y-iceberg-masthead-top-bar-border iceberg-site-banner pr-0" data-testid="iceberg-masthead-topbar"><div class="flex-1" data-testid="iceberg-masthead-left"><div class="flex flex-row items-center space-x-2" role="alert"><div class="font-noir font-normal text-xs text-iceberg-masthead-top-bar-foreground" data-testid="iceberg-top-bar-message"><div class="mode-transition__transition"><span class="mode-transition__transition__text">New to online grocery shopping? <button class="mode-transition__transition__button"> Learn more about our transparent fee structure.</button></span></div></div></div></div><div class="shrink-0" data-testid="iceberg-masthead-right"><div class="w-full flex flex-row items-center"><span class="iceberg-site-banner__list__item iceberg-site-banner__list__item--pc-optimum"><a class="iceberg-site-banner__list__item__link iceberg-site-banner__list__item__link--anchor iceberg-site-banner__list__item__link--exp-BX-2651-change-location-font-color" data-auid="pc-optimum-offers-link" href="/loyalty?navid=superheader"><span class="iceberg-site-banner__list__item__link__text"><span>PC Optimum</span></span></a></span><span class="iceberg-site-banner__list__item iceberg-site-banner__list__item--faq"><a href="https://loblaw.force.com/nofrills?navid=superheader" aria-describedby="describe-link-opens-new-tab" target="_blank" rel="noopener noreferrer" class="iceberg-site-banner__list__item__link iceberg-site-banner__list__item__link--anchor iceberg-site-banner__list__item__link--exp-BX-2651-change-location-font-color" title="FAQ" data-auid="faq-link" data-is-external-link="true"><span class="iceberg-site-banner__list__item__link__text">FAQ</span></a></span><span class="iceberg-site-banner__list__item"></span></div></div></div><div class="site-header-wrapper"><div class="site-header-wrapper__header"><header class="site-header site-header--desktop site-header--exp-BX-2651-unhide-logo" data-cruller="site-header"><div class="desktop-site-header desktop-site-header--exp-BX-2651-shift-logo-far-left desktop-site-header--exp-BX-2651-reduce-flex-booking-selector"><div class="desktop-site-header__logo"><a class="logo logo--banner" href="/"><img class="logo__image logo__image--nofrills logo__image--banner" alt="No Frills Online homepage" src="https://dis-prod.assetful.loblaw.ca/content/dam/loblaw-companies-limited/creative-assets/logos/pcx-banner-logos-/nofrills_v2.svg"></a></div><div class="desktop-site-header__search-form"><div class="flex items-center h-[50px]" data-testid="search-form"><div class="inline-flex flex-col relative w-full text-black mt-0" data-testid="autocomplete"><label id="react-aria5021259286-:r3:" for="react-aria5021259286-:r2:" class="block text-sm font-medium text-iceberg-lighter-grey text-left sr-only">Search for product</label><div class="relative"><input type="text" class="flex h-10 w-full rounded-md border border-input bg-background px-3 py-2 text-sm ring-offset-background file:border-0 file:bg-transparent file:text-sm file:font-medium placeholder:text-muted-foreground focus-visible:outline-none focus-visible:ring-2 focus-visible:ring-ring focus-visible:ring-offset-2 disabled:cursor-not-allowed disabled:opacity-50 whitespace-nowrap overflow-hidden text-ellipsis pt-[5px] pr-[80px] pb-[5px] pl-[15px]" data-testid="autocomplete-input" aria-autocomplete="list" autocomplete="off" placeholder="Search for product" id="react-aria5021259286-:r2:" aria-labelledby="react-aria5021259286-:r3:" role="combobox" aria-expanded="false" autocorrect="off" spellcheck="false" value=""><div class="flex absolute right-2 top-0 h-7 gap-2 items-center mt-1.5"><button class="inline-flex items-center justify-center whitespace-nowrap rounded-md text-sm font-medium ring-offset-background transition-colors focus-visible:outline-none focus-visible:ring-2 focus-visible:ring-offset-2 disabled:pointer-events-none disabled:opacity-50 mr-2 h-5 w-5 right-0 top-3 bg-transparent text-iceberg-black hover:bg-transparent focus-visible:ring-iceberg-lighter-grey" data-testid="submit-search" title="Submit Search" aria-label="Submit Search" type="submit"><svg xmlns="http://www.w3.org/2000/svg" width="24" height="24" viewBox="0 0 24 24" fill="none" stroke="currentColor" stroke-width="2" stroke-linecap="round" stroke-linejoin="round" class="lucide lucide-search"><circle cx="11" cy="11" r="8"></circle><path d="m21 21-4.3-4.3"></path></svg></button></div></div></div></div></div><div class="desktop-site-header__booking-selector"><div class="booking-selector"><div class="fulfillment-mode"><button data-cruller="fulfillment-mode-button" data-cruller-extra="fulfillment-mode-button--autolocalized" class="fulfillment-mode-button fulfillment-mode-button--start-order" aria-expanded="false" aria-label="View location: John's NOFRILLS Milton"><div class="fulfillment-mode-button__content"><div class="fulfillment-mode-button__content__location" data-cruller="current-location"><svg class="MuiSvgIcon-root fulfillment-mode-button__icon" focusable="false" viewBox="0 0 24 24" aria-hidden="true"><path d="M12 2C8.13 2 5 5.13 5 9c0 5.25 7 13 7 13s7-7.75 7-13c0-3.87-3.13-7-7-7zM7 9c0-2.76 2.24-5 5-5s5 2.24 5 5c0 2.88-2.88 7.19-5 9.88C9.92 16.21 7 11.85 7 9z"></path><circle cx="12" cy="9" r="2.5"></circle></svg><span>John's NOFRILLS Milton</span></div></div></button></div></div></div></div><div class="menu-bar"><div class="menu-bar__navigation"><nav class="primary-nav" aria-label="Main navigation"><ul class="primary-nav__list primary-nav__list--level-0" data-code="root"><li class="primary-nav__list__item primary-nav__list__item--with-children"><button class="primary-nav__list__item__link primary-nav__list__item__link--banner" data-code="xp-455-food-departments" aria-expanded="false" data-aria-current="false"><span class="primary-nav__list__item__link__text">Grocery</span><svg class="MuiSvgIcon-root primary-nav__list__item__link__icon" focusable="false" viewBox="0 0 24 24" aria-hidden="true" style="font-size: 24px;"><path d="M16.59 8.59L12 13.17 7.41 8.59 6 10l6 6 6-6z"></path></svg></button><ul class="primary-nav__list primary-nav__list--level-1" data-code="xp-455-food-departments"><li class="primary-nav__list__item primary-nav__list__item--state-hover primary-nav__list__item--state-active primary-nav__list__item--with-children"><a class="primary-nav__list__item__link" data-code="/collection/summer-insiders" aria-expanded="true" data-aria-current="page" href="/collection/summer-insiders?navid=flyout-L2-disc-summer-shop-sir"><span class="primary-nav__list__item__link__text">Summer Shop</span></a><ul class="primary-nav__list primary-nav__list--level-2" data-code="disc-summer-shop-sir"><li class="primary-nav__list__item primary-nav__list__item--see-all" data-code="disc-summer-shop-sir"><a class="primary-nav__list__item__link" data-code="disc-summer-shop-sir" href="/collection/summer-insiders?navid=flyout-L2-see-all-Summer-Shop"><span class="primary-nav__list__item__link__text">See All Summer Shop</span></a></li><div class="nav-columns column-count--3"><li class="primary-nav__list__item"><a class="primary-nav__list__item__link" data-code="/collection/summer-insiders" href="/collection/summer-insiders?navid=flyout-L3-disc-sir-nav-full-summer-shop" style="min-height: 0px;"><span class="primary-nav__list__item__link__text" style="font-weight: 600; text-decoration: underline;">Shop the Insiders Report™</span></a></li><li class="primary-nav__list__item"><a class="primary-nav__list__item__link" data-code="/collection/summer-insiders-new" href="/collection/summer-insiders-new?navid=flyout-L3-disc-sir-nav-summer-shop-must-trys"><span class="primary-nav__list__item__link__text">Summer Must Trys</span></a></li><li class="primary-nav__list__item"><a class="primary-nav__list__item__link" data-code="/collection/summer-insiders-classics" href="/collection/summer-insiders-classics?navid=flyout-L3-disc-sir-nav-summer-shop-classics"><span class="primary-nav__list__item__link__text">Insiders Report™ Classics</span></a></li><li class="primary-nav__list__item"><a class="primary-nav__list__item__link" data-code="/collection/summer-insiders-grilling-entrees" href="/collection/summer-insiders-grilling-entrees?navid=flyout-L3-disc-sir-nav-summer-shop-grilling-entrees"><span class="primary-nav__list__item__link__text">PC® Grilling &amp; Entrées</span></a></li><li class="primary-nav__list__item"><a class="primary-nav__list__item__link" data-code="/collection/summer-insiders-desserts" href="/collection/summer-insiders-desserts?navid=flyout-L3-disc-sir-nav-summer-shop-icecream-desserts"><span class="primary-nav__list__item__link__text">Ice Cream &amp; Desserts</span></a></li><li class="primary-nav__list__item"><a class="primary-nav__list__item__link" data-code="/collection/summer-insiders-appetizers" href="/collection/summer-insiders-appetizers?navid=flyout-L3-disc-sir-nav-summer-shop-appetizers-drinks"><span class="primary-nav__list__item__link__text">Apps and Drinks for anytime</span></a></li><li class="primary-nav__list__item"><a class="primary-nav__list__item__link" data-code="/collection/summer-insiders-value-snacks-appetizers-drinks" href="/collection/summer-insiders-value-snacks-appetizers-drinks?navid=flyout-L3-disc-sir-nav-summer-shop-essentials-value"><span class="primary-nav__list__item__link__text">Summer Essentials from $3.99</span></a></li><li class="primary-nav__list__item"><a class="primary-nav__list__item__link" data-code="/collection/summer-insiders-value-desserts" href="/collection/summer-insiders-value-desserts?navid=flyout-L3-disc-sir-nav-summer-shop-desserts-value"><span class="primary-nav__list__item__link__text">Summer Desserts from $3.99</span></a></li><li class="primary-nav__list__item"><a class="primary-nav__list__item__link" data-code="/collection/summer-bbq-meat-seafood" href="/collection/summer-bbq-meat-seafood?navid=flyout-L3-summer-bbq" style="min-height: 0px;"><span class="primary-nav__list__item__link__text" style="font-weight: 600; text-decoration: underline;">It's BBQ Season!</span></a></li><li class="primary-nav__list__item"><a class="primary-nav__list__item__link" data-code="/collection/summer-bbq-meat-seafood" href="/collection/summer-bbq-meat-seafood?navid=flyout-L3-summer-bbq-meat-seafood"><span class="primary-nav__list__item__link__text">BBQ Meat &amp; Seafood</span></a></li><li class="primary-nav__list__item"><a class="primary-nav__list__item__link" data-code="/collection/summer-bbq-beverages-snacks-dessert" href="/collection/summer-bbq-beverages-snacks-dessert?navid=flyout-L3-summer-bbq-snacks"><span class="primary-nav__list__item__link__text">BBQ Snacks &amp; Drinks</span></a></li><li class="primary-nav__list__item"><a class="primary-nav__list__item__link" data-code="/collection/summer-bbq-condiments" href="/collection/summer-bbq-condiments?navid=flyout-L3-summer-bbq-sauces"><span class="primary-nav__list__item__link__text">BBQ Condiments &amp; Sauces</span></a></li><li class="primary-nav__list__item"><a class="primary-nav__list__item__link" data-code="/collection/summer-bbq-must-haves" href="/collection/summer-bbq-must-haves?navid=flyout-L3-summer-bbq-sides"><span class="primary-nav__list__item__link__text">BBQ Sides</span></a></li><li class="primary-nav__list__item"><a class="primary-nav__list__item__link" data-code="/collection/fathers-day-grilling" href="/collection/fathers-day-grilling?navid=flyout-L3-fathers-day" style="min-height: 0px;"><span class="primary-nav__list__item__link__text" style="font-weight: 600; text-decoration: underline;">Father's Day</span></a></li><li class="primary-nav__list__item"><a class="primary-nav__list__item__link" data-code="/collection/fathers-day-grilling" href="/collection/fathers-day-grilling?navid=flyout-L3-fathers-day-grilling"><span class="primary-nav__list__item__link__text">Father's Day Grilling</span></a></li><li class="primary-nav__list__item"><a class="primary-nav__list__item__link" data-code="/collection/fathers-day-snacks-beverages" href="/collection/fathers-day-snacks-beverages?navid=flyout-L3-fathers-day-snacks-beverages"><span class="primary-nav__list__item__link__text">Father's Day Snacks &amp; Beverages</span></a></li></div></ul></li><li class="primary-nav__list__item primary-nav__list__item--with-children"><a class="primary-nav__list__item__link" data-code="28000" aria-expanded="false" href="/food/fruits-vegetables/c/28000?navid=flyout-L2-fruits-vegetables"><span class="primary-nav__list__item__link__text">Fruits &amp; Vegetables</span></a></li><li class="primary-nav__list__item primary-nav__list__item--with-children"><a class="primary-nav__list__item__link" data-code="28003" aria-expanded="false" href="/food/dairy-eggs/c/28003?navid=flyout-L2-Dairy-and-Eggs"><span class="primary-nav__list__item__link__text">Dairy &amp; Eggs</span></a></li><li class="primary-nav__list__item primary-nav__list__item--with-children"><a class="primary-nav__list__item__link" data-code="28006" aria-expanded="false" href="/food/pantry/c/28006?navid=flyout-L2-Pantry"><span class="primary-nav__list__item__link__text">Pantry</span></a></li><li class="primary-nav__list__item primary-nav__list__item--with-children"><a class="primary-nav__list__item__link" data-code="58044" aria-expanded="false" href="/food/international-foods/c/58044?navid=flyout-L2-International-Foods"><span class="primary-nav__list__item__link__text">International Foods</span></a></li><li class="primary-nav__list__item primary-nav__list__item--with-children"><a class="primary-nav__list__item__link" data-code="27998" aria-expanded="false" href="/food/meat/c/27998?navid=flyout-L2-Meat"><span class="primary-nav__list__item__link__text">Meat</span></a></li><li class="primary-nav__list__item primary-nav__list__item--with-children"><a class="primary-nav__list__item__link" data-code="27999" aria-expanded="false" href="/food/fish-seafood/c/27999?navid=flyout-L2-Fish-and-Seafood"><span class="primary-nav__list__item__link__text">Fish &amp; Seafood</span></a></li><li class="primary-nav__list__item primary-nav__list__item--with-children"><a class="primary-nav__list__item__link" data-code="57025" aria-expanded="false" href="/food/snacks-chips-candy/c/57025?navid=flyout-L2-snacks-chips-and-candy"><span class="primary-nav__list__item__link__text">Snacks, Chips &amp; Candy</span></a></li><li class="primary-nav__list__item primary-nav__list__item--with-children"><a class="primary-nav__list__item__link" data-code="28004" aria-expanded="false" href="/food/drinks/c/28004?navid=flyout-L2-Drinks"><span class="primary-nav__list__item__link__text">Drinks</span></a></li><li class="primary-nav__list__item primary-nav__list__item--with-children"><a class="primary-nav__list__item__link" data-code="28005" aria-expanded="false" href="/food/frozen-food/c/28005?navid=flyout-L2-frozen-food"><span class="primary-nav__list__item__link__text">Frozen Food</span></a></li><li class="primary-nav__list__item primary-nav__list__item--with-children"><a class="primary-nav__list__item__link" data-code="28189" aria-expanded="false" href="/food/natural-and-organic/c/28189?navid=flyout-L2-Natural-Organic"><span class="primary-nav__list__item__link__text">Natural and Organic</span></a></li><li class="primary-nav__list__item primary-nav__list__item--with-children"><a class="primary-nav__list__item__link" data-code="28001" aria-expanded="false" href="/food/deli/c/28001?navid=flyout-L2-Deli"><span class="primary-nav__list__item__link__text">Deli</span></a></li><li class="primary-nav__list__item primary-nav__list__item--with-children"><a class="primary-nav__list__item__link" data-code="28002" aria-expanded="false" href="/food/bakery/c/28002?navid=flyout-L2-Bakery"><span class="primary-nav__list__item__link__text">Bakery</span></a></li><li class="primary-nav__list__item primary-nav__list__item--with-children"><a class="primary-nav__list__item__link" data-code="27996" aria-expanded="false" href="/food/prepared-meals/c/27996?navid=flyout-L2-Prepared-Meals"><span class="primary-nav__list__item__link__text">Prepared Meals</span></a></li><li class="primary-nav__list__item"><a class="primary-nav__list__item__link" data-code="58821" href="/floral-shop/c/58821?navid=flyout-L2-FloralShop"><span class="primary-nav__list__item__link__text">Floral Shop</span></a></li></ul></li><li class="primary-nav__list__item primary-nav__list__item--with-children"><button class="primary-nav__list__item__link primary-nav__list__item__link--banner" data-code="xp-455-nonfood-departments" aria-expanded="false" data-aria-current="false"><span class="primary-nav__list__item__link__text">Home, Beauty &amp; Baby</span><svg class="MuiSvgIcon-root primary-nav__list__item__link__icon" focusable="false" viewBox="0 0 24 24" aria-hidden="true" style="font-size: 24px;"><path d="M16.59 8.59L12 13.17 7.41 8.59 6 10l6 6 6-6z"></path></svg></button><ul class="primary-nav__list primary-nav__list--level-1" data-code="xp-455-nonfood-departments"><li class="primary-nav__list__item primary-nav__list__item--state-hover primary-nav__list__item--state-active primary-nav__list__item--with-children"><a class="primary-nav__list__item__link" data-code="/print-flyer?flyer_run_id=912780&amp;flyer_type_name=genmerch" aria-expanded="true" data-aria-current="page" href="/print-flyer?flyer_run_id=912780&amp;flyer_type_name=genmerch&amp;navid=non-food-seasonal-shop-2024"><span class="primary-nav__list__item__link__text">Seasonal Shop</span></a><ul class="primary-nav__list primary-nav__list--level-2" data-code="non-food-seasonal-shop-2024"><li class="primary-nav__list__item primary-nav__list__item--see-all" data-code="non-food-seasonal-shop-2024"><a class="primary-nav__list__item__link" data-code="non-food-seasonal-shop-2024" href="/print-flyer?flyer_run_id=912780&amp;flyer_type_name=genmerch?navid=flyout-L2-see-all-Seasonal-Shop"><span class="primary-nav__list__item__link__text">See All Seasonal Shop</span></a></li><div class="nav-columns column-count--3"><li class="primary-nav__list__item"><a class="primary-nav__list__item__link" data-code="29362" href="/health-beauty/health-care/allergy-sinus/c/29362?navid=flyout-L3-allergy-sinus" style="min-height: 0px;"><span class="primary-nav__list__item__link__text" style="font-weight: 600; text-decoration: underline;">Allergy Relief</span></a></li><li class="primary-nav__list__item"><a class="primary-nav__list__item__link" data-code="/collection/spring-cleaning-value" href="/collection/spring-cleaning-value?navid=flyout-L3-spring-cleaning" style="min-height: 0px;"><span class="primary-nav__list__item__link__text" style="font-weight: 600; text-decoration: underline;">Spring Cleaning</span></a></li><li class="primary-nav__list__item"><a class="primary-nav__list__item__link" data-code="/collection/spring-cleaning-value" href="/collection/spring-cleaning-value?navid=flyout-L3-spring-cleaning-value"><span class="primary-nav__list__item__link__text">Cleaning Essentials</span></a></li><li class="primary-nav__list__item"><a class="primary-nav__list__item__link" data-code="/collection/spring-cleaning-products" href="/collection/spring-cleaning-products?navid=flyout-L3-spring-cleaning-household-products"><span class="primary-nav__list__item__link__text">Household Products</span></a></li><li class="primary-nav__list__item"><a class="primary-nav__list__item__link" data-code="/collection/spring-cleaning-laundry" href="/collection/spring-cleaning-laundry?navid=flyout-L3-spring-cleaning-laundry"><span class="primary-nav__list__item__link__text">Laundry Products</span></a></li></div></ul></li><li class="primary-nav__list__item primary-nav__list__item--with-children"><a class="primary-nav__list__item__link" data-code="27987" aria-expanded="false" href="/baby/c/27987?navid=flyout-L2-Baby"><span class="primary-nav__list__item__link__text">Baby</span></a></li><li class="primary-nav__list__item primary-nav__list__item--with-children"><a class="primary-nav__list__item__link" data-code="27988" aria-expanded="false" href="/pet-supplies/c/27988?navid=flyout-L2-Pet-Food-Supplies"><span class="primary-nav__list__item__link__text">Pet Food &amp; Supplies</span></a></li><li class="primary-nav__list__item primary-nav__list__item--with-children"><a class="primary-nav__list__item__link" data-code="28011" aria-expanded="false" href="/home-and-living/household-cleaning-products/c/28011?navid=flyout-L2-Household-and-Cleaning-Products"><span class="primary-nav__list__item__link__text">Household Supplies</span></a></li><li class="primary-nav__list__item primary-nav__list__item--with-children"><a class="primary-nav__list__item__link" data-code="27986" aria-expanded="false" href="/home-and-living/c/27986?navid=flyout-L2-Home &amp; Kitchen"><span class="primary-nav__list__item__link__text">Home &amp; Kitchen</span></a></li><li class="primary-nav__list__item primary-nav__list__item--with-children"><a class="primary-nav__list__item__link" data-code="27994" aria-expanded="false" href="/health-beauty/c/27994?navid=flyout-L2-Health-and-Beauty"><span class="primary-nav__list__item__link__text">Health &amp; Beauty</span></a></li><li class="primary-nav__list__item primary-nav__list__item--with-children"><a class="primary-nav__list__item__link" data-code="27992" aria-expanded="false" href="/computers-electronics/c/27992?navid=flyout-L2-Electronics &amp; Batteries "><span class="primary-nav__list__item__link__text">Electronics &amp; Batteries </span></a></li></ul></li><li class="primary-nav__list__item primary-nav__list__item--with-children"><button class="primary-nav__list__item__link" data-code="WhatsNew" aria-expanded="false" data-aria-current="false"><span class="primary-nav__list__item__link__text">New &amp; Now</span><svg class="MuiSvgIcon-root primary-nav__list__item__link__icon" focusable="false" viewBox="0 0 24 24" aria-hidden="true" style="font-size: 24px;"><path d="M16.59 8.59L12 13.17 7.41 8.59 6 10l6 6 6-6z"></path></svg></button><ul class="primary-nav__list primary-nav__list--level-1" data-code="WhatsNew"><li class="primary-nav__list__item"><a class="primary-nav__list__item__link" data-code="/collection/disc-new" href="/collection/disc-new?navid=flyout-L2-disc-new-arrivals-nav-discovery"><span class="primary-nav__list__item__link__text">New Arrivals</span></a></li><li class="primary-nav__list__item"><a class="primary-nav__list__item__link" data-code="/browse-by-brand" href="/browse-by-brand?navid=flyout-L2-Browse-by-Brand"><span class="primary-nav__list__item__link__text">Browse By Brand</span></a></li><li class="primary-nav__list__item"><a class="primary-nav__list__item__link" data-code="/collection/summer-insiders-new" href="/collection/summer-insiders-new?navid=flyout-L2-disc-sir-nav-summer-shop-new-must-trys"><span class="primary-nav__list__item__link__text">NEW! For summer</span></a></li><li class="primary-nav__list__item"><a class="primary-nav__list__item__link" data-code="/collection/disc-pizzeria-ready-to-eat" href="/collection/disc-pizzeria-ready-to-eat?navid=flyout-L2-seasonal-shop-nav-disc-pizza"><span class="primary-nav__list__item__link__text">Pizza essentials for less</span></a></li><li class="primary-nav__list__item"><a class="primary-nav__list__item__link" data-code="/collection/disc-bake-shop-essentials" href="/collection/disc-bake-shop-essentials?navid=flyout-L2-seasonal-shop-nav-disc-the-bake-shop"><span class="primary-nav__list__item__link__text">The Bake Shop</span></a></li><li class="primary-nav__list__item"><a class="primary-nav__list__item__link" data-code="/collection/celebrate-party-entertaining" href="/collection/celebrate-party-entertaining?navid=flyout-L2-seasonal-shop-nav-disc-party"><span class="primary-nav__list__item__link__text">Entertaining &amp; Party</span></a></li><li class="primary-nav__list__item"><a class="primary-nav__list__item__link" data-code="/collection/disc-natural-value" href="/collection/disc-natural-value?navid=flyout-L2-disc-dietary-alternatives-nav-discovery"><span class="primary-nav__list__item__link__text">Dietary Alternatives</span></a></li><li class="primary-nav__list__item"><a class="primary-nav__list__item__link" data-code="/collection/disc-hot-beverages-coffee" href="/collection/disc-hot-beverages-coffee?navid=flyout-L2-seasonal-shop-nav-disc-hot-bev"><span class="primary-nav__list__item__link__text">Coffee, tea &amp; hot drinks</span></a></li><li class="primary-nav__list__item"><a class="primary-nav__list__item__link" data-code="/collection/ice-cream-shop" href="/collection/ice-cream-shop?navid=flyout-L2-ice-cream-shop"><span class="primary-nav__list__item__link__text">Ice Cream Shop</span></a></li></ul></li><li class="primary-nav__list__item primary-nav__list__item--with-children"><button class="primary-nav__list__item__link" data-code="my-shop" aria-expanded="false" data-aria-current="false"><span class="primary-nav__list__item__link__text">My Shop</span><svg class="MuiSvgIcon-root primary-nav__list__item__link__icon" focusable="false" viewBox="0 0 24 24" aria-hidden="true" style="font-size: 24px;"><path d="M16.59 8.59L12 13.17 7.41 8.59 6 10l6 6 6-6z"></path></svg></button><ul class="primary-nav__list primary-nav__list--level-1" data-code="my-shop"><li class="primary-nav__list__item"><a class="primary-nav__list__item__link" data-code="/myshop" href="/myshop?navid=flyout-L2-QuickShopMostPurchasedNode"><span class="primary-nav__list__item__link__text">Most Purchased</span></a></li><li class="primary-nav__list__item"><a class="primary-nav__list__item__link" data-code="/myshop/past-orders" href="/myshop/past-orders?navid=flyout-L2-past-orders"><span class="primary-nav__list__item__link__text">Past Orders</span></a></li><li class="primary-nav__list__item"><a class="primary-nav__list__item__link" data-code="/myshop/aisles" href="/myshop/aisles?navid=flyout-L2-myshop-aisles"><span class="primary-nav__list__item__link__text">Aisles</span></a></li><li class="primary-nav__list__item"><a class="primary-nav__list__item__link" data-code="/lists" href="/lists?navid=flyout-L2-Shopping-List"><span class="primary-nav__list__item__link__text">Shopping List</span></a></li></ul></li><li class="primary-nav__list__item primary-nav__list__item--with-children"><button class="primary-nav__list__item__link" data-code="flyers-deals" aria-expanded="false" data-aria-current="false"><span class="primary-nav__list__item__link__text">Flyers &amp; Deals</span><svg class="MuiSvgIcon-root primary-nav__list__item__link__icon" focusable="false" viewBox="0 0 24 24" aria-hidden="true" style="font-size: 24px;"><path d="M16.59 8.59L12 13.17 7.41 8.59 6 10l6 6 6-6z"></path></svg></button><ul class="primary-nav__list primary-nav__list--level-1" data-code="flyers-deals"><li class="primary-nav__list__item"><a class="primary-nav__list__item__link" data-code="/print-flyer" href="/print-flyer?navid=flyout-L2-Flyer"><span class="primary-nav__list__item__link__text">Flyer</span></a></li><li class="primary-nav__list__item"><a class="primary-nav__list__item__link" data-code="/deals/all" href="/deals/all?navid=flyout-L2-All-Deals"><span class="primary-nav__list__item__link__text">All Deals</span></a></li><li class="primary-nav__list__item"><a class="primary-nav__list__item__link" data-code="/collection/online-offers" href="/collection/online-offers?navid=flyout-L2-fathers-day-offer"><span class="primary-nav__list__item__link__text">Spend $15, Get 5K PC Points on Hot Dogs, Sausages and BBQ Essentials - Use Code BBQ5K</span></a></li><li class="primary-nav__list__item"><a class="primary-nav__list__item__link" data-code="/collection/summer-insiders-value-desserts" href="/collection/summer-insiders-value-desserts?navid=flyout-L2-disc-sir-nav-summer-shop-deals-desserts"><span class="primary-nav__list__item__link__text">Summer Desserts from $3.99</span></a></li><li class="primary-nav__list__item"><a class="primary-nav__list__item__link" data-code="/collection/summer-insiders-value-snacks-appetizers-drinks" href="/collection/summer-insiders-value-snacks-appetizers-drinks?navid=flyout-L2-disc-sir-nav-summer-shop-deals-appetizers-drinks"><span class="primary-nav__list__item__link__text">Summer Essentials from $3.99</span></a></li><li class="primary-nav__list__item"><a class="primary-nav__list__item__link" data-code="/collection/disc-always-theme1" href="/collection/disc-always-theme1?navid=flyout-L2-flyer-deals-nav-disc-always-prices"><span class="primary-nav__list__item__link__text">Always Prices</span></a></li><li class="primary-nav__list__item"><a class="primary-nav__list__item__link" data-code="/collection/value" href="/collection/value?navid=flyout-L2-hit-of-the-month"><span class="primary-nav__list__item__link__text">Hit Of The Month</span></a></li><li class="primary-nav__list__item"><a class="primary-nav__list__item__link" data-code="/collection/dollar-ad" href="/collection/dollar-ad?navid=flyout-L2-dollar-ad"><span class="primary-nav__list__item__link__text">Dollar Items</span></a></li><li class="primary-nav__list__item"><a class="primary-nav__list__item__link" data-code="/collection/disc-no-name-meal-solutions" href="/collection/disc-no-name-meal-solutions?navid=flyout-L2-no-name"><span class="primary-nav__list__item__link__text">shop no name</span></a></li><li class="primary-nav__list__item"><a class="primary-nav__list__item__link" data-code="/wont-be-beat" href="/wont-be-beat?navid=flyout-L2-flyers-deals-won't-be-beat"><span class="primary-nav__list__item__link__text">Won't Be Beat</span></a></li></ul></li><li class="primary-nav__list__item primary-nav__list__item--with-children"><button class="primary-nav__list__item__link" data-code="services" aria-expanded="false" data-aria-current="false"><span class="primary-nav__list__item__link__text">Services</span><svg class="MuiSvgIcon-root primary-nav__list__item__link__icon" focusable="false" viewBox="0 0 24 24" aria-hidden="true" style="font-size: 24px;"><path d="M16.59 8.59L12 13.17 7.41 8.59 6 10l6 6 6-6z"></path></svg></button><ul class="primary-nav__list primary-nav__list--level-1" data-code="services"><li class="primary-nav__list__item"><a class="primary-nav__list__item__link" data-code="/pharmacy" href="/pharmacy?navid=flyout-L2-Pharmacy"><span class="primary-nav__list__item__link__text">Pharmacy</span></a></li><li class="primary-nav__list__item"><a class="primary-nav__list__item__link" data-code="/optical?navid=optical" href="/optical?navid=optical&amp;navid=Optical"><span class="primary-nav__list__item__link__text">Optical</span></a></li><li class="primary-nav__list__item"><a class="primary-nav__list__item__link" data-code="/medical-clinics?navid=medical-clinics" href="/medical-clinics?navid=medical-clinics&amp;navid=Medical Clinics"><span class="primary-nav__list__item__link__text">Medical Clinics</span></a></li><li class="primary-nav__list__item"><a href="https://erefill.yourhealthmattershere.ca/lcl-erefill-services/home/en_CA/welcome?navid=flyout-L2-perscription-management" aria-describedby="describe-link-opens-new-tab" target="_blank" rel="noopener noreferrer" class="primary-nav__list__item__link" data-code="https://erefill.yourhealthmattershere.ca/lcl-erefill-services/home/en_CA/welcome" data-is-external-link="true"><span class="primary-nav__list__item__link__text">Prescription Management </span></a></li><li class="primary-nav__list__item"><a class="primary-nav__list__item__link" data-code="/digital-flyer-subscriptions" href="/digital-flyer-subscriptions?navid=flyout-L2-digital-newsletter"><span class="primary-nav__list__item__link__text">Let's go digital, digital</span></a></li></ul></li><li class="primary-nav__list__item"><a class="primary-nav__list__item__link" data-code="/pc-express-pass" href="/pc-express-pass?navid=flyout-L1-PCXPass"><span class="primary-nav__list__item__link__text">PC Express Pass</span></a></li></ul></nav></div><div class="menu-bar__account menu-bar__account--exp-BX-2651-shift-flyout-down"><div class="header-account-links"><div class="header-account-links__item"><div class="account account--exp-BX-2651-login-font-color"><a class="sign-in account__login-link" data-track="headerSignInLink" data-auid="account-login-button" href="/account/login?redirect=/food/fruits-vegetables/fresh-vegetables/c/28195?navid=flyout-L3-Fresh-Vegetables&amp;page=4"><svg class="MuiSvgIcon-root account__login-link__icon" focusable="false" viewBox="0 0 24 24" aria-hidden="true" style="font-size: 16px;"><path d="M12 2C6.48 2 2 6.48 2 12s4.48 10 10 10 10-4.48 10-10S17.52 2 12 2zM7.07 18.28c.43-.9 3.05-1.78 4.93-1.78s4.51.88 4.93 1.78C15.57 19.36 13.86 20 12 20s-3.57-.64-4.93-1.72zm11.29-1.45c-1.43-1.74-4.9-2.33-6.36-2.33s-4.93.59-6.36 2.33C4.62 15.49 4 13.82 4 12c0-4.41 3.59-8 8-8s8 3.59 8 8c0 1.82-.62 3.49-1.64 4.83zM12 6c-1.94 0-3.5 1.56-3.5 3.5S10.06 13 12 13s3.5-1.56 3.5-3.5S13.94 6 12 6zm0 5c-.83 0-1.5-.67-1.5-1.5S11.17 8 12 8s1.5.67 1.5 1.5S12.83 11 12 11z"></path></svg>Sign In</a></div></div></div></div><div class="menu-bar__mini-cart" data-auid="mini-cart"><div class="mini-cart mini-cart--inactive" data-cruller="conditional-content-inactive"><button class="desktop-mini-cart-button" data-track="headerMiniCartButton" data-auid="mini-cart-button" aria-expanded="false" alt="Review Cart" data-testid="mini-cart-button"><span class="sr-only sr-only-focusable">Review Cart</span><div class="cart-item-count cart-item-count--length-0"><svg class="MuiSvgIcon-root cart-item-count__icon" focusable="false" viewBox="0 0 24 24" aria-hidden="true"><path d="M15.55 13c.75 0 1.41-.41 1.75-1.03l3.58-6.49c.37-.66-.11-1.48-.87-1.48H5.21l-.94-2H1v2h2l3.6 7.59-1.35 2.44C4.52 15.37 5.48 17 7 17h12v-2H7l1.1-2h7.45zM6.16 6h12.15l-2.76 5H8.53L6.16 6zM7 18c-1.1 0-1.99.9-1.99 2S5.9 22 7 22s2-.9 2-2-.9-2-2-2zm10 0c-1.1 0-1.99.9-1.99 2s.89 2 1.99 2 2-.9 2-2-.9-2-2-2z"></path></svg><span class="cart-item-count__text" data-cruller="mini-cart-item-count">0</span></div><div class="desktop-mini-cart-button__subtotal"><span class="cart-subtotal"><span data-cruller="cart-subtotal-text">$0.00</span></span></div><svg class="MuiSvgIcon-root desktop-mini-cart-button__icon" focusable="false" viewBox="0 0 24 24" aria-hidden="true" style="font-size: 18px;"><path d="M16.59 8.59L12 13.17 7.41 8.59 6 10l6 6 6-6z"></path></svg></button><div class="mini-cart__flyout" data-track-product-component="mini-cart" data-auid="mini-cart-flyout" data-cruller="mini-cart-flyout"><div class="cart-empty-warning"><p class="text text--small6 text--left text--default-color cart-empty-warning cart-empty-warning--text" role="status" tabindex="0">Your cart is empty</p></div><div class="cart-summary"><div class="cart-summary__content"><div class="cart-summary__content__subtotal"><span class="cart-summary__content__subtotal__text">Subtotal: </span><span class="cart-summary__content__subtotal__value">$0.00</span></div><button class="checkout-button checkout-button--cart-summary checkout-button--disabled" data-auid="checkout-button" data-cruller="checkout-button" disabled="" aria-disabled="true">Checkout</button></div></div></div></div></div><button class="checkout-button checkout-button--menu-bar checkout-button--disabled" data-auid="checkout-button" data-cruller="checkout-button" disabled="" aria-disabled="true">Checkout</button></div></header></div></div></div><div class="site-layout__content" style="margin-top: 0px;"><main class="site-content" id="site-content"><div class="view-resolver-component"><div data-testid="listing-page-container" class="css-1nntebs"><div class="css-1o5imin"><div class="accessibility-links"><a href="#site-filter-content" class="skip-to sr-only sr-only-focusable" data-is-external-link="true">Skip to Filter section</a></div><div class="css-1gd8q4x"><div class="css-68b01z" style="min-width: 48%; margin-right: 8px;"><div class="css-0"><button type="button" class="chakra-button css-iepidu"><svg stroke="currentColor" fill="currentColor" stroke-width="0" viewBox="0 0 24 24" focusable="false" class="chakra-icon css-1roiikw" role="img" aria-hidden="true" height="1em" width="1em" xmlns="http://www.w3.org/2000/svg"><path d="M3 18h18v-2H3v2zm0-5h18v-2H3v2zm0-7v2h18V6H3z"></path></svg><p class="chakra-text css-enebnb">Categories</p></button></div></div><div class="css-1o5imin"><div class="chakra-stack css-1dmkkkz"><button type="button" class="chakra-button css-17zlqvn" data-testid="back-link"><span class="chakra-button__icon css-1wh2kri"><svg stroke="currentColor" fill="currentColor" stroke-width="0" viewBox="0 0 24 24" color="#00817F" aria-hidden="true" focusable="false" height="1.25rem" width="1.25rem" xmlns="http://www.w3.org/2000/svg" style="color: rgb(0, 129, 127);"><path d="M20 11H7.83l5.59-5.59L12 4l-8 8 8 8 1.41-1.41L7.83 13H20v-2z"></path></svg></span>Fruits &amp; Vegetables</button><h3 class="chakra-heading css-1v3q63h" data-testid="category-name">Fresh Vegetables</h3><div class="css-1kkjkbw"><div data-testid="plp-navigation" class="css-uwwqev"><hr aria-orientation="horizontal" class="chakra-divider css-1ap8ayt"><div class="css-u0o8n8"><div data-testid="link-list" class="css-uwwqev"><div data-testid="vertical-scroller-container" class="link-list-maxH css-13sh9ng"><ul role="list" class="css-pc4dq5"><li data-testid="link-list-item" class="link-list-item css-pqixsk"><a class="chakra-link css-1o1i5mr" data-testid="nav-list-link" href="/food/fruits-vegetables/fresh-vegetables/c/28195">See All</a></li><li data-testid="link-list-item" class="link-list-item css-pqixsk"><a class="chakra-link css-1o1i5mr" data-testid="nav-list-link" href="/food/fruits-vegetables/fresh-vegetables/carrots-radish-root-vegetables/c/29593">Carrots, Radish &amp; Root Vegetables</a></li><li data-testid="link-list-item" class="link-list-item css-pqixsk"><a class="chakra-link css-1o1i5mr" data-testid="nav-list-link" href="/food/fruits-vegetables/fresh-vegetables/ginger-garlic/c/29594">Ginger &amp; Garlic</a></li><li data-testid="link-list-item" class="link-list-item css-pqixsk"><a class="chakra-link css-1o1i5mr" data-testid="nav-list-link" href="/food/fruits-vegetables/fresh-vegetables/squash-pumpkin/c/29595">Squash &amp; Pumpkin</a></li><li data-testid="link-list-item" class="link-list-item css-pqixsk"><a class="chakra-link css-1o1i5mr" data-testid="nav-list-link" href="/food/fruits-vegetables/fresh-vegetables/asparagus-artichokes-rapini/c/29596">Asparagus, Artichokes &amp; Rapini</a></li><li data-testid="link-list-item" class="link-list-item css-pqixsk"><a class="chakra-link css-1o1i5mr" data-testid="nav-list-link" href="/food/fruits-vegetables/fresh-vegetables/peas-beans-corn/c/29597">Peas, Beans &amp; Corn</a></li><li data-testid="link-list-item" class="link-list-item css-pqixsk"><a class="chakra-link css-1o1i5mr" data-testid="nav-list-link" href="/food/fruits-vegetables/fresh-vegetables/international-specialty-vegetables/c/29598">International &amp; Specialty Vegetables</a></li><li data-testid="link-list-item" class="link-list-item css-pqixsk"><a class="chakra-link css-1o1i5mr" data-testid="nav-list-link" href="/food/fruits-vegetables/fresh-vegetables/broccoli-cabbage-cauliflower/c/29611">Broccoli, Cabbage &amp; Cauliflower</a></li><li data-testid="link-list-item" class="link-list-item css-pqixsk"><a class="chakra-link css-1o1i5mr" data-testid="nav-list-link" href="/food/fruits-vegetables/fresh-vegetables/lettuce-leafy-vegetables/c/29612">Lettuce &amp; Leafy Vegetables</a></li><li data-testid="link-list-item" class="link-list-item css-pqixsk"><a class="chakra-link css-1o1i5mr" data-testid="nav-list-link" href="/food/fruits-vegetables/fresh-vegetables/tomatoes-peppers/c/29613">Tomatoes &amp; Peppers</a></li><li data-testid="link-list-item" class="link-list-item css-pqixsk"><a class="chakra-link css-1o1i5mr" data-testid="nav-list-link" href="/food/fruits-vegetables/fresh-vegetables/mushrooms/c/29614">Mushrooms</a></li><li data-testid="link-list-item" class="link-list-item css-pqixsk"><a class="chakra-link css-1o1i5mr" data-testid="nav-list-link" href="/food/fruits-vegetables/fresh-vegetables/cucumber-celery-leeks/c/29615">Cucumber, Celery &amp; Leeks</a></li><li data-testid="link-list-item" class="link-list-item css-pqixsk"><a class="chakra-link css-1o1i5mr" data-testid="nav-list-link" href="/food/fruits-vegetables/fresh-vegetables/eggplant-zucchini/c/29616">Eggplant &amp; Zucchini</a></li><li data-testid="link-list-item" class="link-list-item css-pqixsk"><a class="chakra-link css-1o1i5mr" data-testid="nav-list-link" href="/food/fruits-vegetables/fresh-vegetables/potatos-onions/c/29617">Potatos &amp; Onions</a></li></ul></div></div></div></div></div></div></div><div id="site-filter-content" class="css-1o5imin"><div data-testid="filters" class="css-0"><h3 class="chakra-heading css-1je9eg" data-testid="filters-title">Filters</h3><div class="chakra-accordion css-8atqhb"><div data-testid="accordion-item" class="chakra-accordion__item css-1eqvzj9"><button type="button" id="accordion-button-:ra:" aria-expanded="true" aria-controls="accordion-panel-:ra:" class="chakra-accordion__button css-hrnt5e" data-index="0"><div class="css-gc18h7"><div class="chakra-stack css-84zodg"><p class="chakra-heading css-1m68k9a" data-testid="accordion-title">Brand</p></div></div><svg viewBox="0 0 24 24" focusable="false" class="chakra-icon chakra-accordion__icon css-t57yid" aria-hidden="true" data-testid="accordion-icon" spacing="0.5rem"><path fill="currentColor" d="M16.59 8.59L12 13.17 7.41 8.59 6 10l6 6 6-6z"></path></svg></button><div class="chakra-collapse" style="overflow: hidden; display: block; opacity: 1; height: auto;"><div role="region" id="accordion-panel-:ra:" aria-labelledby="accordion-button-:ra:" class="chakra-accordion__panel css-1vur3y6"><div data-testid="multiselect-filter" class="css-0"><div class="css-olyig7"><div class="css-1qqj5bb"><div class="chakra-input__group css-4302v8"><input name="Brand" aria-label="Search Brand" type="text" autocomplete="none" placeholder="Search" data-testid="search-bar-input" class="chakra-input css-bq0vr5" value=""><div class="chakra-input__right-element css-e8p12v"></div><div class="chakra-input__right-element css-fpzj2j"><button type="button" class="chakra-button css-1ln0r8q" data-testid="search-icon"><svg stroke="currentColor" fill="currentColor" stroke-width="0" viewBox="0 0 24 24" aria-hidden="true" focusable="false" height="1em" width="1em" xmlns="http://www.w3.org/2000/svg"><path d="M15.5 14h-.79l-.28-.27C15.41 12.59 16 11.11 16 9.5 16 5.91 13.09 3 9.5 3S3 5.91 3 9.5 5.91 16 9.5 16c1.61 0 3.09-.59 4.23-1.57l.27.28v.79l5 4.99L20.49 19l-4.99-5zm-6 0C7.01 14 5 11.99 5 9.5S7.01 5 9.5 5 14 7.01 14 9.5 11.99 14 9.5 14z"></path></svg></button></div></div></div></div><fieldset class="css-0"><legend class="css-idkz9h">filter by Brand. Choosing a filter will reload the page with the new results</legend><div data-testid="vertical-scroller-container" class="css-8eow9g"><fieldset class="css-0"><legend class="css-idkz9h"></legend><ul role="list" class="css-155za0w"><li data-testid="filter-item" class="css-0"><label class="chakra-checkbox css-1gpkbbx" data-testid="filter-checkbox"><input class="chakra-checkbox__input" type="checkbox" name="No Name" value="N" style="border: 0px; clip: rect(0px, 0px, 0px, 0px); height: 1px; width: 1px; margin: -1px; padding: 0px; overflow: hidden; white-space: nowrap; position: absolute;"><span class="chakra-checkbox__control css-fqst55" aria-hidden="true"></span><span class="chakra-checkbox__label css-poea06"><div class="css-1nsfdkm"><p class="chakra-text css-0">No Name</p></div></span></label></li><li data-testid="filter-item" class="css-0"><label class="chakra-checkbox css-1gpkbbx" data-testid="filter-checkbox"><input class="chakra-checkbox__input" type="checkbox" name="Gen V" value="GNV" style="border: 0px; clip: rect(0px, 0px, 0px, 0px); height: 1px; width: 1px; margin: -1px; padding: 0px; overflow: hidden; white-space: nowrap; position: absolute;"><span class="chakra-checkbox__control css-fqst55" aria-hidden="true"></span><span class="chakra-checkbox__label css-poea06"><div class="css-1nsfdkm"><p class="chakra-text css-0">Gen V</p></div></span></label></li><li data-testid="filter-item" class="css-0"><label class="chakra-checkbox css-1gpkbbx" data-testid="filter-checkbox"><input class="chakra-checkbox__input" type="checkbox" name="PC Organics" value="PO" style="border: 0px; clip: rect(0px, 0px, 0px, 0px); height: 1px; width: 1px; margin: -1px; padding: 0px; overflow: hidden; white-space: nowrap; position: absolute;"><span class="chakra-checkbox__control css-fqst55" aria-hidden="true"></span><span class="chakra-checkbox__label css-poea06"><div class="css-1nsfdkm"><p class="chakra-text css-0">PC Organics</p></div></span></label></li><li data-testid="filter-item" class="css-0"><label class="chakra-checkbox css-1gpkbbx" data-testid="filter-checkbox"><input class="chakra-checkbox__input" type="checkbox" name="Rooster" value="ROO" style="border: 0px; clip: rect(0px, 0px, 0px, 0px); height: 1px; width: 1px; margin: -1px; padding: 0px; overflow: hidden; white-space: nowrap; position: absolute;"><span class="chakra-checkbox__control css-fqst55" aria-hidden="true"></span><span class="chakra-checkbox__label css-poea06"><div class="css-1nsfdkm"><p class="chakra-text css-0">Rooster</p></div></span></label></li><li data-testid="filter-item" class="css-0"><label class="chakra-checkbox css-1gpkbbx" data-testid="filter-checkbox"><input class="chakra-checkbox__input" type="checkbox" name="Farmer's Market" value="FM" style="border: 0px; clip: rect(0px, 0px, 0px, 0px); height: 1px; width: 1px; margin: -1px; padding: 0px; overflow: hidden; white-space: nowrap; position: absolute;"><span class="chakra-checkbox__control css-fqst55" aria-hidden="true"></span><span class="chakra-checkbox__label css-poea06"><div class="css-1nsfdkm"><p class="chakra-text css-0">Farmer's Market</p></div></span></label></li><li data-testid="filter-item" class="css-0"><label class="chakra-checkbox css-1gpkbbx" data-testid="filter-checkbox"><input class="chakra-checkbox__input" type="checkbox" name="President's Choice" value="P" style="border: 0px; clip: rect(0px, 0px, 0px, 0px); height: 1px; width: 1px; margin: -1px; padding: 0px; overflow: hidden; white-space: nowrap; position: absolute;"><span class="chakra-checkbox__control css-fqst55" aria-hidden="true"></span><span class="chakra-checkbox__label css-poea06"><div class="css-1nsfdkm"><p class="chakra-text css-0">President's Choice</p></div></span></label></li><li data-testid="filter-item" class="css-0"><label class="chakra-checkbox css-1gpkbbx" data-testid="filter-checkbox"><input class="chakra-checkbox__input" type="checkbox" name="Manns" value="MNNS" style="border: 0px; clip: rect(0px, 0px, 0px, 0px); height: 1px; width: 1px; margin: -1px; padding: 0px; overflow: hidden; white-space: nowrap; position: absolute;"><span class="chakra-checkbox__control css-fqst55" aria-hidden="true"></span><span class="chakra-checkbox__label css-poea06"><div class="css-1nsfdkm"><p class="chakra-text css-0">Manns</p></div></span></label></li></ul></fieldset></div></fieldset></div></div></div></div><div data-testid="accordion-item" class="chakra-accordion__item css-1eqvzj9"><button type="button" id="accordion-button-:rd:" aria-expanded="false" aria-controls="accordion-panel-:rd:" class="chakra-accordion__button css-hrnt5e" data-index="1"><div class="css-gc18h7"><div class="chakra-stack css-84zodg"><p class="chakra-heading css-1m68k9a" data-testid="accordion-title">Deals</p></div></div><svg viewBox="0 0 24 24" focusable="false" class="chakra-icon chakra-accordion__icon css-17nyvs4" aria-hidden="true" data-testid="accordion-icon" spacing="0.5rem"><path fill="currentColor" d="M16.59 8.59L12 13.17 7.41 8.59 6 10l6 6 6-6z"></path></svg></button><div class="chakra-collapse" style="overflow: hidden; display: none; opacity: 0; height: 0px;"><div role="region" id="accordion-panel-:rd:" aria-labelledby="accordion-button-:rd:" class="chakra-accordion__panel css-1vur3y6"><div data-testid="filters-filter-list" class="css-8eow9g"><fieldset class="css-0"><legend class="css-idkz9h">filter by Deals. Choosing a filter will reload the page with the new results</legend><ul role="list" class="css-155za0w"><li data-testid="filter-item" class="css-0"><label class="chakra-checkbox css-1gpkbbx" data-testid="filter-checkbox"><input class="chakra-checkbox__input" type="checkbox" name="Price Reduction" value="Price Reduction" style="border: 0px; clip: rect(0px, 0px, 0px, 0px); height: 1px; width: 1px; margin: -1px; padding: 0px; overflow: hidden; white-space: nowrap; position: absolute;"><span class="chakra-checkbox__control css-fqst55" aria-hidden="true"></span><span class="chakra-checkbox__label css-poea06"><div class="css-1nsfdkm"><p class="chakra-text css-0">Price Reduction</p></div></span></label></li><li data-testid="filter-item" class="css-0"><label class="chakra-checkbox css-1gpkbbx" data-testid="filter-checkbox"><input class="chakra-checkbox__input" type="checkbox" name="$1,$2,$3,$4,$5" value="$1,$2,$3,$4,$5" style="border: 0px; clip: rect(0px, 0px, 0px, 0px); height: 1px; width: 1px; margin: -1px; padding: 0px; overflow: hidden; white-space: nowrap; position: absolute;"><span class="chakra-checkbox__control css-fqst55" aria-hidden="true"></span><span class="chakra-checkbox__label css-poea06"><div class="css-1nsfdkm"><p class="chakra-text css-0">$1,$2,$3,$4,$5</p></div></span></label></li></ul></fieldset></div></div></div></div><div data-testid="accordion-item" class="chakra-accordion__item css-1eqvzj9"><button type="button" id="accordion-button-:rg:" aria-expanded="false" aria-controls="accordion-panel-:rg:" class="chakra-accordion__button css-hrnt5e" data-index="2"><div class="css-gc18h7"><div class="chakra-stack css-84zodg"><p class="chakra-heading css-1m68k9a" data-testid="accordion-title">Price</p></div></div><svg viewBox="0 0 24 24" focusable="false" class="chakra-icon chakra-accordion__icon css-17nyvs4" aria-hidden="true" data-testid="accordion-icon" spacing="0.5rem"><path fill="currentColor" d="M16.59 8.59L12 13.17 7.41 8.59 6 10l6 6 6-6z"></path></svg></button><div class="chakra-collapse" style="overflow: hidden; display: none; opacity: 0; height: 0px;"><div role="region" id="accordion-panel-:rg:" aria-labelledby="accordion-button-:rg:" class="chakra-accordion__panel css-1vur3y6"><div data-testid="filters-filter-list" class="css-8eow9g"><fieldset class="css-0"><legend class="css-idkz9h">filter by Price. Choosing a filter will reload the page with the new results</legend><ul role="list" class="css-155za0w"><li data-testid="filter-item" class="css-0"><label class="chakra-checkbox css-1gpkbbx" data-testid="filter-checkbox"><input class="chakra-checkbox__input" type="checkbox" name="$1 and under" value="$1 and under" style="border: 0px; clip: rect(0px, 0px, 0px, 0px); height: 1px; width: 1px; margin: -1px; padding: 0px; overflow: hidden; white-space: nowrap; position: absolute;"><span class="chakra-checkbox__control css-fqst55" aria-hidden="true"></span><span class="chakra-checkbox__label css-poea06"><div class="css-1nsfdkm"><p class="chakra-text css-0">$1 and under</p></div></span></label></li><li data-testid="filter-item" class="css-0"><label class="chakra-checkbox css-1gpkbbx" data-testid="filter-checkbox"><input class="chakra-checkbox__input" type="checkbox" name="$2 and under" value="$2 and under" style="border: 0px; clip: rect(0px, 0px, 0px, 0px); height: 1px; width: 1px; margin: -1px; padding: 0px; overflow: hidden; white-space: nowrap; position: absolute;"><span class="chakra-checkbox__control css-fqst55" aria-hidden="true"></span><span class="chakra-checkbox__label css-poea06"><div class="css-1nsfdkm"><p class="chakra-text css-0">$2 and under</p></div></span></label></li><li data-testid="filter-item" class="css-0"><label class="chakra-checkbox css-1gpkbbx" data-testid="filter-checkbox"><input class="chakra-checkbox__input" type="checkbox" name="$3 and under" value="$3 and under" style="border: 0px; clip: rect(0px, 0px, 0px, 0px); height: 1px; width: 1px; margin: -1px; padding: 0px; overflow: hidden; white-space: nowrap; position: absolute;"><span class="chakra-checkbox__control css-fqst55" aria-hidden="true"></span><span class="chakra-checkbox__label css-poea06"><div class="css-1nsfdkm"><p class="chakra-text css-0">$3 and under</p></div></span></label></li><li data-testid="filter-item" class="css-0"><label class="chakra-checkbox css-1gpkbbx" data-testid="filter-checkbox"><input class="chakra-checkbox__input" type="checkbox" name="$4 and under" value="$4 and under" style="border: 0px; clip: rect(0px, 0px, 0px, 0px); height: 1px; width: 1px; margin: -1px; padding: 0px; overflow: hidden; white-space: nowrap; position: absolute;"><span class="chakra-checkbox__control css-fqst55" aria-hidden="true"></span><span class="chakra-checkbox__label css-poea06"><div class="css-1nsfdkm"><p class="chakra-text css-0">$4 and under</p></div></span></label></li><li data-testid="filter-item" class="css-0"><label class="chakra-checkbox css-1gpkbbx" data-testid="filter-checkbox"><input class="chakra-checkbox__input" type="checkbox" name="$5 and under" value="$5 and under" style="border: 0px; clip: rect(0px, 0px, 0px, 0px); height: 1px; width: 1px; margin: -1px; padding: 0px; overflow: hidden; white-space: nowrap; position: absolute;"><span class="chakra-checkbox__control css-fqst55" aria-hidden="true"></span><span class="chakra-checkbox__label css-poea06"><div class="css-1nsfdkm"><p class="chakra-text css-0">$5 and under</p></div></span></label></li><li data-testid="filter-item" class="css-0"><label class="chakra-checkbox css-1gpkbbx" data-testid="filter-checkbox"><input class="chakra-checkbox__input" type="checkbox" name="$5-$10" value="$5-$10" style="border: 0px; clip: rect(0px, 0px, 0px, 0px); height: 1px; width: 1px; margin: -1px; padding: 0px; overflow: hidden; white-space: nowrap; position: absolute;"><span class="chakra-checkbox__control css-fqst55" aria-hidden="true"></span><span class="chakra-checkbox__label css-poea06"><div class="css-1nsfdkm"><p class="chakra-text css-0">$5-$10</p></div></span></label></li><li data-testid="filter-item" class="css-0"><label class="chakra-checkbox css-1gpkbbx" data-testid="filter-checkbox"><input class="chakra-checkbox__input" type="checkbox" name="$10-$15" value="$10-$15" style="border: 0px; clip: rect(0px, 0px, 0px, 0px); height: 1px; width: 1px; margin: -1px; padding: 0px; overflow: hidden; white-space: nowrap; position: absolute;"><span class="chakra-checkbox__control css-fqst55" aria-hidden="true"></span><span class="chakra-checkbox__label css-poea06"><div class="css-1nsfdkm"><p class="chakra-text css-0">$10-$15</p></div></span></label></li><li data-testid="filter-item" class="css-0"><label class="chakra-checkbox css-1gpkbbx" data-testid="filter-checkbox"><input class="chakra-checkbox__input" type="checkbox" name="$15-$20" value="$15-$20" style="border: 0px; clip: rect(0px, 0px, 0px, 0px); height: 1px; width: 1px; margin: -1px; padding: 0px; overflow: hidden; white-space: nowrap; position: absolute;"><span class="chakra-checkbox__control css-fqst55" aria-hidden="true"></span><span class="chakra-checkbox__label css-poea06"><div class="css-1nsfdkm"><p class="chakra-text css-0">$15-$20</p></div></span></label></li><li data-testid="filter-item" class="css-0"><label class="chakra-checkbox css-1gpkbbx" data-testid="filter-checkbox"><input class="chakra-checkbox__input" type="checkbox" name="$20-$30" value="$20-$30" style="border: 0px; clip: rect(0px, 0px, 0px, 0px); height: 1px; width: 1px; margin: -1px; padding: 0px; overflow: hidden; white-space: nowrap; position: absolute;"><span class="chakra-checkbox__control css-fqst55" aria-hidden="true"></span><span class="chakra-checkbox__label css-poea06"><div class="css-1nsfdkm"><p class="chakra-text css-0">$20-$30</p></div></span></label></li></ul></fieldset></div></div></div></div><div data-testid="accordion-item" class="chakra-accordion__item css-1eqvzj9"><button type="button" id="accordion-button-:rj:" aria-expanded="false" aria-controls="accordion-panel-:rj:" class="chakra-accordion__button css-hrnt5e" data-index="3"><div class="css-gc18h7"><div class="chakra-stack css-84zodg"><p class="chakra-heading css-1m68k9a" data-testid="accordion-title">Dietary &amp; Lifestyle</p></div></div><svg viewBox="0 0 24 24" focusable="false" class="chakra-icon chakra-accordion__icon css-17nyvs4" aria-hidden="true" data-testid="accordion-icon" spacing="0.5rem"><path fill="currentColor" d="M16.59 8.59L12 13.17 7.41 8.59 6 10l6 6 6-6z"></path></svg></button><div class="chakra-collapse" style="overflow: hidden; display: none; opacity: 0; height: 0px;"><div role="region" id="accordion-panel-:rj:" aria-labelledby="accordion-button-:rj:" class="chakra-accordion__panel css-1vur3y6"><div data-testid="filters-filter-list" class="css-8eow9g"><fieldset class="css-0"><legend class="css-idkz9h">filter by Dietary &amp; Lifestyle. Choosing a filter will reload the page with the new results</legend><ul role="list" class="css-155za0w"><li data-testid="filter-item" class="css-0"><label class="chakra-checkbox css-1gpkbbx" data-testid="filter-checkbox"><input class="chakra-checkbox__input" type="checkbox" name="Lactose Free" value="lactose_free" style="border: 0px; clip: rect(0px, 0px, 0px, 0px); height: 1px; width: 1px; margin: -1px; padding: 0px; overflow: hidden; white-space: nowrap; position: absolute;"><span class="chakra-checkbox__control css-fqst55" aria-hidden="true"></span><span class="chakra-checkbox__label css-poea06"><div class="css-1nsfdkm"><p class="chakra-text css-0">Lactose Free</p></div></span></label></li><li data-testid="filter-item" class="css-0"><label class="chakra-checkbox css-1gpkbbx" data-testid="filter-checkbox"><input class="chakra-checkbox__input" type="checkbox" name="Peanut Free Facility" value="peanut_free" style="border: 0px; clip: rect(0px, 0px, 0px, 0px); height: 1px; width: 1px; margin: -1px; padding: 0px; overflow: hidden; white-space: nowrap; position: absolute;"><span class="chakra-checkbox__control css-fqst55" aria-hidden="true"></span><span class="chakra-checkbox__label css-poea06"><div class="css-1nsfdkm"><p class="chakra-text css-0">Peanut Free Facility</p></div></span></label></li><li data-testid="filter-item" class="css-0"><label class="chakra-checkbox css-1gpkbbx" data-testid="filter-checkbox"><input class="chakra-checkbox__input" type="checkbox" name="Gluten Free" value="gluten_free" style="border: 0px; clip: rect(0px, 0px, 0px, 0px); height: 1px; width: 1px; margin: -1px; padding: 0px; overflow: hidden; white-space: nowrap; position: absolute;"><span class="chakra-checkbox__control css-fqst55" aria-hidden="true"></span><span class="chakra-checkbox__label css-poea06"><div class="css-1nsfdkm"><p class="chakra-text css-0">Gluten Free</p></div></span></label></li><li data-testid="filter-item" class="css-0"><label class="chakra-checkbox css-1gpkbbx" data-testid="filter-checkbox"><input class="chakra-checkbox__input" type="checkbox" name="Organic" value="organic" style="border: 0px; clip: rect(0px, 0px, 0px, 0px); height: 1px; width: 1px; margin: -1px; padding: 0px; overflow: hidden; white-space: nowrap; position: absolute;"><span class="chakra-checkbox__control css-fqst55" aria-hidden="true"></span><span class="chakra-checkbox__label css-poea06"><div class="css-1nsfdkm"><p class="chakra-text css-0">Organic</p></div></span></label></li></ul></fieldset></div></div></div></div></div></div></div></div><div class="css-7nb5qz"><div data-testid="gam-ad-unit" class="css-bleycz"><div class="css-gkj5nx"><div class="css-9msay7"><div class="css-1pc1dj"></div></div></div></div></div></div><div class="css-0"><div class="css-1wzmpw3"><div data-testid="gam-ad-unit" class="css-bleycz"><div class="css-gkj5nx"><div class="css-9msay7"><div class="css-1pc1dj"><a href="https://adclick.g.doubleclick.net/pcs/click?xai=AKAOjssVAXoxf24wTvqJ9TjYIljPfVtw-bB3QU3lfQyQ7YowKOywtu37dUMAjZJegX4MHFkwXRBqcO1F_W8K-_uQ_OkaDk8kUuvkGWOwV4EkTq3vpkcM-rJ4Q3i8J9zMqtab5eUlFTenaiWJRfwmGauKUuNEbacJPC85VDOg5TPHIXBJjtC_qqHG2PoB4Xhvb0R4Zwk_o2uwEqhFibUZrPWD13FDvIVWBBkGw_ZAYEX23dTQ_QSlexW7SXEq-d13XE6252O5Za9yfzCF4khDr8fz-MfDc7AsfajMLy-raRZM-ri_wZi_LNyQl7AtPhgp9T3_2J5GbKCs_cu8Et2rIgzPR_i8ZHvCv5yTLZ-AjeJ84D6esaWhAh-LyK_R_oeWFydxsXoq&amp;sai=AMfl-YSfPYQhkkkVtgT-Secrn1ulVhC9xEM5lu51DWYwEeQWxWqV6aFyL8gUFTkoeYBtThq11EsiCuaPgeb_KkJwY8X8XxNuLGJ9YiTNDivrxv9sgULY1fH8k8RhEBe1Ub3dvYWrnpG9fErqkhjW5NdAYU08u427XQrqX3bU1BvrPekmP9Y&amp;sig=Cg0ArKJSzFYMGrX3cEkZEAE&amp;fbs_aeid=%5Bgw_fbsaeid%5D&amp;urlfix=1&amp;adurl=https://www.nofrills.ca%2Facebakery%3Ficid%3Dve_fgf_gr_summer-sustain_20240516_20240814_ros" target="_self" class="css-mlhfep">Sponsored 3rd party ad content. ACE Bakery Hello Sunshine SHOP NOW</a><div data-testid="google_ads_/21915145997/nofrills-ca/27985/28000/28195_1" id="google_ads_/21915145997/nofrills-ca/27985/28000/28195_1" class="css-ov1ktg" data-google-query-id="CJbxneXevoYDFY6UgwgdLKwCkg"><div id="google_ads_iframe_/21915145997/nofrills-ca/27985/28000/28195_0__container__" style="border: 0pt none;"><iframe id="google_ads_iframe_/21915145997/nofrills-ca/27985/28000/28195_0" name="google_ads_iframe_/21915145997/nofrills-ca/27985/28000/28195_0" title="3rd party ad content" width="728" height="90" scrolling="no" marginwidth="0" marginheight="0" frameborder="0" aria-label="Advertisement" tabindex="-1" allow="attribution-reporting" data-load-complete="true" data-google-container-id="1" style="border: 0px; vertical-align: bottom;"></iframe></div></div><div class="css-7qehef">Sponsored</div></div></div></div></div></div><div class="css-j27rq7"><div class="chakra-container css-5sganc" data-testid="section"><div class="breadcrumb-container css-0"><nav aria-label="breadcrumb" class="chakra-breadcrumb css-14n09z5"><ol class="chakra-breadcrumb__list css-70qvj9"><li class="chakra-breadcrumb__list-item css-vp5fdb" data-item-id="breadcrumb-item-Food"><a class="chakra-link css-kho608" href="/food/c/27985">Food</a><span role="presentation" class="css-z4npu9"><svg stroke="currentColor" fill="currentColor" stroke-width="0" viewBox="0 0 24 24" focusable="false" class="chakra-icon css-13yr2q1" aria-hidden="true" height="1em" width="1em" xmlns="http://www.w3.org/2000/svg"><path d="M10 6L8.59 7.41 13.17 12l-4.58 4.59L10 18l6-6z"></path></svg></span><span role="presentation" class="css-0"></span></li><li class="chakra-breadcrumb__list-item css-vp5fdb" data-item-id="breadcrumb-item-Fruits &amp; Vegetables"><a class="chakra-link css-kho608" href="/food/fruits-vegetables/c/28000">Fruits &amp; Vegetables</a><span role="presentation" class="css-z4npu9"><svg stroke="currentColor" fill="currentColor" stroke-width="0" viewBox="0 0 24 24" focusable="false" class="chakra-icon css-13yr2q1" aria-hidden="true" height="1em" width="1em" xmlns="http://www.w3.org/2000/svg"><path d="M10 6L8.59 7.41 13.17 12l-4.58 4.59L10 18l6-6z"></path></svg></span><span role="presentation" class="css-0"></span></li><li class="chakra-breadcrumb__list-item css-vp5fdb" data-item-id="breadcrumb-item-current"><span aria-current="page" class="css-1ez1pmk">Fresh Vegetables</span><span role="presentation" class="css-0"></span></li></ol></nav></div></div></div><div class="css-1gd8q4x"><div class="chakra-container css-1yvva6b" data-testid="section"><div class="css-147ar3n"><div class="css-2imjyh"></div><div class="css-owofrc"><div class="css-1pzcvyn"><div class="css-1pzcvyn"><h1 class="chakra-heading css-clm1fe" data-testid="heading">Fresh Vegetables</h1></div></div></div></div></div></div><div class="css-k008qs"><div class="css-0"><div role="group" aria-label="Quick filters" class="css-2imjyh"><div class="css-p58oka"><div class="css-1gu6m02"><label class="chakra-checkbox css-2lej6t" data-testid="checkbox"><input class="chakra-checkbox__input" type="checkbox" name="Our Brands" value="" style="border: 0px; clip: rect(0px, 0px, 0px, 0px); height: 1px; width: 1px; margin: -1px; padding: 0px; overflow: hidden; white-space: nowrap; position: absolute;"><span class="chakra-checkbox__control css-fqst55" aria-hidden="true"></span><span class="chakra-checkbox__label css-1d3ztlz">Our Brands</span></label><span tabindex="-1" class="css-0"></span></div><div class="css-1gu6m02"><label class="chakra-checkbox css-2lej6t" data-testid="checkbox"><input class="chakra-checkbox__input" type="checkbox" name="Deals" value="" style="border: 0px; clip: rect(0px, 0px, 0px, 0px); height: 1px; width: 1px; margin: -1px; padding: 0px; overflow: hidden; white-space: nowrap; position: absolute;"><span class="chakra-checkbox__control css-fqst55" aria-hidden="true"></span><span class="chakra-checkbox__label css-1d3ztlz">Deals</span></label><span tabindex="-1" class="css-0"></span></div><div class="css-1gu6m02"><label class="chakra-checkbox css-2lej6t" data-testid="checkbox"><input class="chakra-checkbox__input" type="checkbox" name="Dietary" value="" style="border: 0px; clip: rect(0px, 0px, 0px, 0px); height: 1px; width: 1px; margin: -1px; padding: 0px; overflow: hidden; white-space: nowrap; position: absolute;"><span class="chakra-checkbox__control css-fqst55" aria-hidden="true"></span><span class="chakra-checkbox__label css-1d3ztlz">Dietary</span></label><span tabindex="-1" class="css-0"></span></div><div class="css-1gu6m02"></div></div></div></div><div class="css-17xejub"></div><div class="css-1o5imin"><div class="css-2wihsd"><label id="sort-by" data-testid="sort-label"><p class="chakra-text css-1nfjdw4">Sort By:</p></label><button data-testid="menu-button" aria-labelledby="sort-by menu-button-:r1:" id="menu-button-:rn:" aria-expanded="false" aria-haspopup="menu" aria-controls="menu-list-:rn:" class="chakra-menu__menu-button css-fx8vri"><span class="css-xl71ch"><p class="chakra-text css-10q0t1l" id="menu-button-:r1:">Relevance</p><svg stroke="currentColor" fill="currentColor" stroke-width="0" viewBox="0 0 24 24" focusable="false" class="chakra-icon css-mj81td" height="1em" width="1em" xmlns="http://www.w3.org/2000/svg"><path d="M16.59 8.59L12 13.17 7.41 8.59 6 10l6 6 6-6z"></path></svg></span></button><div class="css-lnyvlk" style="visibility: hidden; position: absolute; min-width: max-content; inset: 0px auto auto 0px;"><div class="chakra-menu__menu-list css-1uu3y0z" data-testid="menu-list" aria-label="Sort By:" tabindex="-1" role="menu" id="menu-list-:rn:" aria-orientation="vertical" style="transform-origin: var(--popper-transform-origin); opacity: 0; visibility: hidden; transform: scale(0.8) translateZ(0px);"></div></div></div></div></div><div class="css-1art13b"><div class="css-1c6aozh"><svg stroke="currentColor" fill="currentColor" stroke-width="0" viewBox="0 0 24 24" focusable="false" class="chakra-icon css-mj81td" aria-hidden="true" height="1em" width="1em" xmlns="http://www.w3.org/2000/svg"><path d="M11 17h2v-6h-2v6zm1-15C6.48 2 2 6.48 2 12s4.48 10 10 10 10-4.48 10-10S17.52 2 12 2zm0 18c-4.41 0-8-3.59-8-8s3.59-8 8-8 8 3.59 8 8-3.59 8-8 8zM11 9h2V7h-2v2z"></path></svg><p class="chakra-text css-1na1tkp" data-testid="sub-heading">Prices are subject to change based on offers available at pickup time. Your total and receipt will reflect any changes.</p></div></div><div data-testid="product-grid" class="css-epcqr3"><div class="css-0"><div class="css-f5i5wc"><div class="chakra-linkbox css-vhnn8v"><div data-testid="product-image" class="css-16dr4ly"><img alt="null Turmeric $30.84/1kg $13.99/1lb" src="https://assets.shop.loblaws.ca/products/20863447001/b3/en/front/20863447001_front_a06_@2.png" srcset="https://assets.shop.loblaws.ca/products/20863447001/b3/en/front/20863447001_front_a06_@2.png 1x, https://assets.shop.loblaws.ca/products/20863447001/b3/en/front/20863447001_front_a06_@2.png 2x" loading="lazy" class="chakra-image css-oguq8l" aria-hidden="true"></div><div class="css-qoklea"><div class="css-12dchmx"></div><div data-testid="price-product-tile" class="css-8atqhb"><p class="chakra-text css-0"><span class="chakra-text css-pwnbcb" data-testid="regular-price"><span class="css-idkz9h">about $4.32</span>about $4.32</span></p></div><a href="/turmeric/p/20863447001_KG?source=nspt" class="chakra-linkbox__overlay css-1hnz6hu"><div class="css-0"><h3 class="chakra-heading css-6qrhwc" id="20863447001_KG" data-testid="product-title">Turmeric</h3><p class="chakra-text css-1yftjin" data-testid="product-package-size">$30.84/1kg $13.99/1lb</p></div></a><div class="css-8keand"></div></div><div class="css-1q5omjq"><div class="css-fcebb8"><div data-testid="atc-compact" class="css-y94ivq" style="width: 45px;"><button type="button" class="chakra-button css-mudsm6" data-testid="atc-button"><svg stroke="currentColor" fill="currentColor" stroke-width="0" viewBox="0 0 24 24" focusable="false" class="chakra-icon css-1g3sp7a" data-testid="btn-icon" aria-hidden="true" height="1em" width="1em" xmlns="http://www.w3.org/2000/svg"><path d="M19 13h-6v6h-2v-6H5v-2h6V5h2v6h6v2z"></path></svg><span class="css-idkz9h">Add Turmeric to cart</span></button></div></div></div></div></div></div><div class="css-0"><div class="css-f5i5wc"><div class="chakra-linkbox css-vhnn8v"><div data-testid="product-image" class="css-16dr4ly"><img alt="null Turnips $4.39/1kg $1.99/1lb" src="https://assets.shop.loblaws.ca/products/20136107001/b3/en/front/20136107001_front_a06_@2.png" srcset="https://assets.shop.loblaws.ca/products/20136107001/b3/en/front/20136107001_front_a06_@2.png 1x, https://assets.shop.loblaws.ca/products/20136107001/b3/en/front/20136107001_front_a06_@2.png 2x" loading="lazy" class="chakra-image css-oguq8l" aria-hidden="true"></div><div class="css-qoklea"><div class="css-12dchmx"></div><div data-testid="price-product-tile" class="css-8atqhb"><p class="chakra-text css-0"><span class="chakra-text css-pwnbcb" data-testid="regular-price"><span class="css-idkz9h">about $1.67</span>about $1.67</span></p></div><a href="/turnips/p/20136107001_KG?source=nspt" class="chakra-linkbox__overlay css-1hnz6hu"><div class="css-0"><h3 class="chakra-heading css-6qrhwc" id="20136107001_KG" data-testid="product-title">Turnips</h3><p class="chakra-text css-1yftjin" data-testid="product-package-size">$4.39/1kg $1.99/1lb</p></div></a><div class="css-8keand"></div></div><div class="css-1q5omjq"><div class="css-fcebb8"><div data-testid="atc-compact" class="css-y94ivq" style="width: 45px;"><button type="button" class="chakra-button css-mudsm6" data-testid="atc-button"><svg stroke="currentColor" fill="currentColor" stroke-width="0" viewBox="0 0 24 24" focusable="false" class="chakra-icon css-1g3sp7a" data-testid="btn-icon" aria-hidden="true" height="1em" width="1em" xmlns="http://www.w3.org/2000/svg"><path d="M19 13h-6v6h-2v-6H5v-2h6V5h2v6h6v2z"></path></svg><span class="css-idkz9h">Add Turnips to cart</span></button></div></div></div></div></div></div><div class="css-0"><div class="css-f5i5wc"><div class="chakra-linkbox css-vhnn8v"><div data-testid="product-image" class="css-16dr4ly"><img alt="null Oyster Mushrooms $1.54/100g $15.41/1kg" src="https://assets.shop.loblaws.ca/products/20742074/b3/en/front/20742074_front_a06_@2.png" srcset="https://assets.shop.loblaws.ca/products/20742074/b3/en/front/20742074_front_a06_@2.png 1x, https://assets.shop.loblaws.ca/products/20742074/b3/en/front/20742074_front_a06_@2.png 2x" loading="lazy" class="chakra-image css-oguq8l" aria-hidden="true"></div><div class="css-qoklea"><div class="css-12dchmx"></div><div data-testid="price-product-tile" class="css-8atqhb"><p class="chakra-text css-0"><span class="chakra-text css-pwnbcb" data-testid="regular-price"><span class="css-idkz9h">$0.39</span>$0.39</span></p></div><a href="/oyster-mushrooms/p/20742074_KG?source=nspt" class="chakra-linkbox__overlay css-1hnz6hu"><div class="css-0"><h3 class="chakra-heading css-6qrhwc" id="20742074_KG" data-testid="product-title">Oyster Mushrooms</h3><p class="chakra-text css-1yftjin" data-testid="product-package-size">$1.54/100g $15.41/1kg</p></div></a><div class="css-8keand"></div></div><div class="css-1q5omjq"><div class="css-fcebb8"><div data-testid="atc-compact" class="css-y94ivq" style="width: 45px;"><button disabled="" type="button" class="chakra-button css-mudsm6" data-testid="atc-button"><svg stroke="currentColor" fill="currentColor" stroke-width="0" viewBox="0 0 24 24" focusable="false" class="chakra-icon css-1g3sp7a" data-testid="btn-icon" aria-hidden="true" height="1em" width="1em" xmlns="http://www.w3.org/2000/svg"><path d="M19 13h-6v6h-2v-6H5v-2h6V5h2v6h6v2z"></path></svg><span class="css-idkz9h">Add Oyster Mushrooms to cart</span></button></div></div><div class="css-4saf4a"><p class="chakra-text css-py8788" data-testid="inventory-badge-text">Out of Stock</p></div></div></div></div></div><div class="css-0"><div class="css-f5i5wc"><div class="chakra-linkbox css-vhnn8v"><div data-testid="product-image" class="css-16dr4ly"><img alt="null Leeks 1 bunch, $4.99/1ea" src="https://assets.shop.loblaws.ca/products/20090117001/b3/en/front/20090117001_front_a06_@2.png" srcset="https://assets.shop.loblaws.ca/products/20090117001/b3/en/front/20090117001_front_a06_@2.png 1x, https://assets.shop.loblaws.ca/products/20090117001/b3/en/front/20090117001_front_a06_@2.png 2x" loading="lazy" class="chakra-image css-oguq8l" aria-hidden="true"></div><div class="css-qoklea"><div class="css-12dchmx"></div><div data-testid="price-product-tile" class="css-8atqhb"><p class="chakra-text css-0"><span class="chakra-text css-pwnbcb" data-testid="regular-price"><span class="css-idkz9h">$4.99</span>$4.99</span></p></div><a href="/leeks/p/20090117001_EA?source=nspt" class="chakra-linkbox__overlay css-1hnz6hu"><div class="css-0"><h3 class="chakra-heading css-6qrhwc" id="20090117001_EA" data-testid="product-title">Leeks</h3><p class="chakra-text css-1yftjin" data-testid="product-package-size">1 bunch, $4.99/1ea</p></div></a><div class="css-8keand"></div></div><div class="css-1q5omjq"><div class="css-fcebb8"><div data-testid="atc-compact" class="css-y94ivq" style="width: 45px;"><button type="button" class="chakra-button css-mudsm6" data-testid="atc-button"><svg stroke="currentColor" fill="currentColor" stroke-width="0" viewBox="0 0 24 24" focusable="false" class="chakra-icon css-1g3sp7a" data-testid="btn-icon" aria-hidden="true" height="1em" width="1em" xmlns="http://www.w3.org/2000/svg"><path d="M19 13h-6v6h-2v-6H5v-2h6V5h2v6h6v2z"></path></svg><span class="css-idkz9h">Add Leeks to cart</span></button></div></div></div></div></div></div><div class="css-0"><div class="css-f5i5wc"><div class="chakra-linkbox css-vhnn8v"><div data-testid="product-image" class="css-16dr4ly"><img alt="null Yellow Yams $8.80/1kg $3.99/1lb" src="https://assets.shop.loblaws.ca/products/20070018001/b3/en/front/20070018001_front_a06_@2.png" srcset="https://assets.shop.loblaws.ca/products/20070018001/b3/en/front/20070018001_front_a06_@2.png 1x, https://assets.shop.loblaws.ca/products/20070018001/b3/en/front/20070018001_front_a06_@2.png 2x" loading="lazy" class="chakra-image css-oguq8l" aria-hidden="true"></div><div class="css-qoklea"><div class="css-12dchmx"></div><div data-testid="price-product-tile" class="css-8atqhb"><p class="chakra-text css-0"><span class="chakra-text css-pwnbcb" data-testid="regular-price"><span class="css-idkz9h">about $4.40</span>about $4.40</span></p></div><a href="/yellow-yams/p/20070018001_KG?source=nspt" class="chakra-linkbox__overlay css-1hnz6hu"><div class="css-0"><h3 class="chakra-heading css-6qrhwc" id="20070018001_KG" data-testid="product-title">Yellow Yams</h3><p class="chakra-text css-1yftjin" data-testid="product-package-size">$8.80/1kg $3.99/1lb</p></div></a><div class="css-8keand"></div></div><div class="css-1q5omjq"><div class="css-fcebb8"><div data-testid="atc-compact" class="css-y94ivq" style="width: 45px;"><button type="button" class="chakra-button css-mudsm6" data-testid="atc-button"><svg stroke="currentColor" fill="currentColor" stroke-width="0" viewBox="0 0 24 24" focusable="false" class="chakra-icon css-1g3sp7a" data-testid="btn-icon" aria-hidden="true" height="1em" width="1em" xmlns="http://www.w3.org/2000/svg"><path d="M19 13h-6v6h-2v-6H5v-2h6V5h2v6h6v2z"></path></svg><span class="css-idkz9h">Add Yellow Yams to cart</span></button></div></div></div></div></div></div><div class="css-0"><div class="css-f5i5wc"><div class="chakra-linkbox css-vhnn8v"><div data-testid="product-image" class="css-16dr4ly"><img alt="null Sweet Nantes Carrots 454 g, $0.77/100g" src="https://assets.shop.loblaws.ca/products/21302363001/b3/en/front/21302363001_front_a06_@2.png" srcset="https://assets.shop.loblaws.ca/products/21302363001/b3/en/front/21302363001_front_a06_@2.png 1x, https://assets.shop.loblaws.ca/products/21302363001/b3/en/front/21302363001_front_a06_@2.png 2x" loading="lazy" class="chakra-image css-oguq8l" aria-hidden="true"></div><div class="css-qoklea"><div class="css-12dchmx"></div><div data-testid="price-product-tile" class="css-8atqhb"><p class="chakra-text css-0"><span class="chakra-text css-pwnbcb" data-testid="regular-price"><span class="css-idkz9h">$3.49</span>$3.49</span></p></div><a href="/sweet-nantes-carrots/p/21302363001_EA?source=nspt" class="chakra-linkbox__overlay css-1hnz6hu"><div class="css-0"><h3 class="chakra-heading css-6qrhwc" id="21302363001_EA" data-testid="product-title">Sweet Nantes Carrots</h3><p class="chakra-text css-1yftjin" data-testid="product-package-size">454 g, $0.77/100g</p></div></a><div class="css-8keand"></div></div><div class="css-1q5omjq"><div class="css-fcebb8"><div data-testid="atc-compact" class="css-y94ivq" style="width: 45px;"><button type="button" class="chakra-button css-mudsm6" data-testid="atc-button"><svg stroke="currentColor" fill="currentColor" stroke-width="0" viewBox="0 0 24 24" focusable="false" class="chakra-icon css-1g3sp7a" data-testid="btn-icon" aria-hidden="true" height="1em" width="1em" xmlns="http://www.w3.org/2000/svg"><path d="M19 13h-6v6h-2v-6H5v-2h6V5h2v6h6v2z"></path></svg><span class="css-idkz9h">Add Sweet Nantes Carrots to cart</span></button></div></div></div></div></div></div><div class="css-0"><div class="css-f5i5wc"><div class="chakra-linkbox css-vhnn8v"><div data-testid="product-image" class="css-16dr4ly"><img alt="PC Organics Organic Roma Tomatoes 454 g, $0.88/100g" src="https://assets.shop.loblaws.ca/products/20651932001/b3/en/front/20651932001_front_a06_@2.png" srcset="https://assets.shop.loblaws.ca/products/20651932001/b3/en/front/20651932001_front_a06_@2.png 1x, https://assets.shop.loblaws.ca/products/20651932001/b3/en/front/20651932001_front_a06_@2.png 2x" loading="lazy" class="chakra-image css-oguq8l" aria-hidden="true"></div><div class="css-qoklea"><div class="css-12dchmx"></div><div data-testid="price-product-tile" class="css-8atqhb"><p class="chakra-text css-0"><span class="chakra-text css-pwnbcb" data-testid="regular-price"><span class="css-idkz9h">$3.99</span>$3.99</span></p></div><a href="/organic-roma-tomatoes/p/20651932001_EA?source=nspt" class="chakra-linkbox__overlay css-1hnz6hu"><div class="css-0"><p class="chakra-text css-1ecdp9w" data-testid="product-brand">PC Organics</p><h3 class="chakra-heading css-6qrhwc" id="20651932001_EA" data-testid="product-title">Organic Roma Tomatoes</h3><p class="chakra-text css-1yftjin" data-testid="product-package-size">454 g, $0.88/100g</p></div></a><div class="css-8keand"></div></div><div class="css-1q5omjq"><div class="css-fcebb8"><div data-testid="atc-compact" class="css-y94ivq" style="width: 45px;"><button disabled="" type="button" class="chakra-button css-mudsm6" data-testid="atc-button"><svg stroke="currentColor" fill="currentColor" stroke-width="0" viewBox="0 0 24 24" focusable="false" class="chakra-icon css-1g3sp7a" data-testid="btn-icon" aria-hidden="true" height="1em" width="1em" xmlns="http://www.w3.org/2000/svg"><path d="M19 13h-6v6h-2v-6H5v-2h6V5h2v6h6v2z"></path></svg><span class="css-idkz9h">Add Organic Roma Tomatoes to cart</span></button></div></div><div class="css-4saf4a"><p class="chakra-text css-py8788" data-testid="inventory-badge-text">Out of Stock</p></div></div></div></div></div><div class="css-0"><div class="css-f5i5wc"><div class="chakra-linkbox css-vhnn8v"><div data-testid="product-image" class="css-16dr4ly"><img alt="President's Choice Sliced Portobello Mushrooms 170 g, $2.94/100g" src="https://assets.shop.loblaws.ca/products/20755816/b3/en/front/20755816_front_a06_@2.png" srcset="https://assets.shop.loblaws.ca/products/20755816/b3/en/front/20755816_front_a06_@2.png 1x, https://assets.shop.loblaws.ca/products/20755816/b3/en/front/20755816_front_a06_@2.png 2x" loading="lazy" class="chakra-image css-oguq8l" aria-hidden="true"></div><div class="css-qoklea"><div class="css-12dchmx"></div><div data-testid="price-product-tile" class="css-8atqhb"><p class="chakra-text css-0"><span class="chakra-text css-pwnbcb" data-testid="regular-price"><span class="css-idkz9h">$4.99</span>$4.99</span></p></div><a href="/sliced-portobello-mushrooms/p/20755816_EA?source=nspt" class="chakra-linkbox__overlay css-1hnz6hu"><div class="css-0"><p class="chakra-text css-1ecdp9w" data-testid="product-brand">President's Choice</p><h3 class="chakra-heading css-6qrhwc" id="20755816_EA" data-testid="product-title">Sliced Portobello Mushrooms</h3><p class="chakra-text css-1yftjin" data-testid="product-package-size">170 g, $2.94/100g</p></div></a><div class="css-8keand"></div></div><div class="css-1q5omjq"><div class="css-fcebb8"><div data-testid="atc-compact" class="css-y94ivq" style="width: 45px;"><button disabled="" type="button" class="chakra-button css-mudsm6" data-testid="atc-button"><svg stroke="currentColor" fill="currentColor" stroke-width="0" viewBox="0 0 24 24" focusable="false" class="chakra-icon css-1g3sp7a" data-testid="btn-icon" aria-hidden="true" height="1em" width="1em" xmlns="http://www.w3.org/2000/svg"><path d="M19 13h-6v6h-2v-6H5v-2h6V5h2v6h6v2z"></path></svg><span class="css-idkz9h">Add Sliced Portobello Mushrooms to cart</span></button></div></div><div class="css-4saf4a"><p class="chakra-text css-py8788" data-testid="inventory-badge-text">Out of Stock</p></div></div></div></div></div><div class="css-0"><div class="css-f5i5wc"><div class="chakra-linkbox css-vhnn8v"><div data-testid="product-image" class="css-16dr4ly"><img alt="Farmer's Market Yellow Onions, 10 lb bag 4.54 kg, $0.13/100g" src="https://assets.shop.loblaws.ca/products/20600991001/b3/en/front/20600991001_front_a06_@2.png" srcset="https://assets.shop.loblaws.ca/products/20600991001/b3/en/front/20600991001_front_a06_@2.png 1x, https://assets.shop.loblaws.ca/products/20600991001/b3/en/front/20600991001_front_a06_@2.png 2x" loading="lazy" class="chakra-image css-oguq8l" aria-hidden="true"></div><div class="css-qoklea"><div class="css-12dchmx"></div><div data-testid="price-product-tile" class="css-8atqhb"><p class="chakra-text css-0"><span class="chakra-text css-o93gbd" data-testid="sale-price"><span class="css-idkz9h">$5.88</span>$5.88</span><span class="chakra-text css-623q5h" data-testid="was-price"><span class="css-idkz9h">$7.99</span>$7.99</span></p><p class="chakra-text css-1m5a6y8" data-testid="price-descriptor">SAVE $2.11</p></div><a href="/yellow-onions-10-lb-bag/p/20600991001_EA?source=nspt" class="chakra-linkbox__overlay css-1hnz6hu"><div class="css-0"><p class="chakra-text css-1ecdp9w" data-testid="product-brand">Farmer's Market</p><h3 class="chakra-heading css-6qrhwc" id="20600991001_EA" data-testid="product-title">Yellow Onions, 10 lb bag</h3><p class="chakra-text css-1yftjin" data-testid="product-package-size">4.54 kg, $0.13/100g</p></div></a><div class="css-8keand"></div></div><div class="css-1q5omjq"><div class="css-fcebb8"><div data-testid="atc-compact" class="css-y94ivq" style="width: 45px;"><button type="button" class="chakra-button css-mudsm6" data-testid="atc-button"><svg stroke="currentColor" fill="currentColor" stroke-width="0" viewBox="0 0 24 24" focusable="false" class="chakra-icon css-1g3sp7a" data-testid="btn-icon" aria-hidden="true" height="1em" width="1em" xmlns="http://www.w3.org/2000/svg"><path d="M19 13h-6v6h-2v-6H5v-2h6V5h2v6h6v2z"></path></svg><span class="css-idkz9h">Add Yellow Onions, 10 lb bag to cart</span></button></div></div></div></div></div></div><div class="css-0"><div class="css-f5i5wc"><div class="chakra-linkbox css-vhnn8v"><div data-testid="product-image" class="css-16dr4ly"><img alt="PC Organics Organic Green Onions 1 bunch, $1.49/1ea" src="https://assets.shop.loblaws.ca/products/20603423001/b3/en/front/20603423001_front_a06_@2.png" srcset="https://assets.shop.loblaws.ca/products/20603423001/b3/en/front/20603423001_front_a06_@2.png 1x, https://assets.shop.loblaws.ca/products/20603423001/b3/en/front/20603423001_front_a06_@2.png 2x" loading="lazy" class="chakra-image css-oguq8l" aria-hidden="true"></div><div class="css-qoklea"><div class="css-12dchmx"></div><div data-testid="price-product-tile" class="css-8atqhb"><p class="chakra-text css-0"><span class="chakra-text css-pwnbcb" data-testid="regular-price"><span class="css-idkz9h">$1.49</span>$1.49</span></p></div><a href="/organic-green-onions/p/20603423001_EA?source=nspt" class="chakra-linkbox__overlay css-1hnz6hu"><div class="css-0"><p class="chakra-text css-1ecdp9w" data-testid="product-brand">PC Organics</p><h3 class="chakra-heading css-6qrhwc" id="20603423001_EA" data-testid="product-title">Organic Green Onions</h3><p class="chakra-text css-1yftjin" data-testid="product-package-size">1 bunch, $1.49/1ea</p></div></a><div class="css-8keand"></div></div><div class="css-1q5omjq"><div class="css-fcebb8"><div data-testid="atc-compact" class="css-y94ivq" style="width: 45px;"><button disabled="" type="button" class="chakra-button css-mudsm6" data-testid="atc-button"><svg stroke="currentColor" fill="currentColor" stroke-width="0" viewBox="0 0 24 24" focusable="false" class="chakra-icon css-1g3sp7a" data-testid="btn-icon" aria-hidden="true" height="1em" width="1em" xmlns="http://www.w3.org/2000/svg"><path d="M19 13h-6v6h-2v-6H5v-2h6V5h2v6h6v2z"></path></svg><span class="css-idkz9h">Add Organic Green Onions to cart</span></button></div></div><div class="css-4saf4a"><p class="chakra-text css-py8788" data-testid="inventory-badge-text">Out of Stock</p></div></div></div></div></div><div class="css-0"><div class="css-f5i5wc"><div class="chakra-linkbox css-vhnn8v"><div data-testid="product-image" class="css-16dr4ly"><img alt="null Endive 300 g, $1.66/100g" src="https://assets.shop.loblaws.ca/products/20899441001/b3/en/front/20899441001_front_a06_@2.png" srcset="https://assets.shop.loblaws.ca/products/20899441001/b3/en/front/20899441001_front_a06_@2.png 1x, https://assets.shop.loblaws.ca/products/20899441001/b3/en/front/20899441001_front_a06_@2.png 2x" loading="lazy" class="chakra-image css-oguq8l" aria-hidden="true"></div><div class="css-qoklea"><div class="css-12dchmx"></div><div data-testid="price-product-tile" class="css-8atqhb"><p class="chakra-text css-0"><span class="chakra-text css-pwnbcb" data-testid="regular-price"><span class="css-idkz9h">$4.99</span>$4.99</span></p></div><a href="/endive/p/20899441001_EA?source=nspt" class="chakra-linkbox__overlay css-1hnz6hu"><div class="css-0"><h3 class="chakra-heading css-6qrhwc" id="20899441001_EA" data-testid="product-title">Endive</h3><p class="chakra-text css-1yftjin" data-testid="product-package-size">300 g, $1.66/100g</p></div></a><div class="css-8keand"></div></div><div class="css-1q5omjq"><div class="css-fcebb8"><div data-testid="atc-compact" class="css-y94ivq" style="width: 45px;"><button disabled="" type="button" class="chakra-button css-mudsm6" data-testid="atc-button"><svg stroke="currentColor" fill="currentColor" stroke-width="0" viewBox="0 0 24 24" focusable="false" class="chakra-icon css-1g3sp7a" data-testid="btn-icon" aria-hidden="true" height="1em" width="1em" xmlns="http://www.w3.org/2000/svg"><path d="M19 13h-6v6h-2v-6H5v-2h6V5h2v6h6v2z"></path></svg><span class="css-idkz9h">Add Endive to cart</span></button></div></div><div class="css-4saf4a"><p class="chakra-text css-py8788" data-testid="inventory-badge-text">Out of Stock</p></div></div></div></div></div><div class="css-0"><div class="css-f5i5wc"><div class="chakra-linkbox css-vhnn8v"><div data-testid="product-image" class="css-16dr4ly"><img alt="null Indian Okra $13.21/1kg $5.99/1lb" src="https://assets.shop.loblaws.ca/products/20710542001/b3/en/front/20710542001_front_a06_@2.png" srcset="https://assets.shop.loblaws.ca/products/20710542001/b3/en/front/20710542001_front_a06_@2.png 1x, https://assets.shop.loblaws.ca/products/20710542001/b3/en/front/20710542001_front_a06_@2.png 2x" loading="lazy" class="chakra-image css-oguq8l" aria-hidden="true"></div><div class="css-qoklea"><div class="css-12dchmx"></div><div data-testid="price-product-tile" class="css-8atqhb"><p class="chakra-text css-0"><span class="chakra-text css-pwnbcb" data-testid="regular-price"><span class="css-idkz9h">about $4.10</span>about $4.10</span></p></div><a href="/indian-okra/p/20710542001_KG?source=nspt" class="chakra-linkbox__overlay css-1hnz6hu"><div class="css-0"><h3 class="chakra-heading css-6qrhwc" id="20710542001_KG" data-testid="product-title">Indian Okra</h3><p class="chakra-text css-1yftjin" data-testid="product-package-size">$13.21/1kg $5.99/1lb</p></div></a><div class="css-8keand"></div></div><div class="css-1q5omjq"><div class="css-fcebb8"><div data-testid="atc-compact" class="css-y94ivq" style="width: 45px;"><button disabled="" type="button" class="chakra-button css-mudsm6" data-testid="atc-button"><svg stroke="currentColor" fill="currentColor" stroke-width="0" viewBox="0 0 24 24" focusable="false" class="chakra-icon css-1g3sp7a" data-testid="btn-icon" aria-hidden="true" height="1em" width="1em" xmlns="http://www.w3.org/2000/svg"><path d="M19 13h-6v6h-2v-6H5v-2h6V5h2v6h6v2z"></path></svg><span class="css-idkz9h">Add Indian Okra to cart</span></button></div></div><div class="css-4saf4a"><p class="chakra-text css-py8788" data-testid="inventory-badge-text">Out of Stock</p></div></div></div></div></div><div class="css-0"><div class="css-f5i5wc"><div class="chakra-linkbox css-vhnn8v"><div data-testid="product-image" class="css-16dr4ly"><img alt="null Jamaican Aloe $2.84/1kg $1.29/1lb" src="https://assets.shop.loblaws.ca/products/20866469001/b3/en/front/20866469001_front_a06_@2.png" srcset="https://assets.shop.loblaws.ca/products/20866469001/b3/en/front/20866469001_front_a06_@2.png 1x, https://assets.shop.loblaws.ca/products/20866469001/b3/en/front/20866469001_front_a06_@2.png 2x" loading="lazy" class="chakra-image css-oguq8l" aria-hidden="true"></div><div class="css-qoklea"><div class="css-12dchmx"></div><div data-testid="price-product-tile" class="css-8atqhb"><p class="chakra-text css-0"><span class="chakra-text css-pwnbcb" data-testid="regular-price"><span class="css-idkz9h">about $1.51</span>about $1.51</span></p></div><a href="/jamaican-aloe/p/20866469001_KG?source=nspt" class="chakra-linkbox__overlay css-1hnz6hu"><div class="css-0"><h3 class="chakra-heading css-6qrhwc" id="20866469001_KG" data-testid="product-title">Jamaican Aloe</h3><p class="chakra-text css-1yftjin" data-testid="product-package-size">$2.84/1kg $1.29/1lb</p></div></a><div class="css-8keand"></div></div><div class="css-1q5omjq"><div class="css-fcebb8"><div data-testid="atc-compact" class="css-y94ivq" style="width: 45px;"><button type="button" class="chakra-button css-mudsm6" data-testid="atc-button"><svg stroke="currentColor" fill="currentColor" stroke-width="0" viewBox="0 0 24 24" focusable="false" class="chakra-icon css-1g3sp7a" data-testid="btn-icon" aria-hidden="true" height="1em" width="1em" xmlns="http://www.w3.org/2000/svg"><path d="M19 13h-6v6h-2v-6H5v-2h6V5h2v6h6v2z"></path></svg><span class="css-idkz9h">Add Jamaican Aloe to cart</span></button></div></div></div></div></div></div><div class="css-0"><div class="css-f5i5wc"><div class="chakra-linkbox css-vhnn8v"><div data-testid="product-image" class="css-16dr4ly"><img alt="PC Organics Organics Yellow Onions, 2 lb Bag 907 g, $0.42/100g" src="https://assets.shop.loblaws.ca/products/20107532/b3/en/front/20107532_front_a06_@2.png" srcset="https://assets.shop.loblaws.ca/products/20107532/b3/en/front/20107532_front_a06_@2.png 1x, https://assets.shop.loblaws.ca/products/20107532/b3/en/front/20107532_front_a06_@2.png 2x" loading="lazy" class="chakra-image css-oguq8l" aria-hidden="true"></div><div class="css-qoklea"><div class="css-12dchmx"></div><div data-testid="price-product-tile" class="css-8atqhb"><p class="chakra-text css-0"><span class="chakra-text css-pwnbcb" data-testid="regular-price"><span class="css-idkz9h">$3.79</span>$3.79</span></p></div><a href="/organics-yellow-onions-2-lb-bag/p/20107532_EA?source=nspt" class="chakra-linkbox__overlay css-1hnz6hu"><div class="css-0"><p class="chakra-text css-1ecdp9w" data-testid="product-brand">PC Organics</p><h3 class="chakra-heading css-6qrhwc" id="20107532_EA" data-testid="product-title">Organics Yellow Onions, 2 lb Bag</h3><p class="chakra-text css-1yftjin" data-testid="product-package-size">907 g, $0.42/100g</p></div></a><div class="css-8keand"></div></div><div class="css-1q5omjq"><div class="css-fcebb8"><div data-testid="atc-compact" class="css-y94ivq" style="width: 45px;"><button type="button" class="chakra-button css-mudsm6" data-testid="atc-button"><svg stroke="currentColor" fill="currentColor" stroke-width="0" viewBox="0 0 24 24" focusable="false" class="chakra-icon css-1g3sp7a" data-testid="btn-icon" aria-hidden="true" height="1em" width="1em" xmlns="http://www.w3.org/2000/svg"><path d="M19 13h-6v6h-2v-6H5v-2h6V5h2v6h6v2z"></path></svg><span class="css-idkz9h">Add Organics Yellow Onions, 2 lb Bag to cart</span></button></div></div></div></div></div></div><div class="css-0"><div class="css-f5i5wc"><div class="chakra-linkbox css-vhnn8v"><div data-testid="product-image" class="css-16dr4ly"><img alt="null Vidalia Onions, 3 lb Bag 1.36 kg, $0.37/100g" src="https://assets.shop.loblaws.ca/products/20157705001/b3/en/front/20157705001_front_a06_@2.png" srcset="https://assets.shop.loblaws.ca/products/20157705001/b3/en/front/20157705001_front_a06_@2.png 1x, https://assets.shop.loblaws.ca/products/20157705001/b3/en/front/20157705001_front_a06_@2.png 2x" loading="lazy" class="chakra-image css-oguq8l" aria-hidden="true"></div><div class="css-qoklea"><div class="css-12dchmx"></div><div data-testid="price-product-tile" class="css-8atqhb"><p class="chakra-text css-0"><span class="chakra-text css-pwnbcb" data-testid="regular-price"><span class="css-idkz9h">$4.99</span>$4.99</span></p></div><a href="/vidalia-onions-3-lb-bag/p/20157705001_EA?source=nspt" class="chakra-linkbox__overlay css-1hnz6hu"><div class="css-0"><h3 class="chakra-heading css-6qrhwc" id="20157705001_EA" data-testid="product-title">Vidalia Onions, 3 lb Bag</h3><p class="chakra-text css-1yftjin" data-testid="product-package-size">1.36 kg, $0.37/100g</p></div></a><div class="css-8keand"></div></div><div class="css-1q5omjq"><div class="css-fcebb8"><div data-testid="atc-compact" class="css-y94ivq" style="width: 45px;"><button type="button" class="chakra-button css-mudsm6" data-testid="atc-button"><svg stroke="currentColor" fill="currentColor" stroke-width="0" viewBox="0 0 24 24" focusable="false" class="chakra-icon css-1g3sp7a" data-testid="btn-icon" aria-hidden="true" height="1em" width="1em" xmlns="http://www.w3.org/2000/svg"><path d="M19 13h-6v6h-2v-6H5v-2h6V5h2v6h6v2z"></path></svg><span class="css-idkz9h">Add Vidalia Onions, 3 lb Bag to cart</span></button></div></div></div></div></div></div><div class="css-0"><div class="css-f5i5wc"><div class="chakra-linkbox css-vhnn8v"><div data-testid="product-image" class="css-16dr4ly"><img alt="null Opo Squash $3.95/1kg $1.79/1lb" src="https://assets.shop.loblaws.ca/products/20142055001/b3/en/front/20142055001_front_a06_@2.png" srcset="https://assets.shop.loblaws.ca/products/20142055001/b3/en/front/20142055001_front_a06_@2.png 1x, https://assets.shop.loblaws.ca/products/20142055001/b3/en/front/20142055001_front_a06_@2.png 2x" loading="lazy" class="chakra-image css-oguq8l" aria-hidden="true"></div><div class="css-qoklea"><div class="css-12dchmx"></div><div data-testid="price-product-tile" class="css-8atqhb"><p class="chakra-text css-0"><span class="chakra-text css-pwnbcb" data-testid="regular-price"><span class="css-idkz9h">about $2.49</span>about $2.49</span></p></div><a href="/opo-squash/p/20142055001_KG?source=nspt" class="chakra-linkbox__overlay css-1hnz6hu"><div class="css-0"><h3 class="chakra-heading css-6qrhwc" id="20142055001_KG" data-testid="product-title">Opo Squash</h3><p class="chakra-text css-1yftjin" data-testid="product-package-size">$3.95/1kg $1.79/1lb</p></div></a><div class="css-8keand"></div></div><div class="css-1q5omjq"><div class="css-fcebb8"><div data-testid="atc-compact" class="css-y94ivq" style="width: 45px;"><button disabled="" type="button" class="chakra-button css-mudsm6" data-testid="atc-button"><svg stroke="currentColor" fill="currentColor" stroke-width="0" viewBox="0 0 24 24" focusable="false" class="chakra-icon css-1g3sp7a" data-testid="btn-icon" aria-hidden="true" height="1em" width="1em" xmlns="http://www.w3.org/2000/svg"><path d="M19 13h-6v6h-2v-6H5v-2h6V5h2v6h6v2z"></path></svg><span class="css-idkz9h">Add Opo Squash to cart</span></button></div></div><div class="css-4saf4a"><p class="chakra-text css-py8788" data-testid="inventory-badge-text">Out of Stock</p></div></div></div></div></div><div class="css-0"><div class="css-f5i5wc"><div class="chakra-linkbox css-vhnn8v"><div data-testid="product-image" class="css-16dr4ly"><img alt="null Kohlrabi $5.49/1kg $2.49/1lb" src="https://assets.shop.loblaws.ca/products/20178532001/b3/en/front/20178532001_front_a06_@2.png" srcset="https://assets.shop.loblaws.ca/products/20178532001/b3/en/front/20178532001_front_a06_@2.png 1x, https://assets.shop.loblaws.ca/products/20178532001/b3/en/front/20178532001_front_a06_@2.png 2x" loading="lazy" class="chakra-image css-oguq8l" aria-hidden="true"></div><div class="css-qoklea"><div class="css-12dchmx"></div><div data-testid="price-product-tile" class="css-8atqhb"><p class="chakra-text css-0"><span class="chakra-text css-pwnbcb" data-testid="regular-price"><span class="css-idkz9h">about $2.69</span>about $2.69</span></p></div><a href="/kohlrabi/p/20178532001_KG?source=nspt" class="chakra-linkbox__overlay css-1hnz6hu"><div class="css-0"><h3 class="chakra-heading css-6qrhwc" id="20178532001_KG" data-testid="product-title">Kohlrabi</h3><p class="chakra-text css-1yftjin" data-testid="product-package-size">$5.49/1kg $2.49/1lb</p></div></a><div class="css-8keand"></div></div><div class="css-1q5omjq"><div class="css-fcebb8"><div data-testid="atc-compact" class="css-y94ivq" style="width: 45px;"><button disabled="" type="button" class="chakra-button css-mudsm6" data-testid="atc-button"><svg stroke="currentColor" fill="currentColor" stroke-width="0" viewBox="0 0 24 24" focusable="false" class="chakra-icon css-1g3sp7a" data-testid="btn-icon" aria-hidden="true" height="1em" width="1em" xmlns="http://www.w3.org/2000/svg"><path d="M19 13h-6v6h-2v-6H5v-2h6V5h2v6h6v2z"></path></svg><span class="css-idkz9h">Add Kohlrabi to cart</span></button></div></div><div class="css-4saf4a"><p class="chakra-text css-py8788" data-testid="inventory-badge-text">Out of Stock</p></div></div></div></div></div><div class="css-0"><div class="css-f5i5wc"><div class="chakra-linkbox css-vhnn8v"><div data-testid="product-image" class="css-16dr4ly"><img alt="null Tomatoes, Roma 1 ea, $24.99/1ea" src="https://assets.shop.loblaws.ca/products/20055547/b3/en/front/20055547_front_a06_@2.png" srcset="https://assets.shop.loblaws.ca/products/20055547/b3/en/front/20055547_front_a06_@2.png 1x, https://assets.shop.loblaws.ca/products/20055547/b3/en/front/20055547_front_a06_@2.png 2x" loading="lazy" class="chakra-image css-oguq8l" aria-hidden="true"></div><div class="css-qoklea"><div class="css-12dchmx"></div><div data-testid="price-product-tile" class="css-8atqhb"><p class="chakra-text css-0"><span class="chakra-text css-pwnbcb" data-testid="regular-price"><span class="css-idkz9h">$24.99</span>$24.99</span></p></div><a href="/tomatoes-roma/p/20055547_EA?source=nspt" class="chakra-linkbox__overlay css-1hnz6hu"><div class="css-0"><h3 class="chakra-heading css-6qrhwc" id="20055547_EA" data-testid="product-title">Tomatoes, Roma</h3><p class="chakra-text css-1yftjin" data-testid="product-package-size">1 ea, $24.99/1ea</p></div></a><div class="css-8keand"></div></div><div class="css-1q5omjq"><div class="css-fcebb8"><div data-testid="atc-compact" class="css-y94ivq" style="width: 45px;"><button disabled="" type="button" class="chakra-button css-mudsm6" data-testid="atc-button"><svg stroke="currentColor" fill="currentColor" stroke-width="0" viewBox="0 0 24 24" focusable="false" class="chakra-icon css-1g3sp7a" data-testid="btn-icon" aria-hidden="true" height="1em" width="1em" xmlns="http://www.w3.org/2000/svg"><path d="M19 13h-6v6h-2v-6H5v-2h6V5h2v6h6v2z"></path></svg><span class="css-idkz9h">Add Tomatoes, Roma to cart</span></button></div></div><div class="css-4saf4a"><p class="chakra-text css-py8788" data-testid="inventory-badge-text">Out of Stock</p></div></div></div></div></div><div class="css-0"><div class="css-f5i5wc"><div class="chakra-linkbox css-vhnn8v"><div data-testid="product-image" class="css-16dr4ly"><img alt="null Fenugreek 1 bunch, $2.49/1ea" src="https://assets.shop.loblaws.ca/products/20159689001/b3/en/front/20159689001_front_a06_@2.png" srcset="https://assets.shop.loblaws.ca/products/20159689001/b3/en/front/20159689001_front_a06_@2.png 1x, https://assets.shop.loblaws.ca/products/20159689001/b3/en/front/20159689001_front_a06_@2.png 2x" loading="lazy" class="chakra-image css-oguq8l" aria-hidden="true"></div><div class="css-qoklea"><div class="css-12dchmx"></div><div data-testid="price-product-tile" class="css-8atqhb"><p class="chakra-text css-0"><span class="chakra-text css-pwnbcb" data-testid="regular-price"><span class="css-idkz9h">$2.49</span>$2.49</span></p></div><a href="/fenugreek/p/20159689001_EA?source=nspt" class="chakra-linkbox__overlay css-1hnz6hu"><div class="css-0"><h3 class="chakra-heading css-6qrhwc" id="20159689001_EA" data-testid="product-title">Fenugreek</h3><p class="chakra-text css-1yftjin" data-testid="product-package-size">1 bunch, $2.49/1ea</p></div></a><div class="css-8keand"></div></div><div class="css-1q5omjq"><div class="css-fcebb8"><div data-testid="atc-compact" class="css-y94ivq" style="width: 45px;"><button type="button" class="chakra-button css-mudsm6" data-testid="atc-button"><svg stroke="currentColor" fill="currentColor" stroke-width="0" viewBox="0 0 24 24" focusable="false" class="chakra-icon css-1g3sp7a" data-testid="btn-icon" aria-hidden="true" height="1em" width="1em" xmlns="http://www.w3.org/2000/svg"><path d="M19 13h-6v6h-2v-6H5v-2h6V5h2v6h6v2z"></path></svg><span class="css-idkz9h">Add Fenugreek to cart</span></button></div></div></div></div></div></div><div class="css-0"><div class="css-f5i5wc"><div class="chakra-linkbox css-vhnn8v"><div data-testid="product-image" class="css-16dr4ly"><img alt="null Spinach, Bunched 1 ea, $1.88/1ea" src="https://assets.shop.loblaws.ca/products/20162840001/b3/en/front/20162840001_front_a06_@2.png" srcset="https://assets.shop.loblaws.ca/products/20162840001/b3/en/front/20162840001_front_a06_@2.png 1x, https://assets.shop.loblaws.ca/products/20162840001/b3/en/front/20162840001_front_a06_@2.png 2x" loading="lazy" class="chakra-image css-oguq8l" aria-hidden="true"></div><div class="css-qoklea"><div class="css-12dchmx"></div><div data-testid="price-product-tile" class="css-8atqhb"><p class="chakra-text css-0"><span class="chakra-text css-o93gbd" data-testid="sale-price"><span class="css-idkz9h">$1.88</span>$1.88</span><span class="chakra-text css-623q5h" data-testid="was-price"><span class="css-idkz9h">$2.49</span>$2.49</span></p><p class="chakra-text css-1m5a6y8" data-testid="price-descriptor">SAVE $0.61</p></div><a href="/spinach-bunched/p/20162840001_EA?source=nspt" class="chakra-linkbox__overlay css-1hnz6hu"><div class="css-0"><h3 class="chakra-heading css-6qrhwc" id="20162840001_EA" data-testid="product-title">Spinach, Bunched</h3><p class="chakra-text css-1yftjin" data-testid="product-package-size">1 ea, $1.88/1ea</p></div></a><div class="css-8keand"></div></div><div class="css-1q5omjq"><div class="css-fcebb8"><div data-testid="atc-compact" class="css-y94ivq" style="width: 45px;"><button type="button" class="chakra-button css-mudsm6" data-testid="atc-button"><svg stroke="currentColor" fill="currentColor" stroke-width="0" viewBox="0 0 24 24" focusable="false" class="chakra-icon css-1g3sp7a" data-testid="btn-icon" aria-hidden="true" height="1em" width="1em" xmlns="http://www.w3.org/2000/svg"><path d="M19 13h-6v6h-2v-6H5v-2h6V5h2v6h6v2z"></path></svg><span class="css-idkz9h">Add Spinach, Bunched to cart</span></button></div></div></div></div></div></div><div class="css-0"><div class="css-f5i5wc"><div class="chakra-linkbox css-vhnn8v"><div data-testid="product-image" class="css-16dr4ly"><img alt="No Name Naturally Imperfect Potatoes 15lb 6804 g, $0.09/100g" src="https://assets.shop.loblaws.ca/products/20944462001/b3/en/front/20944462001_front_a06_@2.png" srcset="https://assets.shop.loblaws.ca/products/20944462001/b3/en/front/20944462001_front_a06_@2.png 1x, https://assets.shop.loblaws.ca/products/20944462001/b3/en/front/20944462001_front_a06_@2.png 2x" loading="lazy" class="chakra-image css-oguq8l" aria-hidden="true"></div><div class="css-qoklea"><div class="css-12dchmx"></div><div data-testid="price-product-tile" class="css-8atqhb"><p class="chakra-text css-0"><span class="chakra-text css-pwnbcb" data-testid="regular-price"><span class="css-idkz9h">$6.00</span>$6.00</span></p></div><a href="/naturally-imperfect-potatoes-15lb/p/20944462001_EA?source=nspt" class="chakra-linkbox__overlay css-1hnz6hu"><div class="css-0"><p class="chakra-text css-1ecdp9w" data-testid="product-brand">No Name</p><h3 class="chakra-heading css-6qrhwc" id="20944462001_EA" data-testid="product-title">Naturally Imperfect Potatoes 15lb</h3><p class="chakra-text css-1yftjin" data-testid="product-package-size">6804 g, $0.09/100g</p></div></a><div class="css-8keand"></div></div><div class="css-1q5omjq"><div class="css-fcebb8"><div data-testid="atc-compact" class="css-y94ivq" style="width: 45px;"><button type="button" class="chakra-button css-mudsm6" data-testid="atc-button"><svg stroke="currentColor" fill="currentColor" stroke-width="0" viewBox="0 0 24 24" focusable="false" class="chakra-icon css-1g3sp7a" data-testid="btn-icon" aria-hidden="true" height="1em" width="1em" xmlns="http://www.w3.org/2000/svg"><path d="M19 13h-6v6h-2v-6H5v-2h6V5h2v6h6v2z"></path></svg><span class="css-idkz9h">Add Naturally Imperfect Potatoes 15lb to cart</span></button></div></div></div></div></div></div><div class="css-0"><div class="css-f5i5wc"><div class="chakra-linkbox css-vhnn8v"><div data-testid="product-image" class="css-16dr4ly"><img alt="No Name Carrots 2270 g, $0.18/100g" src="https://assets.shop.loblaws.ca/products/20945332001/b3/en/front/20945332001_front_a06_@2.png" srcset="https://assets.shop.loblaws.ca/products/20945332001/b3/en/front/20945332001_front_a06_@2.png 1x, https://assets.shop.loblaws.ca/products/20945332001/b3/en/front/20945332001_front_a06_@2.png 2x" loading="lazy" class="chakra-image css-oguq8l" aria-hidden="true"></div><div class="css-qoklea"><div class="css-12dchmx"></div><div data-testid="price-product-tile" class="css-8atqhb"><p class="chakra-text css-0"><span class="chakra-text css-pwnbcb" data-testid="regular-price"><span class="css-idkz9h">$4.00</span>$4.00</span></p></div><a href="/carrots/p/20945332001_EA?source=nspt" class="chakra-linkbox__overlay css-1hnz6hu"><div class="css-0"><p class="chakra-text css-1ecdp9w" data-testid="product-brand">No Name</p><h3 class="chakra-heading css-6qrhwc" id="20945332001_EA" data-testid="product-title">Carrots</h3><p class="chakra-text css-1yftjin" data-testid="product-package-size">2270 g, $0.18/100g</p></div></a><div class="css-8keand"></div></div><div class="css-1q5omjq"><div class="css-fcebb8"><div data-testid="atc-compact" class="css-y94ivq" style="width: 45px;"><button type="button" class="chakra-button css-mudsm6" data-testid="atc-button"><svg stroke="currentColor" fill="currentColor" stroke-width="0" viewBox="0 0 24 24" focusable="false" class="chakra-icon css-1g3sp7a" data-testid="btn-icon" aria-hidden="true" height="1em" width="1em" xmlns="http://www.w3.org/2000/svg"><path d="M19 13h-6v6h-2v-6H5v-2h6V5h2v6h6v2z"></path></svg><span class="css-idkz9h">Add Carrots to cart</span></button></div></div></div></div></div></div><div class="css-0"><div class="css-f5i5wc"><div class="chakra-linkbox css-vhnn8v"><div data-testid="product-image" class="css-16dr4ly"><img alt="President's Choice White Potatoes, 5 lb Bag 2.268 kg, $0.26/100g" src="https://assets.shop.loblaws.ca/products/20600995001/b3/en/front/20600995001_front_a06_@2.png" srcset="https://assets.shop.loblaws.ca/products/20600995001/b3/en/front/20600995001_front_a06_@2.png 1x, https://assets.shop.loblaws.ca/products/20600995001/b3/en/front/20600995001_front_a06_@2.png 2x" loading="lazy" class="chakra-image css-oguq8l" aria-hidden="true"></div><div class="css-qoklea"><div class="css-12dchmx"></div><div data-testid="price-product-tile" class="css-8atqhb"><p class="chakra-text css-0"><span class="chakra-text css-pwnbcb" data-testid="regular-price"><span class="css-idkz9h">$5.99</span>$5.99</span></p></div><a href="/white-potatoes-5-lb-bag/p/20600995001_EA?source=nspt" class="chakra-linkbox__overlay css-1hnz6hu"><div class="css-0"><p class="chakra-text css-1ecdp9w" data-testid="product-brand">President's Choice</p><h3 class="chakra-heading css-6qrhwc" id="20600995001_EA" data-testid="product-title">White Potatoes, 5 lb Bag</h3><p class="chakra-text css-1yftjin" data-testid="product-package-size">2.268 kg, $0.26/100g</p></div></a><div class="css-8keand"></div></div><div class="css-1q5omjq"><div class="css-fcebb8"><div data-testid="atc-compact" class="css-y94ivq" style="width: 45px;"><button disabled="" type="button" class="chakra-button css-mudsm6" data-testid="atc-button"><svg stroke="currentColor" fill="currentColor" stroke-width="0" viewBox="0 0 24 24" focusable="false" class="chakra-icon css-1g3sp7a" data-testid="btn-icon" aria-hidden="true" height="1em" width="1em" xmlns="http://www.w3.org/2000/svg"><path d="M19 13h-6v6h-2v-6H5v-2h6V5h2v6h6v2z"></path></svg><span class="css-idkz9h">Add White Potatoes, 5 lb Bag to cart</span></button></div></div><div class="css-4saf4a"><p class="chakra-text css-py8788" data-testid="inventory-badge-text">Out of Stock</p></div></div></div></div></div><div class="css-0"><div class="css-f5i5wc"><div class="chakra-linkbox css-vhnn8v"><div data-testid="product-image" class="css-16dr4ly"><img alt="null Yellow Potatoes $5.49/1kg $2.49/1lb" src="https://assets.shop.loblaws.ca/products/20106716001/b3/en/front/20106716001_front_a06_@2.png" srcset="https://assets.shop.loblaws.ca/products/20106716001/b3/en/front/20106716001_front_a06_@2.png 1x, https://assets.shop.loblaws.ca/products/20106716001/b3/en/front/20106716001_front_a06_@2.png 2x" loading="lazy" class="chakra-image css-oguq8l" aria-hidden="true"></div><div class="css-qoklea"><div class="css-12dchmx"></div><div data-testid="price-product-tile" class="css-8atqhb"><p class="chakra-text css-0"><span class="chakra-text css-pwnbcb" data-testid="regular-price"><span class="css-idkz9h">about $1.65</span>about $1.65</span></p></div><a href="/yellow-potatoes/p/20106716001_KG?source=nspt" class="chakra-linkbox__overlay css-1hnz6hu"><div class="css-0"><h3 class="chakra-heading css-6qrhwc" id="20106716001_KG" data-testid="product-title">Yellow Potatoes</h3><p class="chakra-text css-1yftjin" data-testid="product-package-size">$5.49/1kg $2.49/1lb</p></div></a><div class="css-8keand"></div></div><div class="css-1q5omjq"><div class="css-fcebb8"><div data-testid="atc-compact" class="css-y94ivq" style="width: 45px;"><button type="button" class="chakra-button css-mudsm6" data-testid="atc-button"><svg stroke="currentColor" fill="currentColor" stroke-width="0" viewBox="0 0 24 24" focusable="false" class="chakra-icon css-1g3sp7a" data-testid="btn-icon" aria-hidden="true" height="1em" width="1em" xmlns="http://www.w3.org/2000/svg"><path d="M19 13h-6v6h-2v-6H5v-2h6V5h2v6h6v2z"></path></svg><span class="css-idkz9h">Add Yellow Potatoes to cart</span></button></div></div></div></div></div></div><div class="css-0"><div class="css-f5i5wc"><div class="chakra-linkbox css-vhnn8v"><div data-testid="product-image" class="css-16dr4ly"><img alt="Farmer's Market Ruby &amp; Golden Little Gems Potatoes 1.36 kg, $0.44/100g" src="https://assets.shop.loblaws.ca/products/21037948001/b3/en/front/21037948001_front_a06_@2.png" srcset="https://assets.shop.loblaws.ca/products/21037948001/b3/en/front/21037948001_front_a06_@2.png 1x, https://assets.shop.loblaws.ca/products/21037948001/b3/en/front/21037948001_front_a06_@2.png 2x" loading="lazy" class="chakra-image css-oguq8l" aria-hidden="true"></div><div class="css-qoklea"><div class="css-12dchmx"></div><div data-testid="price-product-tile" class="css-8atqhb"><p class="chakra-text css-0"><span class="chakra-text css-pwnbcb" data-testid="regular-price"><span class="css-idkz9h">$5.99</span>$5.99</span></p></div><a href="/ruby-golden-little-gems-potatoes/p/21037948001_EA?source=nspt" class="chakra-linkbox__overlay css-1hnz6hu"><div class="css-0"><p class="chakra-text css-1ecdp9w" data-testid="product-brand">Farmer's Market</p><h3 class="chakra-heading css-6qrhwc" id="21037948001_EA" data-testid="product-title">Ruby &amp; Golden Little Gems Potatoes</h3><p class="chakra-text css-1yftjin" data-testid="product-package-size">1.36 kg, $0.44/100g</p></div></a><div class="css-8keand"></div></div><div class="css-1q5omjq"><div class="css-fcebb8"><div data-testid="atc-compact" class="css-y94ivq" style="width: 45px;"><button disabled="" type="button" class="chakra-button css-mudsm6" data-testid="atc-button"><svg stroke="currentColor" fill="currentColor" stroke-width="0" viewBox="0 0 24 24" focusable="false" class="chakra-icon css-1g3sp7a" data-testid="btn-icon" aria-hidden="true" height="1em" width="1em" xmlns="http://www.w3.org/2000/svg"><path d="M19 13h-6v6h-2v-6H5v-2h6V5h2v6h6v2z"></path></svg><span class="css-idkz9h">Add Ruby &amp; Golden Little Gems Potatoes to cart</span></button></div></div><div class="css-4saf4a"><p class="chakra-text css-py8788" data-testid="inventory-badge-text">Out of Stock</p></div></div></div></div></div><div class="css-0"><div class="css-f5i5wc"><div class="chakra-linkbox css-vhnn8v"><div data-testid="product-image" class="css-16dr4ly"><img alt="President's Choice Red Potatoes, 5 lb Bag 2.268 kg, $0.26/100g" src="https://assets.shop.loblaws.ca/products/20600999001/b3/en/front/20600999001_front_a06_@2.png" srcset="https://assets.shop.loblaws.ca/products/20600999001/b3/en/front/20600999001_front_a06_@2.png 1x, https://assets.shop.loblaws.ca/products/20600999001/b3/en/front/20600999001_front_a06_@2.png 2x" loading="lazy" class="chakra-image css-oguq8l" aria-hidden="true"></div><div class="css-qoklea"><div class="css-12dchmx"></div><div data-testid="price-product-tile" class="css-8atqhb"><p class="chakra-text css-0"><span class="chakra-text css-pwnbcb" data-testid="regular-price"><span class="css-idkz9h">$5.99</span>$5.99</span></p></div><a href="/red-potatoes-5-lb-bag/p/20600999001_EA?source=nspt" class="chakra-linkbox__overlay css-1hnz6hu"><div class="css-0"><p class="chakra-text css-1ecdp9w" data-testid="product-brand">President's Choice</p><h3 class="chakra-heading css-6qrhwc" id="20600999001_EA" data-testid="product-title">Red Potatoes, 5 lb Bag</h3><p class="chakra-text css-1yftjin" data-testid="product-package-size">2.268 kg, $0.26/100g</p></div></a><div class="css-8keand"></div></div><div class="css-1q5omjq"><div class="css-fcebb8"><div data-testid="atc-compact" class="css-y94ivq" style="width: 45px;"><button disabled="" type="button" class="chakra-button css-mudsm6" data-testid="atc-button"><svg stroke="currentColor" fill="currentColor" stroke-width="0" viewBox="0 0 24 24" focusable="false" class="chakra-icon css-1g3sp7a" data-testid="btn-icon" aria-hidden="true" height="1em" width="1em" xmlns="http://www.w3.org/2000/svg"><path d="M19 13h-6v6h-2v-6H5v-2h6V5h2v6h6v2z"></path></svg><span class="css-idkz9h">Add Red Potatoes, 5 lb Bag to cart</span></button></div></div><div class="css-4saf4a"><p class="chakra-text css-py8788" data-testid="inventory-badge-text">Out of Stock</p></div></div></div></div></div><div class="css-0"><div class="css-f5i5wc"><div class="chakra-linkbox css-vhnn8v"><div data-testid="product-image" class="css-16dr4ly"><img alt="null Lotus Root $8.80/1kg $3.99/1lb" src="https://assets.shop.loblaws.ca/products/20048557001/b3/en/front/20048557001_front_a06_@2.png" srcset="https://assets.shop.loblaws.ca/products/20048557001/b3/en/front/20048557001_front_a06_@2.png 1x, https://assets.shop.loblaws.ca/products/20048557001/b3/en/front/20048557001_front_a06_@2.png 2x" loading="lazy" class="chakra-image css-oguq8l" aria-hidden="true"></div><div class="css-qoklea"><div class="css-12dchmx"></div><div data-testid="price-product-tile" class="css-8atqhb"><p class="chakra-text css-0"><span class="chakra-text css-pwnbcb" data-testid="regular-price"><span class="css-idkz9h">about $4.40</span>about $4.40</span></p></div><a href="/lotus-root/p/20048557001_KG?source=nspt" class="chakra-linkbox__overlay css-1hnz6hu"><div class="css-0"><h3 class="chakra-heading css-6qrhwc" id="20048557001_KG" data-testid="product-title">Lotus Root</h3><p class="chakra-text css-1yftjin" data-testid="product-package-size">$8.80/1kg $3.99/1lb</p></div></a><div class="css-8keand"></div></div><div class="css-1q5omjq"><div class="css-fcebb8"><div data-testid="atc-compact" class="css-y94ivq" style="width: 45px;"><button disabled="" type="button" class="chakra-button css-mudsm6" data-testid="atc-button"><svg stroke="currentColor" fill="currentColor" stroke-width="0" viewBox="0 0 24 24" focusable="false" class="chakra-icon css-1g3sp7a" data-testid="btn-icon" aria-hidden="true" height="1em" width="1em" xmlns="http://www.w3.org/2000/svg"><path d="M19 13h-6v6h-2v-6H5v-2h6V5h2v6h6v2z"></path></svg><span class="css-idkz9h">Add Lotus Root to cart</span></button></div></div><div class="css-4saf4a"><p class="chakra-text css-py8788" data-testid="inventory-badge-text">Out of Stock</p></div></div></div></div></div><div class="css-0"><div class="css-f5i5wc"><div class="chakra-linkbox css-vhnn8v"><div data-testid="product-image" class="css-16dr4ly"><img alt="null Carrots $4.39/1kg $1.99/1lb" src="https://assets.shop.loblaws.ca/products/20116186001/b3/en/front/20116186001_front_a06_@2.png" srcset="https://assets.shop.loblaws.ca/products/20116186001/b3/en/front/20116186001_front_a06_@2.png 1x, https://assets.shop.loblaws.ca/products/20116186001/b3/en/front/20116186001_front_a06_@2.png 2x" loading="lazy" class="chakra-image css-oguq8l" aria-hidden="true"></div><div class="css-qoklea"><div class="css-12dchmx"></div><div data-testid="price-product-tile" class="css-8atqhb"><p class="chakra-text css-0"><span class="chakra-text css-pwnbcb" data-testid="regular-price"><span class="css-idkz9h">about $0.57</span>about $0.57</span></p></div><a href="/carrots/p/20116186001_KG?source=nspt" class="chakra-linkbox__overlay css-1hnz6hu"><div class="css-0"><h3 class="chakra-heading css-6qrhwc" id="20116186001_KG" data-testid="product-title">Carrots</h3><p class="chakra-text css-1yftjin" data-testid="product-package-size">$4.39/1kg $1.99/1lb</p></div></a><div class="css-8keand"></div></div><div class="css-1q5omjq"><div class="css-fcebb8"><div data-testid="atc-compact" class="css-y94ivq" style="width: 45px;"><button disabled="" type="button" class="chakra-button css-mudsm6" data-testid="atc-button"><svg stroke="currentColor" fill="currentColor" stroke-width="0" viewBox="0 0 24 24" focusable="false" class="chakra-icon css-1g3sp7a" data-testid="btn-icon" aria-hidden="true" height="1em" width="1em" xmlns="http://www.w3.org/2000/svg"><path d="M19 13h-6v6h-2v-6H5v-2h6V5h2v6h6v2z"></path></svg><span class="css-idkz9h">Add Carrots to cart</span></button></div></div><div class="css-4saf4a"><p class="chakra-text css-py8788" data-testid="inventory-badge-text">Out of Stock</p></div></div></div></div></div><div class="css-0"><div class="css-f5i5wc"><div class="chakra-linkbox css-vhnn8v"><div data-testid="product-image" class="css-16dr4ly"><img alt="null Brussels Sprouts $8.80/1kg $3.99/1lb" src="https://assets.shop.loblaws.ca/products/20036155001/b3/en/front/20036155001_front_a06_@2.png" srcset="https://assets.shop.loblaws.ca/products/20036155001/b3/en/front/20036155001_front_a06_@2.png 1x, https://assets.shop.loblaws.ca/products/20036155001/b3/en/front/20036155001_front_a06_@2.png 2x" loading="lazy" class="chakra-image css-oguq8l" aria-hidden="true"></div><div class="css-qoklea"><div class="css-12dchmx"></div><div data-testid="price-product-tile" class="css-8atqhb"><p class="chakra-text css-0"><span class="chakra-text css-pwnbcb" data-testid="regular-price"><span class="css-idkz9h">$0.88</span>$0.88</span></p></div><a href="/brussels-sprouts/p/20036155001_KG?source=nspt" class="chakra-linkbox__overlay css-1hnz6hu"><div class="css-0"><h3 class="chakra-heading css-6qrhwc" id="20036155001_KG" data-testid="product-title">Brussels Sprouts</h3><p class="chakra-text css-1yftjin" data-testid="product-package-size">$8.80/1kg $3.99/1lb</p></div></a><div class="css-8keand"></div></div><div class="css-1q5omjq"><div class="css-fcebb8"><div data-testid="atc-compact" class="css-y94ivq" style="width: 45px;"><button type="button" class="chakra-button css-mudsm6" data-testid="atc-button"><svg stroke="currentColor" fill="currentColor" stroke-width="0" viewBox="0 0 24 24" focusable="false" class="chakra-icon css-1g3sp7a" data-testid="btn-icon" aria-hidden="true" height="1em" width="1em" xmlns="http://www.w3.org/2000/svg"><path d="M19 13h-6v6h-2v-6H5v-2h6V5h2v6h6v2z"></path></svg><span class="css-idkz9h">Add Brussels Sprouts to cart</span></button></div></div></div></div></div></div><div class="css-0"><div class="css-f5i5wc"><div class="chakra-linkbox css-vhnn8v"><div data-testid="product-image" class="css-16dr4ly"><img alt="null Snow Peas 200 g, $0.99/100g" src="https://assets.shop.loblaws.ca/products/21023553001/b3/en/front/21023553001_front_a06_@2.png" srcset="https://assets.shop.loblaws.ca/products/21023553001/b3/en/front/21023553001_front_a06_@2.png 1x, https://assets.shop.loblaws.ca/products/21023553001/b3/en/front/21023553001_front_a06_@2.png 2x" loading="lazy" class="chakra-image css-oguq8l" aria-hidden="true"></div><div class="css-qoklea"><div class="css-12dchmx"></div><div data-testid="price-product-tile" class="css-8atqhb"><p class="chakra-text css-0"><span class="chakra-text css-o93gbd" data-testid="sale-price"><span class="css-idkz9h">$1.98</span>$1.98</span><span class="chakra-text css-623q5h" data-testid="was-price"><span class="css-idkz9h">$2.69</span>$2.69</span></p><p class="chakra-text css-1m5a6y8" data-testid="price-descriptor">SAVE $0.71</p></div><a href="/snow-peas/p/21023553001_EA?source=nspt" class="chakra-linkbox__overlay css-1hnz6hu"><div class="css-0"><h3 class="chakra-heading css-6qrhwc" id="21023553001_EA" data-testid="product-title">Snow Peas</h3><p class="chakra-text css-1yftjin" data-testid="product-package-size">200 g, $0.99/100g</p></div></a><div class="css-8keand"></div></div><div class="css-1q5omjq"><div class="css-fcebb8"><div data-testid="atc-compact" class="css-y94ivq" style="width: 45px;"><button type="button" class="chakra-button css-mudsm6" data-testid="atc-button"><svg stroke="currentColor" fill="currentColor" stroke-width="0" viewBox="0 0 24 24" focusable="false" class="chakra-icon css-1g3sp7a" data-testid="btn-icon" aria-hidden="true" height="1em" width="1em" xmlns="http://www.w3.org/2000/svg"><path d="M19 13h-6v6h-2v-6H5v-2h6V5h2v6h6v2z"></path></svg><span class="css-idkz9h">Add Snow Peas to cart</span></button></div></div></div></div></div></div><div class="css-0"><div class="css-f5i5wc"><div class="chakra-linkbox css-vhnn8v"><div data-testid="product-image" class="css-16dr4ly"><img alt="Farmer's Market Carrot Chips 454 g, $0.66/100g" src="https://assets.shop.loblaws.ca/products/20885999/b3/en/front/20885999_front_a06_@2.png" srcset="https://assets.shop.loblaws.ca/products/20885999/b3/en/front/20885999_front_a06_@2.png 1x, https://assets.shop.loblaws.ca/products/20885999/b3/en/front/20885999_front_a06_@2.png 2x" loading="lazy" class="chakra-image css-oguq8l" aria-hidden="true"></div><div class="css-qoklea"><div class="css-12dchmx"></div><div data-testid="price-product-tile" class="css-8atqhb"><p class="chakra-text css-0"><span class="chakra-text css-pwnbcb" data-testid="regular-price"><span class="css-idkz9h">$2.99</span>$2.99</span></p></div><a href="/carrot-chips/p/20885999_EA?source=nspt" class="chakra-linkbox__overlay css-1hnz6hu"><div class="css-0"><p class="chakra-text css-1ecdp9w" data-testid="product-brand">Farmer's Market</p><h3 class="chakra-heading css-6qrhwc" id="20885999_EA" data-testid="product-title">Carrot Chips</h3><p class="chakra-text css-1yftjin" data-testid="product-package-size">454 g, $0.66/100g</p></div></a><div class="css-8keand"></div></div><div class="css-1q5omjq"><div class="css-fcebb8"><div data-testid="atc-compact" class="css-y94ivq" style="width: 45px;"><button disabled="" type="button" class="chakra-button css-mudsm6" data-testid="atc-button"><svg stroke="currentColor" fill="currentColor" stroke-width="0" viewBox="0 0 24 24" focusable="false" class="chakra-icon css-1g3sp7a" data-testid="btn-icon" aria-hidden="true" height="1em" width="1em" xmlns="http://www.w3.org/2000/svg"><path d="M19 13h-6v6h-2v-6H5v-2h6V5h2v6h6v2z"></path></svg><span class="css-idkz9h">Add Carrot Chips to cart</span></button></div></div><div class="css-4saf4a"><p class="chakra-text css-py8788" data-testid="inventory-badge-text">Out of Stock</p></div></div></div></div></div><div class="css-0"><div class="css-f5i5wc"><div class="chakra-linkbox css-vhnn8v"><div data-testid="product-image" class="css-16dr4ly"><img alt="null Broccolini 1 bunch, $2.99/1ea" src="https://assets.shop.loblaws.ca/products/20154907/b3/en/front/20154907_front_a06_@2.png" srcset="https://assets.shop.loblaws.ca/products/20154907/b3/en/front/20154907_front_a06_@2.png 1x, https://assets.shop.loblaws.ca/products/20154907/b3/en/front/20154907_front_a06_@2.png 2x" loading="lazy" class="chakra-image css-oguq8l" aria-hidden="true"></div><div class="css-qoklea"><div class="css-12dchmx"></div><div data-testid="price-product-tile" class="css-8atqhb"><p class="chakra-text css-0"><span class="chakra-text css-pwnbcb" data-testid="regular-price"><span class="css-idkz9h">$2.99</span>$2.99</span></p></div><a href="/broccolini/p/20154907_EA?source=nspt" class="chakra-linkbox__overlay css-1hnz6hu"><div class="css-0"><h3 class="chakra-heading css-6qrhwc" id="20154907_EA" data-testid="product-title">Broccolini</h3><p class="chakra-text css-1yftjin" data-testid="product-package-size">1 bunch, $2.99/1ea</p></div></a><div class="css-8keand"></div></div><div class="css-1q5omjq"><div class="css-fcebb8"><div data-testid="atc-compact" class="css-y94ivq" style="width: 45px;"><button disabled="" type="button" class="chakra-button css-mudsm6" data-testid="atc-button"><svg stroke="currentColor" fill="currentColor" stroke-width="0" viewBox="0 0 24 24" focusable="false" class="chakra-icon css-1g3sp7a" data-testid="btn-icon" aria-hidden="true" height="1em" width="1em" xmlns="http://www.w3.org/2000/svg"><path d="M19 13h-6v6h-2v-6H5v-2h6V5h2v6h6v2z"></path></svg><span class="css-idkz9h">Add Broccolini to cart</span></button></div></div><div class="css-4saf4a"><p class="chakra-text css-py8788" data-testid="inventory-badge-text">Out of Stock</p></div></div></div></div></div><div class="css-0"><div class="css-f5i5wc"><div class="chakra-linkbox css-vhnn8v"><div data-testid="product-image" class="css-16dr4ly"><img alt="null Baby Napa $4.37/1kg" src="https://assets.shop.loblaws.ca/products/21024088001/b3/en/front/21024088001_front_a06_@2.png" srcset="https://assets.shop.loblaws.ca/products/21024088001/b3/en/front/21024088001_front_a06_@2.png 1x, https://assets.shop.loblaws.ca/products/21024088001/b3/en/front/21024088001_front_a06_@2.png 2x" loading="lazy" class="chakra-image css-oguq8l" aria-hidden="true"></div><div class="css-qoklea"><div class="css-12dchmx"></div><div data-testid="price-product-tile" class="css-8atqhb"><p class="chakra-text css-0"><span class="chakra-text css-o93gbd" data-testid="sale-price"><span class="css-idkz9h">$4.37</span>$4.37</span><span class="chakra-text css-623q5h" data-testid="was-price"><span class="css-idkz9h">$6.15</span>$6.15</span></p><p class="chakra-text css-1m5a6y8" data-testid="price-descriptor">SAVE $1.78</p></div><a href="/baby-napa/p/21024088001_KG?source=nspt" class="chakra-linkbox__overlay css-1hnz6hu"><div class="css-0"><h3 class="chakra-heading css-6qrhwc" id="21024088001_KG" data-testid="product-title">Baby Napa</h3><p class="chakra-text css-1yftjin" data-testid="product-package-size">$4.37/1kg</p></div></a><div class="css-8keand"></div></div><div class="css-1q5omjq"><div class="css-fcebb8"><div data-testid="atc-compact" class="css-y94ivq" style="width: 45px;"><button disabled="" type="button" class="chakra-button css-mudsm6" data-testid="atc-button"><svg stroke="currentColor" fill="currentColor" stroke-width="0" viewBox="0 0 24 24" focusable="false" class="chakra-icon css-1g3sp7a" data-testid="btn-icon" aria-hidden="true" height="1em" width="1em" xmlns="http://www.w3.org/2000/svg"><path d="M19 13h-6v6h-2v-6H5v-2h6V5h2v6h6v2z"></path></svg><span class="css-idkz9h">Add Baby Napa to cart</span></button></div></div><div class="css-4saf4a"><p class="chakra-text css-py8788" data-testid="inventory-badge-text">Out of Stock</p></div></div></div></div></div><div class="css-0"><div class="css-f5i5wc"><div class="chakra-linkbox css-vhnn8v"><div data-testid="product-image" class="css-16dr4ly"><img alt="null Shiitake Mushrooms $2.86/100g $28.64/1kg" src="https://assets.shop.loblaws.ca/products/20066913001/b3/en/front/20066913001_front_a06_@2.png" srcset="https://assets.shop.loblaws.ca/products/20066913001/b3/en/front/20066913001_front_a06_@2.png 1x, https://assets.shop.loblaws.ca/products/20066913001/b3/en/front/20066913001_front_a06_@2.png 2x" loading="lazy" class="chakra-image css-oguq8l" aria-hidden="true"></div><div class="css-qoklea"><div class="css-12dchmx"></div><div data-testid="price-product-tile" class="css-8atqhb"><p class="chakra-text css-0"><span class="chakra-text css-pwnbcb" data-testid="regular-price"><span class="css-idkz9h">$0.72</span>$0.72</span></p></div><a href="/shiitake-mushrooms/p/20066913001_KG?source=nspt" class="chakra-linkbox__overlay css-1hnz6hu"><div class="css-0"><h3 class="chakra-heading css-6qrhwc" id="20066913001_KG" data-testid="product-title">Shiitake Mushrooms</h3><p class="chakra-text css-1yftjin" data-testid="product-package-size">$2.86/100g $28.64/1kg</p></div></a><div class="css-8keand"></div></div><div class="css-1q5omjq"><div class="css-fcebb8"><div data-testid="atc-compact" class="css-y94ivq" style="width: 45px;"><button disabled="" type="button" class="chakra-button css-mudsm6" data-testid="atc-button"><svg stroke="currentColor" fill="currentColor" stroke-width="0" viewBox="0 0 24 24" focusable="false" class="chakra-icon css-1g3sp7a" data-testid="btn-icon" aria-hidden="true" height="1em" width="1em" xmlns="http://www.w3.org/2000/svg"><path d="M19 13h-6v6h-2v-6H5v-2h6V5h2v6h6v2z"></path></svg><span class="css-idkz9h">Add Shiitake Mushrooms to cart</span></button></div></div><div class="css-4saf4a"><p class="chakra-text css-py8788" data-testid="inventory-badge-text">Out of Stock</p></div></div></div></div></div><div class="css-0"><div class="css-f5i5wc"><div class="chakra-linkbox css-vhnn8v"><div data-testid="product-image" class="css-16dr4ly"><img alt="null Chayote Squash $7.69/1kg" src="https://assets.shop.loblaws.ca/products/20891206001/b3/en/front/20891206001_front_a06_@2.png" srcset="https://assets.shop.loblaws.ca/products/20891206001/b3/en/front/20891206001_front_a06_@2.png 1x, https://assets.shop.loblaws.ca/products/20891206001/b3/en/front/20891206001_front_a06_@2.png 2x" loading="lazy" class="chakra-image css-oguq8l" aria-hidden="true"></div><div class="css-qoklea"><div class="css-12dchmx"></div><div data-testid="price-product-tile" class="css-8atqhb"><p class="chakra-text css-0"><span class="chakra-text css-pwnbcb" data-testid="regular-price"><span class="css-idkz9h">$7.69</span>$7.69</span></p></div><a href="/chayote-squash/p/20891206001_KG?source=nspt" class="chakra-linkbox__overlay css-1hnz6hu"><div class="css-0"><h3 class="chakra-heading css-6qrhwc" id="20891206001_KG" data-testid="product-title">Chayote Squash</h3><p class="chakra-text css-1yftjin" data-testid="product-package-size">$7.69/1kg</p></div></a><div class="css-8keand"></div></div><div class="css-1q5omjq"><div class="css-fcebb8"><div data-testid="atc-compact" class="css-y94ivq" style="width: 45px;"><button disabled="" type="button" class="chakra-button css-mudsm6" data-testid="atc-button"><svg stroke="currentColor" fill="currentColor" stroke-width="0" viewBox="0 0 24 24" focusable="false" class="chakra-icon css-1g3sp7a" data-testid="btn-icon" aria-hidden="true" height="1em" width="1em" xmlns="http://www.w3.org/2000/svg"><path d="M19 13h-6v6h-2v-6H5v-2h6V5h2v6h6v2z"></path></svg><span class="css-idkz9h">Add Chayote Squash to cart</span></button></div></div><div class="css-4saf4a"><p class="chakra-text css-py8788" data-testid="inventory-badge-text">Out of Stock</p></div></div></div></div></div><div class="css-0"><div class="css-f5i5wc"><div class="chakra-linkbox css-vhnn8v"><div data-testid="product-image" class="css-16dr4ly"><img alt="PC Organics Organic Enoki Mushrooms 150 g, $2.66/100g" src="https://assets.shop.loblaws.ca/products/21005376/b3/en/front/21005376_front_a06_@2.png" srcset="https://assets.shop.loblaws.ca/products/21005376/b3/en/front/21005376_front_a06_@2.png 1x, https://assets.shop.loblaws.ca/products/21005376/b3/en/front/21005376_front_a06_@2.png 2x" loading="lazy" class="chakra-image css-oguq8l" aria-hidden="true"></div><div class="css-qoklea"><div class="css-12dchmx"></div><div data-testid="price-product-tile" class="css-8atqhb"><p class="chakra-text css-0"><span class="chakra-text css-pwnbcb" data-testid="regular-price"><span class="css-idkz9h">$3.99</span>$3.99</span></p></div><a href="/organic-enoki-mushrooms/p/21005376_EA?source=nspt" class="chakra-linkbox__overlay css-1hnz6hu"><div class="css-0"><p class="chakra-text css-1ecdp9w" data-testid="product-brand">PC Organics</p><h3 class="chakra-heading css-6qrhwc" id="21005376_EA" data-testid="product-title">Organic Enoki Mushrooms</h3><p class="chakra-text css-1yftjin" data-testid="product-package-size">150 g, $2.66/100g</p></div></a><div class="css-8keand"></div></div><div class="css-1q5omjq"><div class="css-fcebb8"><div data-testid="atc-compact" class="css-y94ivq" style="width: 45px;"><button type="button" class="chakra-button css-mudsm6" data-testid="atc-button"><svg stroke="currentColor" fill="currentColor" stroke-width="0" viewBox="0 0 24 24" focusable="false" class="chakra-icon css-1g3sp7a" data-testid="btn-icon" aria-hidden="true" height="1em" width="1em" xmlns="http://www.w3.org/2000/svg"><path d="M19 13h-6v6h-2v-6H5v-2h6V5h2v6h6v2z"></path></svg><span class="css-idkz9h">Add Organic Enoki Mushrooms to cart</span></button></div></div></div></div></div></div><div class="css-0"><div class="css-f5i5wc"><div class="chakra-linkbox css-vhnn8v"><div data-testid="product-image" class="css-16dr4ly"><img alt="null Fennel 1 ea, $3.49/1ea" src="https://assets.shop.loblaws.ca/products/20003346001/b3/en/front/20003346001_front_a06_@2.png" srcset="https://assets.shop.loblaws.ca/products/20003346001/b3/en/front/20003346001_front_a06_@2.png 1x, https://assets.shop.loblaws.ca/products/20003346001/b3/en/front/20003346001_front_a06_@2.png 2x" loading="lazy" class="chakra-image css-oguq8l" aria-hidden="true"></div><div class="css-qoklea"><div class="css-12dchmx"></div><div data-testid="price-product-tile" class="css-8atqhb"><p class="chakra-text css-0"><span class="chakra-text css-pwnbcb" data-testid="regular-price"><span class="css-idkz9h">$3.49</span>$3.49</span></p></div><a href="/fennel/p/20003346001_EA?source=nspt" class="chakra-linkbox__overlay css-1hnz6hu"><div class="css-0"><h3 class="chakra-heading css-6qrhwc" id="20003346001_EA" data-testid="product-title">Fennel</h3><p class="chakra-text css-1yftjin" data-testid="product-package-size">1 ea, $3.49/1ea</p></div></a><div class="css-8keand"></div></div><div class="css-1q5omjq"><div class="css-fcebb8"><div data-testid="atc-compact" class="css-y94ivq" style="width: 45px;"><button type="button" class="chakra-button css-mudsm6" data-testid="atc-button"><svg stroke="currentColor" fill="currentColor" stroke-width="0" viewBox="0 0 24 24" focusable="false" class="chakra-icon css-1g3sp7a" data-testid="btn-icon" aria-hidden="true" height="1em" width="1em" xmlns="http://www.w3.org/2000/svg"><path d="M19 13h-6v6h-2v-6H5v-2h6V5h2v6h6v2z"></path></svg><span class="css-idkz9h">Add Fennel to cart</span></button></div></div></div></div></div></div><div class="css-0"><div class="css-f5i5wc"><div class="chakra-linkbox css-vhnn8v"><div data-testid="product-image" class="css-16dr4ly"><img alt="Manns Snow Peas 170 g, $2.35/100g" src="https://assets.shop.loblaws.ca/products/20712967/b3/en/front/20712967_front_a06_@2.png" srcset="https://assets.shop.loblaws.ca/products/20712967/b3/en/front/20712967_front_a06_@2.png 1x, https://assets.shop.loblaws.ca/products/20712967/b3/en/front/20712967_front_a06_@2.png 2x" loading="lazy" class="chakra-image css-oguq8l" aria-hidden="true"></div><div class="css-qoklea"><div class="css-12dchmx"></div><div data-testid="price-product-tile" class="css-8atqhb"><p class="chakra-text css-0"><span class="chakra-text css-pwnbcb" data-testid="regular-price"><span class="css-idkz9h">$3.99</span>$3.99</span></p></div><a href="/snow-peas/p/20712967_EA?source=nspt" class="chakra-linkbox__overlay css-1hnz6hu"><div class="css-0"><p class="chakra-text css-1ecdp9w" data-testid="product-brand">Manns</p><h3 class="chakra-heading css-6qrhwc" id="20712967_EA" data-testid="product-title">Snow Peas</h3><p class="chakra-text css-1yftjin" data-testid="product-package-size">170 g, $2.35/100g</p></div></a><div class="css-8keand"></div></div><div class="css-1q5omjq"><div class="css-fcebb8"><div data-testid="atc-compact" class="css-y94ivq" style="width: 45px;"><button disabled="" type="button" class="chakra-button css-mudsm6" data-testid="atc-button"><svg stroke="currentColor" fill="currentColor" stroke-width="0" viewBox="0 0 24 24" focusable="false" class="chakra-icon css-1g3sp7a" data-testid="btn-icon" aria-hidden="true" height="1em" width="1em" xmlns="http://www.w3.org/2000/svg"><path d="M19 13h-6v6h-2v-6H5v-2h6V5h2v6h6v2z"></path></svg><span class="css-idkz9h">Add Snow Peas to cart</span></button></div></div><div class="css-4saf4a"><p class="chakra-text css-py8788" data-testid="inventory-badge-text">Out of Stock</p></div></div></div></div></div><div class="css-0"><div class="css-f5i5wc"><div class="chakra-linkbox css-vhnn8v"><div data-testid="product-image" class="css-16dr4ly"><img alt="null Lemon Grass, 2 Pack 104 g, $2.88/100g" src="https://assets.shop.loblaws.ca/products/21193203001/b3/en/front/21193203001_front_a06_@2.png" srcset="https://assets.shop.loblaws.ca/products/21193203001/b3/en/front/21193203001_front_a06_@2.png 1x, https://assets.shop.loblaws.ca/products/21193203001/b3/en/front/21193203001_front_a06_@2.png 2x" loading="lazy" class="chakra-image css-oguq8l" aria-hidden="true"></div><div class="css-qoklea"><div class="css-12dchmx"></div><div data-testid="price-product-tile" class="css-8atqhb"><p class="chakra-text css-0"><span class="chakra-text css-pwnbcb" data-testid="regular-price"><span class="css-idkz9h">$2.99</span>$2.99</span></p></div><a href="/lemon-grass-2-pack/p/21193203001_EA?source=nspt" class="chakra-linkbox__overlay css-1hnz6hu"><div class="css-0"><h3 class="chakra-heading css-6qrhwc" id="21193203001_EA" data-testid="product-title">Lemon Grass, 2 Pack</h3><p class="chakra-text css-1yftjin" data-testid="product-package-size">104 g, $2.88/100g</p></div></a><div class="css-8keand"></div></div><div class="css-1q5omjq"><div class="css-fcebb8"><div data-testid="atc-compact" class="css-y94ivq" style="width: 45px;"><button type="button" class="chakra-button css-mudsm6" data-testid="atc-button"><svg stroke="currentColor" fill="currentColor" stroke-width="0" viewBox="0 0 24 24" focusable="false" class="chakra-icon css-1g3sp7a" data-testid="btn-icon" aria-hidden="true" height="1em" width="1em" xmlns="http://www.w3.org/2000/svg"><path d="M19 13h-6v6h-2v-6H5v-2h6V5h2v6h6v2z"></path></svg><span class="css-idkz9h">Add Lemon Grass, 2 Pack to cart</span></button></div></div></div></div></div></div><div class="css-0"><div class="css-f5i5wc"><div class="chakra-linkbox css-vhnn8v"><div data-testid="product-image" class="css-16dr4ly"><img alt="President's Choice Axiany Cherry Tomatoes 0.225 kg, $1.78/100g" src="https://assets.shop.loblaws.ca/products/21089853001/b3/en/front/21089853001_front_a06_@2.png" srcset="https://assets.shop.loblaws.ca/products/21089853001/b3/en/front/21089853001_front_a06_@2.png 1x, https://assets.shop.loblaws.ca/products/21089853001/b3/en/front/21089853001_front_a06_@2.png 2x" loading="lazy" class="chakra-image css-oguq8l" aria-hidden="true"></div><div class="css-qoklea"><div class="css-12dchmx"></div><div data-testid="price-product-tile" class="css-8atqhb"><p class="chakra-text css-0"><span class="chakra-text css-pwnbcb" data-testid="regular-price"><span class="css-idkz9h">$4.00</span>$4.00</span></p></div><a href="/axiany-cherry-tomatoes/p/21089853001_EA?source=nspt" class="chakra-linkbox__overlay css-1hnz6hu"><div class="css-0"><p class="chakra-text css-1ecdp9w" data-testid="product-brand">President's Choice</p><h3 class="chakra-heading css-6qrhwc" id="21089853001_EA" data-testid="product-title">Axiany Cherry Tomatoes</h3><p class="chakra-text css-1yftjin" data-testid="product-package-size">0.225 kg, $1.78/100g</p></div></a><div class="css-8keand"></div></div><div class="css-1q5omjq"><div class="css-fcebb8"><div data-testid="atc-compact" class="css-y94ivq" style="width: 45px;"><button type="button" class="chakra-button css-mudsm6" data-testid="atc-button"><svg stroke="currentColor" fill="currentColor" stroke-width="0" viewBox="0 0 24 24" focusable="false" class="chakra-icon css-1g3sp7a" data-testid="btn-icon" aria-hidden="true" height="1em" width="1em" xmlns="http://www.w3.org/2000/svg"><path d="M19 13h-6v6h-2v-6H5v-2h6V5h2v6h6v2z"></path></svg><span class="css-idkz9h">Add Axiany Cherry Tomatoes to cart</span></button></div></div></div></div></div></div><div class="css-0"><div class="css-f5i5wc"><div class="chakra-linkbox css-vhnn8v"><div data-testid="product-image" class="css-16dr4ly"><img alt="null Jamaican Calalloo $8.80/1kg $3.99/1lb" srcset="undefined 1x, undefined 2x" loading="lazy" class="chakra-image css-oguq8l" aria-hidden="true"></div><div class="css-qoklea"><div class="css-12dchmx"></div><div data-testid="price-product-tile" class="css-8atqhb"><p class="chakra-text css-0"><span class="chakra-text css-pwnbcb" data-testid="regular-price"><span class="css-idkz9h">about $3.43</span>about $3.43</span></p></div><a href="/jamaican-calalloo/p/20864037001_KG?source=nspt" class="chakra-linkbox__overlay css-1hnz6hu"><div class="css-0"><h3 class="chakra-heading css-6qrhwc" id="20864037001_KG" data-testid="product-title">Jamaican Calalloo</h3><p class="chakra-text css-1yftjin" data-testid="product-package-size">$8.80/1kg $3.99/1lb</p></div></a><div class="css-8keand"></div></div><div class="css-1q5omjq"><div class="css-fcebb8"><div data-testid="atc-compact" class="css-y94ivq" style="width: 45px;"><button disabled="" type="button" class="chakra-button css-mudsm6" data-testid="atc-button"><svg stroke="currentColor" fill="currentColor" stroke-width="0" viewBox="0 0 24 24" focusable="false" class="chakra-icon css-1g3sp7a" data-testid="btn-icon" aria-hidden="true" height="1em" width="1em" xmlns="http://www.w3.org/2000/svg"><path d="M19 13h-6v6h-2v-6H5v-2h6V5h2v6h6v2z"></path></svg><span class="css-idkz9h">Add Jamaican Calalloo to cart</span></button></div></div><div class="css-4saf4a"><p class="chakra-text css-py8788" data-testid="inventory-badge-text">Out of Stock</p></div></div></div></div></div><div class="css-0"><div class="css-f5i5wc"><div class="chakra-linkbox css-vhnn8v"><div data-testid="product-image" class="css-16dr4ly"><img alt="null Red Beets $4.39/1kg $1.99/1lb" src="https://assets.shop.loblaws.ca/products/20150181001/b3/en/front/20150181001_front_a06_@2.png" srcset="https://assets.shop.loblaws.ca/products/20150181001/b3/en/front/20150181001_front_a06_@2.png 1x, https://assets.shop.loblaws.ca/products/20150181001/b3/en/front/20150181001_front_a06_@2.png 2x" loading="lazy" class="chakra-image css-oguq8l" aria-hidden="true"></div><div class="css-qoklea"><div class="css-12dchmx"></div><div data-testid="price-product-tile" class="css-8atqhb"><p class="chakra-text css-0"><span class="chakra-text css-pwnbcb" data-testid="regular-price"><span class="css-idkz9h">about $0.83</span>about $0.83</span></p></div><a href="/red-beets/p/20150181001_KG?source=nspt" class="chakra-linkbox__overlay css-1hnz6hu"><div class="css-0"><h3 class="chakra-heading css-6qrhwc" id="20150181001_KG" data-testid="product-title">Red Beets</h3><p class="chakra-text css-1yftjin" data-testid="product-package-size">$4.39/1kg $1.99/1lb</p></div></a><div class="css-8keand"></div></div><div class="css-1q5omjq"><div class="css-fcebb8"><div data-testid="atc-compact" class="css-y94ivq" style="width: 45px;"><button type="button" class="chakra-button css-mudsm6" data-testid="atc-button"><svg stroke="currentColor" fill="currentColor" stroke-width="0" viewBox="0 0 24 24" focusable="false" class="chakra-icon css-1g3sp7a" data-testid="btn-icon" aria-hidden="true" height="1em" width="1em" xmlns="http://www.w3.org/2000/svg"><path d="M19 13h-6v6h-2v-6H5v-2h6V5h2v6h6v2z"></path></svg><span class="css-idkz9h">Add Red Beets to cart</span></button></div></div></div></div></div></div><div class="css-0"><div class="css-f5i5wc"><div class="chakra-linkbox css-vhnn8v"><div data-testid="product-image" class="css-16dr4ly"><img alt="PC Organics Broccoli 1 ea, $4.99/1ea" src="https://assets.shop.loblaws.ca/products/20149635001/b3/en/front/20149635001_front_a06_@2.png" srcset="https://assets.shop.loblaws.ca/products/20149635001/b3/en/front/20149635001_front_a06_@2.png 1x, https://assets.shop.loblaws.ca/products/20149635001/b3/en/front/20149635001_front_a06_@2.png 2x" loading="lazy" class="chakra-image css-oguq8l" aria-hidden="true"></div><div class="css-qoklea"><div class="css-12dchmx"></div><div data-testid="price-product-tile" class="css-8atqhb"><p class="chakra-text css-0"><span class="chakra-text css-pwnbcb" data-testid="regular-price"><span class="css-idkz9h">$4.99</span>$4.99</span></p></div><a href="/broccoli/p/20149635001_EA?source=nspt" class="chakra-linkbox__overlay css-1hnz6hu"><div class="css-0"><p class="chakra-text css-1ecdp9w" data-testid="product-brand">PC Organics</p><h3 class="chakra-heading css-6qrhwc" id="20149635001_EA" data-testid="product-title">Broccoli</h3><p class="chakra-text css-1yftjin" data-testid="product-package-size">1 ea, $4.99/1ea</p></div></a><div class="css-8keand"></div></div><div class="css-1q5omjq"><div class="css-fcebb8"><div data-testid="atc-compact" class="css-y94ivq" style="width: 45px;"><button disabled="" type="button" class="chakra-button css-mudsm6" data-testid="atc-button"><svg stroke="currentColor" fill="currentColor" stroke-width="0" viewBox="0 0 24 24" focusable="false" class="chakra-icon css-1g3sp7a" data-testid="btn-icon" aria-hidden="true" height="1em" width="1em" xmlns="http://www.w3.org/2000/svg"><path d="M19 13h-6v6h-2v-6H5v-2h6V5h2v6h6v2z"></path></svg><span class="css-idkz9h">Add Broccoli to cart</span></button></div></div><div class="css-4saf4a"><p class="chakra-text css-py8788" data-testid="inventory-badge-text">Out of Stock</p></div></div></div></div></div><div class="css-0"><div class="css-f5i5wc"><div class="chakra-linkbox css-vhnn8v"><div data-testid="product-image" class="css-16dr4ly"><img alt="null Shallots 350 g, $0.71/100g" src="https://assets.shop.loblaws.ca/products/21063342001/b3/en/front/21063342001_front_a06_@2.png" srcset="https://assets.shop.loblaws.ca/products/21063342001/b3/en/front/21063342001_front_a06_@2.png 1x, https://assets.shop.loblaws.ca/products/21063342001/b3/en/front/21063342001_front_a06_@2.png 2x" loading="lazy" class="chakra-image css-oguq8l" aria-hidden="true"></div><div class="css-qoklea"><div class="css-12dchmx"></div><div data-testid="price-product-tile" class="css-8atqhb"><p class="chakra-text css-0"><span class="chakra-text css-pwnbcb" data-testid="regular-price"><span class="css-idkz9h">$2.49</span>$2.49</span></p></div><a href="/shallots/p/21063342001_EA?source=nspt" class="chakra-linkbox__overlay css-1hnz6hu"><div class="css-0"><h3 class="chakra-heading css-6qrhwc" id="21063342001_EA" data-testid="product-title">Shallots</h3><p class="chakra-text css-1yftjin" data-testid="product-package-size">350 g, $0.71/100g</p></div></a><div class="css-8keand"></div></div><div class="css-1q5omjq"><div class="css-fcebb8"><div data-testid="atc-compact" class="css-y94ivq" style="width: 45px;"><button type="button" class="chakra-button css-mudsm6" data-testid="atc-button"><svg stroke="currentColor" fill="currentColor" stroke-width="0" viewBox="0 0 24 24" focusable="false" class="chakra-icon css-1g3sp7a" data-testid="btn-icon" aria-hidden="true" height="1em" width="1em" xmlns="http://www.w3.org/2000/svg"><path d="M19 13h-6v6h-2v-6H5v-2h6V5h2v6h6v2z"></path></svg><span class="css-idkz9h">Add Shallots to cart</span></button></div></div></div></div></div></div><div class="css-0"><div class="css-f5i5wc"><div class="chakra-linkbox css-vhnn8v"><div data-testid="product-image" class="css-16dr4ly"><img alt="President's Choice Yellow Hot Hot Peppers 226 g, $1.77/100g" src="https://assets.shop.loblaws.ca/products/21454589001/b3/en/front/21454589001_front_a06_@2.png" srcset="https://assets.shop.loblaws.ca/products/21454589001/b3/en/front/21454589001_front_a06_@2.png 1x, https://assets.shop.loblaws.ca/products/21454589001/b3/en/front/21454589001_front_a06_@2.png 2x" loading="lazy" class="chakra-image css-oguq8l" aria-hidden="true"></div><div class="css-qoklea"><div class="css-12dchmx"></div><div data-testid="price-product-tile" class="css-8atqhb"><p class="chakra-text css-0"><span class="chakra-text css-pwnbcb" data-testid="regular-price"><span class="css-idkz9h">$4.00</span>$4.00</span></p></div><a href="/yellow-hot-hot-peppers/p/21454589001_EA?source=nspt" class="chakra-linkbox__overlay css-1hnz6hu"><div class="css-0"><p class="chakra-text css-1ecdp9w" data-testid="product-brand">President's Choice</p><h3 class="chakra-heading css-6qrhwc" id="21454589001_EA" data-testid="product-title">Yellow Hot Hot Peppers</h3><p class="chakra-text css-1yftjin" data-testid="product-package-size">226 g, $1.77/100g</p></div></a><div class="css-8keand"></div></div><div class="css-1q5omjq"><div class="css-fcebb8"><div data-testid="atc-compact" class="css-y94ivq" style="width: 45px;"><button type="button" class="chakra-button css-mudsm6" data-testid="atc-button"><svg stroke="currentColor" fill="currentColor" stroke-width="0" viewBox="0 0 24 24" focusable="false" class="chakra-icon css-1g3sp7a" data-testid="btn-icon" aria-hidden="true" height="1em" width="1em" xmlns="http://www.w3.org/2000/svg"><path d="M19 13h-6v6h-2v-6H5v-2h6V5h2v6h6v2z"></path></svg><span class="css-idkz9h">Add Yellow Hot Hot Peppers to cart</span></button></div></div></div></div></div></div><div class="css-0"><div class="css-f5i5wc"><div class="chakra-linkbox css-vhnn8v"><div data-testid="product-image" class="css-16dr4ly"><img alt="null Horseradish $15.41/1kg $6.99/1lb" src="https://assets.shop.loblaws.ca/products/20099665001/b3/en/front/20099665001_front_a06_@2.png" srcset="https://assets.shop.loblaws.ca/products/20099665001/b3/en/front/20099665001_front_a06_@2.png 1x, https://assets.shop.loblaws.ca/products/20099665001/b3/en/front/20099665001_front_a06_@2.png 2x" loading="lazy" class="chakra-image css-oguq8l" aria-hidden="true"></div><div class="css-qoklea"><div class="css-12dchmx"></div><div data-testid="price-product-tile" class="css-8atqhb"><p class="chakra-text css-0"><span class="chakra-text css-pwnbcb" data-testid="regular-price"><span class="css-idkz9h">about $5.39</span>about $5.39</span></p></div><a href="/horseradish/p/20099665001_KG?source=nspt" class="chakra-linkbox__overlay css-1hnz6hu"><div class="css-0"><h3 class="chakra-heading css-6qrhwc" id="20099665001_KG" data-testid="product-title">Horseradish</h3><p class="chakra-text css-1yftjin" data-testid="product-package-size">$15.41/1kg $6.99/1lb</p></div></a><div class="css-8keand"></div></div><div class="css-1q5omjq"><div class="css-fcebb8"><div data-testid="atc-compact" class="css-y94ivq" style="width: 45px;"><button disabled="" type="button" class="chakra-button css-mudsm6" data-testid="atc-button"><svg stroke="currentColor" fill="currentColor" stroke-width="0" viewBox="0 0 24 24" focusable="false" class="chakra-icon css-1g3sp7a" data-testid="btn-icon" aria-hidden="true" height="1em" width="1em" xmlns="http://www.w3.org/2000/svg"><path d="M19 13h-6v6h-2v-6H5v-2h6V5h2v6h6v2z"></path></svg><span class="css-idkz9h">Add Horseradish to cart</span></button></div></div><div class="css-4saf4a"><p class="chakra-text css-py8788" data-testid="inventory-badge-text">Out of Stock</p></div></div></div></div></div><div class="css-0"><div class="css-f5i5wc"><div class="chakra-linkbox css-vhnn8v"><div data-testid="product-image" class="css-16dr4ly"><img alt="null Green House Beefsteak Tomatoes  454 g, $0.77/100g" src="https://assets.shop.loblaws.ca/products/21049092001/b3/en/front/21049092001_front_a06_@2.png" srcset="https://assets.shop.loblaws.ca/products/21049092001/b3/en/front/21049092001_front_a06_@2.png 1x, https://assets.shop.loblaws.ca/products/21049092001/b3/en/front/21049092001_front_a06_@2.png 2x" loading="lazy" class="chakra-image css-oguq8l" aria-hidden="true"></div><div class="css-qoklea"><div class="css-12dchmx"></div><div data-testid="price-product-tile" class="css-8atqhb"><p class="chakra-text css-0"><span class="chakra-text css-pwnbcb" data-testid="regular-price"><span class="css-idkz9h">$3.50</span>$3.50</span></p></div><a href="/green-house-beefsteak-tomatoes/p/21049092001_EA?source=nspt" class="chakra-linkbox__overlay css-1hnz6hu"><div class="css-0"><h3 class="chakra-heading css-6qrhwc" id="21049092001_EA" data-testid="product-title">Green House Beefsteak Tomatoes </h3><p class="chakra-text css-1yftjin" data-testid="product-package-size">454 g, $0.77/100g</p></div></a><div class="css-8keand"></div></div><div class="css-1q5omjq"><div class="css-fcebb8"><div data-testid="atc-compact" class="css-y94ivq" style="width: 45px;"><button disabled="" type="button" class="chakra-button css-mudsm6" data-testid="atc-button"><svg stroke="currentColor" fill="currentColor" stroke-width="0" viewBox="0 0 24 24" focusable="false" class="chakra-icon css-1g3sp7a" data-testid="btn-icon" aria-hidden="true" height="1em" width="1em" xmlns="http://www.w3.org/2000/svg"><path d="M19 13h-6v6h-2v-6H5v-2h6V5h2v6h6v2z"></path></svg><span class="css-idkz9h">Add Green House Beefsteak Tomatoes  to cart</span></button></div></div><div class="css-4saf4a"><p class="chakra-text css-py8788" data-testid="inventory-badge-text">Out of Stock</p></div></div></div></div></div></div><div class="chakra-stack css-1ei4sqy"><nav aria-label="Pagination" data-testid="pagination" class="css-1rb8z0p"><a class="chakra-link css-haqcta" href="?page=3" aria-label="Previous Page" aria-disabled="false" role="link"><svg stroke="currentColor" fill="currentColor" stroke-width="0" viewBox="0 0 24 24" focusable="false" class="chakra-icon css-13otjrl" aria-hidden="true" height="1em" width="1em" xmlns="http://www.w3.org/2000/svg"><path d="M20 11H7.83l5.59-5.59L12 4l-8 8 8 8 1.41-1.41L7.83 13H20v-2z"></path></svg></a><a class="chakra-link css-1vwc5vj" href="?page=1" aria-label="Page 1">1</a><a class="chakra-link css-1vwc5vj" href="?page=2" aria-label="Page 2">2</a><a class="chakra-link css-1vwc5vj" href="?page=3" aria-label="Page 3">3</a><a class="chakra-link css-1fvbeo2" href="?page=4" aria-label="Page 4" aria-current="true">4</a><a class="chakra-link css-1vwc5vj" href="?page=5" aria-label="Page 5">5</a><a class="chakra-link css-1vwc5vj" href="?page=6" aria-label="Page 6">6</a><a class="chakra-link css-haqcta" href="?page=5" aria-label="Next Page" aria-disabled="false" role="link"><svg stroke="currentColor" fill="currentColor" stroke-width="0" viewBox="0 0 24 24" focusable="false" class="chakra-icon css-13otjrl" aria-hidden="true" height="1em" width="1em" xmlns="http://www.w3.org/2000/svg"><path d="M12 4l-1.41 1.41L16.17 11H4v2h12.17l-5.58 5.59L12 20l8-8z"></path></svg></a></nav></div></div></div><span id="__chakra_env" hidden=""></span></div></main></div><div class="site-layout__footer" data-auid="footer"><div class="site-footer-wrapper"><div class="site-footer-wrapper__footer"><footer class="site-footer" id="site-footer" role="contentinfo" aria-label="Footer"><div class="social-links"><a href="https://www.instagram.com/nofrillsca" aria-describedby="describe-link-opens-new-tab" target="_blank" rel="noopener noreferrer" class="social-links__link" data-track="footerSocialMediaLink" data-track-link-name="social-media-button-instagram" data-is-external-link="true"><img src="https://assets.shop.loblaws.ca/ContentMedia/lsl/icons/icon-sm-instagram.png" class="social-icon" alt="instagram"></a><a href="https://twitter.com/nofrillsCA" aria-describedby="describe-link-opens-new-tab" target="_blank" rel="noopener noreferrer" class="social-links__link" data-track="footerSocialMediaLink" data-track-link-name="social-media-button-twitter" data-is-external-link="true"><img src="https://assets.shop.loblaws.ca/ContentMedia/lsl/icons/icon-sm-twitter.png" class="social-icon" alt="twitter"></a><a href="https://www.facebook.com/nofrillsCA/" aria-describedby="describe-link-opens-new-tab" target="_blank" rel="noopener noreferrer" class="social-links__link" data-track="footerSocialMediaLink" data-track-link-name="social-media-button-facebook" data-is-external-link="true"><img src="https://assets.shop.loblaws.ca/ContentMedia/lsl/icons/icon-sm-facebook.png" class="social-icon" alt="facebook"></a></div><nav aria-label="Footer navigation"><div class="navigation-footer"><div class="navigation-footer__panel navigation-footer__panel--inactive" data-cruller="conditional-content-inactive"><span class="navigation-footer__panel__title navigation-footer__panel__title--text">About PC Express™</span><ul class="navigation-footer__panel__list"><li class="navigation-footer__panel__list__item"><a class="navigation-item navigation-item--navigation-footer" data-auid="click:all-about-pcx:faqs-link" data-track="data-track" data-track-link-name="about-pc-express™:faqs" href="/faq?icta=click:all-about-pcx:faqs">FAQs</a></li><li class="navigation-footer__panel__list__item"><a class="navigation-item navigation-item--navigation-footer" data-auid="click:all-about-pcx:pcx-online-grocery-link" data-track="data-track" data-track-link-name="about-pc-express™:how-it-works" href="/online-grocery-shopping?icta=click:all-about-pcx:pcx-online-grocery">How It Works</a></li><li class="navigation-footer__panel__list__item"><a class="navigation-item navigation-item--navigation-footer" data-auid="click:all-about-pcx:pickup-link" data-track="data-track" data-track-link-name="about-pc-express™:pickup" href="/online-grocery-shopping?icta=click:all-about-pcx:pickup">Pickup</a></li></ul></div><div class="navigation-footer__panel navigation-footer__panel--inactive" data-cruller="conditional-content-inactive"><span class="navigation-footer__panel__title navigation-footer__panel__title--text">Popular Categories</span><ul class="navigation-footer__panel__list"><li class="navigation-footer__panel__list__item"><a class="navigation-item navigation-item--navigation-footer" data-auid="click:shop-popular-categories:weekly-flyer-link" data-track="data-track" data-track-link-name="popular-categories:weekly-flyer" href="/deals/flyer?icta=click:shop-popular-categories:weekly-flyer">Weekly Flyer</a></li><li class="navigation-footer__panel__list__item"><a class="navigation-item navigation-item--navigation-footer" data-auid="click:shop-popular-categories:fruits-vegetables-link" data-track="data-track" data-track-link-name="popular-categories:fruits-&amp;-vegetables" href="/food/fruits-vegetables/c/28000?icta=click:shop-popular-categories:fruits-vegetables">Fruits &amp; Vegetables</a></li><li class="navigation-footer__panel__list__item"><a class="navigation-item navigation-item--navigation-footer" data-auid="click:shop-popular-categories:dairy-eggs-link" data-track="data-track" data-track-link-name="popular-categories:dairy-&amp;-eggs" href="/food/dairy-eggs/c/28003?icta=click:shop-popular-categories:dairy-eggs">Dairy &amp; Eggs</a></li><li class="navigation-footer__panel__list__item"><a class="navigation-item navigation-item--navigation-footer" data-auid="click:shop-popular-categories:pantry-link" data-track="data-track" data-track-link-name="popular-categories:pantry" href="/food/pantry/c/28006?icta=click:shop-popular-categories:pantry">Pantry</a></li><li class="navigation-footer__panel__list__item"><a class="navigation-item navigation-item--navigation-footer" data-auid="click:shop-popular-categories:meat-link" data-track="data-track" data-track-link-name="popular-categories:meat-" href="/meat/c/27998?icta=click:shop-popular-categories:meat">Meat </a></li><li class="navigation-footer__panel__list__item"><a class="navigation-item navigation-item--navigation-footer" data-auid="click:shop-popular-categories:bakery-link" data-track="data-track" data-track-link-name="popular-categories:bakery" href="/food/bakery/c/28002?icta=click:shop-popular-categories:bakery">Bakery</a></li><li class="navigation-footer__panel__list__item"><a class="navigation-item navigation-item--navigation-footer" data-auid="click:shop-popular-categories:joe-fresh-link" data-track="data-track" data-track-link-name="popular-categories:joe-fresh®" href="/joe-fresh/c/56017?icta=click:shop-popular-categories:joe-fresh">Joe Fresh®</a></li></ul></div><div class="navigation-footer__panel navigation-footer__panel--inactive" data-cruller="conditional-content-inactive"><span class="navigation-footer__panel__title navigation-footer__panel__title--text">More Services</span><ul class="navigation-footer__panel__list"><li class="navigation-footer__panel__list__item"><a class="navigation-item navigation-item--navigation-footer" data-auid="click:more-services:pcoi-link" data-track="data-track" data-track-link-name="more-services:pc-optimum-insiders™" href="/loyalty?icta=click:more-services:pcoi">PC Optimum Insiders™</a></li><li class="navigation-footer__panel__list__item"><a href="https://www.giftofchoice.ca/en/" aria-describedby="describe-link-opens-new-tab" target="_blank" rel="noopener noreferrer" class="navigation-item navigation-item--navigation-footer" data-auid="click:more-services:gift-cards-link" data-track="data-track" data-track-link-name="more-services:gift-cards" data-is-external-link="true">Gift Cards</a></li><li class="navigation-footer__panel__list__item"><a class="navigation-item navigation-item--navigation-footer" data-auid="click:more-services:pharmacy-link" data-track="data-track" data-track-link-name="more-services:pharmacy" href="/pharmacy?icta=click:more-services:pharmacy">Pharmacy</a></li><li class="navigation-footer__panel__list__item"><a href="https://www.photolab.ca/en-CA" aria-describedby="describe-link-opens-new-tab" target="_blank" rel="noopener noreferrer" class="navigation-item navigation-item--navigation-footer" data-auid="click:more-services:photo-lab-link" data-track="data-track" data-track-link-name="more-services:photo-lab" data-is-external-link="true">Photo Lab</a></li><li class="navigation-footer__panel__list__item"><a href="https://www.pcfinancial.ca/en/" aria-describedby="describe-link-opens-new-tab" target="_blank" rel="noopener noreferrer" class="navigation-item navigation-item--navigation-footer" data-auid="click:more-services:pcoi-link" data-track="data-track" data-track-link-name="more-services:pc-financial®" data-is-external-link="true">PC Financial®</a></li><li class="navigation-footer__panel__list__item"><a href="https://www.presidentschoice.ca/recipes" aria-describedby="describe-link-opens-new-tab" target="_blank" rel="noopener noreferrer" class="navigation-item navigation-item--navigation-footer" data-auid="click:more-services:recipes-link" data-track="data-track" data-track-link-name="more-services:recipes" data-is-external-link="true">Recipes</a></li></ul></div><div class="navigation-footer__panel navigation-footer__panel--inactive" data-cruller="conditional-content-inactive"><span class="navigation-footer__panel__title navigation-footer__panel__title--text">Partner with Us</span><ul class="navigation-footer__panel__list"><li class="navigation-footer__panel__list__item"><a href="https://www.loblawadvance.ca/" aria-describedby="describe-link-opens-new-tab" target="_blank" rel="noopener noreferrer" class="navigation-item navigation-item--navigation-footer" data-auid="click:partner-with-us:advertise-with-loblaw-media-link" data-track="data-track" data-track-link-name="partner-with-us:advertise-with-advance-powered-by-loblaw™" data-is-external-link="true">Advertise with Advance powered by Loblaw™</a></li></ul></div><div class="navigation-footer__panel navigation-footer__panel--inactive" data-cruller="conditional-content-inactive"><span class="navigation-footer__panel__title navigation-footer__panel__title--text">About Us</span><ul class="navigation-footer__panel__list"><li class="navigation-footer__panel__list__item"><a class="navigation-item navigation-item--navigation-footer" data-auid="click:about-us:who-we-are-link" data-track="data-track" data-track-link-name="about-us:who-we-are" href="/about?icta=click:about-us:who-we-are">Who We Are</a></li><li class="navigation-footer__panel__list__item"><a href="https://www.pcchildrenscharity.ca/" aria-describedby="describe-link-opens-new-tab" target="_blank" rel="noopener noreferrer" class="navigation-item navigation-item--navigation-footer" data-auid="click:about-us:charity-community-link" data-track="data-track" data-track-link-name="about-us:charity-&amp;-community" data-is-external-link="true">Charity &amp; Community</a></li><li class="navigation-footer__panel__list__item"><a href="https://www.loblaw.ca/en/responsibility" aria-describedby="describe-link-opens-new-tab" target="_blank" rel="noopener noreferrer" class="navigation-item navigation-item--navigation-footer" data-auid="click:about-us:corporate-social-responsibility-link" data-track="data-track" data-track-link-name="about-us:corporate-social-responsibility" data-is-external-link="true">Corporate Social Responsibility</a></li><li class="navigation-footer__panel__list__item"><a href="/our-stores?icta=click:about-us:partner-stores" aria-describedby="describe-link-opens-new-tab" target="_blank" rel="noopener noreferrer" class="navigation-item navigation-item--navigation-footer" data-auid="click:about-us:partner-stores-link" data-track="data-track" data-track-link-name="about-us:partner-stores" data-is-external-link="true">Partner stores</a></li><li class="navigation-footer__panel__list__item"><a class="navigation-item navigation-item--navigation-footer" data-auid="click:about-us:store-locator-link" data-track="data-track" data-track-link-name="about-us:store-locator" href="/store-locator?icta=click:about-us:store-locator">Store Locator</a></li><li class="navigation-footer__panel__list__item"><a class="navigation-item navigation-item--navigation-footer" data-auid="click:about-us:contact-us-link" data-track="data-track" data-track-link-name="about-us:contact-us" href="/contact-us?icta=click:about-us:contact-us">Contact Us</a></li><li class="navigation-footer__panel__list__item"><a href="https://www.loblaw.ca/en/legal/" aria-describedby="describe-link-opens-new-tab" target="_blank" rel="noopener noreferrer" class="navigation-item navigation-item--navigation-footer" data-auid="click:legal-link" data-track="data-track" data-track-link-name="about-us:legal" data-is-external-link="true">Legal</a></li><li class="navigation-footer__panel__list__item"><a href="https://www.loblaw.ca/en/life-at-loblaw" aria-describedby="describe-link-opens-new-tab" target="_blank" rel="noopener noreferrer" class="navigation-item navigation-item--navigation-footer" data-auid="click:about-us:careers-link" data-track="data-track" data-track-link-name="about-us:careers" data-is-external-link="true">Careers</a></li><li class="navigation-footer__panel__list__item"><a href="https://loblaw.force.com/nofrills/s/?language=en_US" aria-describedby="describe-link-opens-new-tab" target="_blank" rel="noopener noreferrer" class="navigation-item navigation-item--navigation-footer" data-auid="click:about-us:help-centre-link" data-track="data-track" data-track-link-name="about-us:help-centre" data-is-external-link="true">Help Centre</a></li></ul></div></div></nav><div class="content-footer"><ul class="content-footer__list"><li class="content-footer__list__item"></li><li class="content-footer__list__item"></li><li class="content-footer__list__item"><a href="https://www.loblaw.ca/en/privacy-policy" aria-describedby="describe-link-opens-new-tab" target="_blank" rel="noopener noreferrer" class="navigation-item navigation-item--content-footer__list__item__link" data-auid="privacy-policy-link" data-is-external-link="true">Privacy Policy</a></li><li class="content-footer__list__item"></li><li class="content-footer__list__item"><a href="/termsofuse?icta=click:legal:terms-of-use" aria-describedby="describe-link-opens-new-tab" target="_blank" rel="noopener noreferrer" class="navigation-item navigation-item--content-footer__list__item__link" data-auid="terms-of-use-link" data-is-external-link="true">Terms of Use*</a></li><li class="content-footer__list__item"></li><li class="content-footer__list__item"><a class="navigation-item navigation-item--content-footer__list__item__link" data-auid="accessibility-link" href="/accessibility?icta=click:legal:accessibility">Accessibility</a></li><li class="content-footer__list__item"></li><li class="content-footer__list__item"></li><li class="content-footer__list__item"><a class="navigation-item navigation-item--content-footer__list__item__link" data-auid="wont-be-beat-link" href="/wont-be-beat">WON'T BE BEAT®*</a></li><li class="content-footer__list__item"></li></ul><span class="copyright-formality">© Loblaws Inc. All Rights Reserved</span></div></footer></div></div></div><div class="screen-reader-elements"><div id="describe-link-opens-new-tab">Opens in new tab</div></div> <div class="aria-live" role="" aria-atomic="true"></div></div></div>
        <div id="privacy-policy"><div tabindex="0" aria-label="Loblaw Privacy Policy" aria-describedby="lds__privacy-policy" class="lds__privacy-policy lds__privacy-policy__positionBottom"><div class="lds__privacy-policy__innerWrapper"><div id="lds__privacy-policy"><p>We use cookies and other technologies to enable core functionality on our website(s) and to provide you with a personalized experience. For more information on cookies and how to manage your settings, visit the <a href="https://www.loblaw.ca/en/privacy.html" target="_blank" class="lds__privacy-policy__link">Loblaw Privacy Policy</a>.</p></div><button type="button" class="lds__privacy-policy__btnClose">close</button></div></div></div>
        <div class="ad-box" id="test-ad" style="position:fixed;top:0;left:0;" aria-hidden="true"></div>
        
        <script defer="" type="text/javascript" src="https://static.zuora.com/Resources/libs/hosted/1.3.1/zuora-min.js"></script>
        
        <script>
            window['ldBronxCDNPath'] = 'https://assets.loblaws.ca/pcx_bronx_fe_prod/builds/production/3.51.1/ee4c2663/nofrills';
            window['ldBronxAppBundle'] = 'https://assets.loblaws.ca/pcx_bronx_fe_prod/builds/production/3.51.1/ee4c2663/nofrills/nofrills-bundle.js';
        </script>
        <script src="/static/js/pcx_common.js" fetchpriority="high"></script>
        <script async="true" src="https://assets.loblaws.ca/pcx_bronx_fe_prod/builds/production/3.51.1/ee4c2663/nofrills/nofrills-vendor.bundle.js" fetchpriority="high"></script>
    <noscript><img src="https://www.nofrills.ca/akam/13/pixel_5292e72b?a=dD1iNWNiOTJmYWM3MmYzZDIwMzE3NDUxMmNmNGQwMDc3OWRhMjQ0MzM5JmpzPW9mZg==" style="visibility: hidden; position: absolute; left: -999px; top: -999px;" /></noscript><script type="text/javascript" src="/0hbs4emBNS41l/SgestyI/RBU_RbU/QYO1rDEi1wXiEp/dzldXmhnIQk/bzR/BSWQWQU8"></script>

<div style="display: none; visibility: hidden;">
<script>!function(b,e,f,g,a,c,d){b.fbq||(a=b.fbq=function(){a.callMethod?a.callMethod.apply(a,arguments):a.queue.push(arguments)},b._fbq||(b._fbq=a),a.push=a,a.loaded=!0,a.version="2.0",a.queue=[],c=e.createElement(f),c.async=!0,c.src=g,d=e.getElementsByTagName(f)[0],d.parentNode.insertBefore(c,d))}(window,document,"script","https://connect.facebook.net/en_US/fbevents.js");fbq("init","611159122717147");fbq("init","408759993146884");fbq("track","PageView");</script><iframe src="https://d7580ea3017e484db8714dcbecd90070.safeframe.googlesyndication.com/safeframe/1-0-40/html/container.html" style="visibility: hidden; display: none;"></iframe>
<noscript></noscript>
</div><div><div class="rc-drawer rc-drawer-right" tabindex="-1"><div tabindex="0" aria-hidden="true" data-sentinel="start" style="width: 0px; height: 0px; overflow: hidden; outline: none; position: absolute;"></div><div class="rc-drawer-content-wrapper" style="width: 378px; display: none;"><div class="rc-drawer-content css-0" aria-modal="true" role="dialog"><div class="css-79elbk"></div></div></div><div tabindex="0" aria-hidden="true" data-sentinel="end" style="width: 0px; height: 0px; overflow: hidden; outline: none; position: absolute;"></div></div></div><div class="chakra-portal"><ul role="region" aria-live="polite" id="chakra-toast-manager-top" style="position: fixed; z-index: 5500; pointer-events: none; display: flex; flex-direction: column; margin: 0px auto; top: env(safe-area-inset-top, 0px); right: env(safe-area-inset-right, 0px); left: env(safe-area-inset-left, 0px);"></ul><ul role="region" aria-live="polite" id="chakra-toast-manager-top-left" style="position: fixed; z-index: 5500; pointer-events: none; display: flex; flex-direction: column; top: env(safe-area-inset-top, 0px); left: env(safe-area-inset-left, 0px);"></ul><ul role="region" aria-live="polite" id="chakra-toast-manager-top-right" style="position: fixed; z-index: 5500; pointer-events: none; display: flex; flex-direction: column; top: env(safe-area-inset-top, 0px); right: env(safe-area-inset-right, 0px);"></ul><ul role="region" aria-live="polite" id="chakra-toast-manager-bottom-left" style="position: fixed; z-index: 5500; pointer-events: none; display: flex; flex-direction: column; bottom: env(safe-area-inset-bottom, 0px); left: env(safe-area-inset-left, 0px);"></ul><ul role="region" aria-live="polite" id="chakra-toast-manager-bottom" style="position: fixed; z-index: 5500; pointer-events: none; display: flex; flex-direction: column; margin: 0px auto; bottom: env(safe-area-inset-bottom, 0px); right: env(safe-area-inset-right, 0px); left: env(safe-area-inset-left, 0px);"></ul><ul role="region" aria-live="polite" id="chakra-toast-manager-bottom-right" style="position: fixed; z-index: 5500; pointer-events: none; display: flex; flex-direction: column; bottom: env(safe-area-inset-bottom, 0px); right: env(safe-area-inset-right, 0px);"></ul></div><iframe name="google_ads_top_frame" id="google_ads_top_frame" style="display: none; position: fixed; left: -999px; top: -999px; width: 0px; height: 0px;"></iframe><iframe src="https://tpc.googlesyndication.com/sodar/sodar2/225/runner.html" width="0" height="0" style="display: none;"></iframe><iframe src="https://www.google.com/recaptcha/api2/aframe" width="0" height="0" style="display: none;"></iframe></body><iframe id="oNvjTLqv0MFStegq" style="display: none;"></iframe><div style="display: none;"></div></html>