<div data-testid="product-grid" class="css-epcqr3"><div class="css-0"><div class="css-f5i5wc"><div class="chakra-linkbox css-vhnn8v"><div data-testid="product-image" class="css-16dr4ly"><img alt="Wonder White Hotdog Buns 8x44.5 g, $0.84/100g" src="https://assets.shop.loblaws.ca/products/20305135/b3/en/front/20305135_front_a06_@2.png" srcset="https://assets.shop.loblaws.ca/products/20305135/b3/en/front/20305135_front_a06_@2.png 1x, https://assets.shop.loblaws.ca/products/20305135/b3/en/front/20305135_front_a06_@2.png 2x" loading="lazy" class="chakra-image css-oguq8l" aria-hidden="true"></div><div class="css-qoklea"><div class="css-12dchmx"></div><div data-testid="price-product-tile" class="css-8atqhb"><p class="chakra-text css-0"><span class="chakra-text css-pwnbcb" data-testid="regular-price"><span class="css-idkz9h">$2.99</span>$2.99</span></p></div><a href="/white-hotdog-buns/p/20305135_EA?source=nspt" class="chakra-linkbox__overlay css-1hnz6hu"><div class="css-0"><p class="chakra-text css-1ecdp9w" data-testid="product-brand">Wonder</p><h3 class="chakra-heading css-6qrhwc" id="20305135_EA" data-testid="product-title">White Hotdog Buns</h3><p class="chakra-text css-1yftjin" data-testid="product-package-size">8x44.5 g, $0.84/100g</p></div></a><div class="css-8keand"></div></div><div class="css-1q5omjq"><div class="css-fcebb8"><div data-testid="atc-compact" class="css-y94ivq" style="width: 45px;"><button type="button" class="chakra-button css-mudsm6" data-testid="atc-button"><svg stroke="currentColor" fill="currentColor" stroke-width="0" viewBox="0 0 24 24" focusable="false" class="chakra-icon css-1g3sp7a" data-testid="btn-icon" aria-hidden="true" height="1em" width="1em" xmlns="http://www.w3.org/2000/svg"><path d="M19 13h-6v6h-2v-6H5v-2h6V5h2v6h6v2z"></path></svg><span class="css-idkz9h">Add White Hotdog Buns to cart</span></button></div></div></div></div></div></div><div class="css-0"><div class="css-f5i5wc"><div class="chakra-linkbox css-vhnn8v"><div data-testid="product-image" class="css-16dr4ly"><img alt="Wonder White Hamburger Buns 8x47.25 g, $0.79/100g" src="https://assets.shop.loblaws.ca/products/20297455/b3/en/front/20297455_front_a06_@2.png" srcset="https://assets.shop.loblaws.ca/products/20297455/b3/en/front/20297455_front_a06_@2.png 1x, https://assets.shop.loblaws.ca/products/20297455/b3/en/front/20297455_front_a06_@2.png 2x" loading="lazy" class="chakra-image css-oguq8l" aria-hidden="true"></div><div class="css-qoklea"><div class="css-12dchmx"></div><div data-testid="price-product-tile" class="css-8atqhb"><p class="chakra-text css-0"><span class="chakra-text css-pwnbcb" data-testid="regular-price"><span class="css-idkz9h">$2.99</span>$2.99</span></p></div><a href="/white-hamburger-buns/p/20297455_EA?source=nspt" class="chakra-linkbox__overlay css-1hnz6hu"><div class="css-0"><p class="chakra-text css-1ecdp9w" data-testid="product-brand">Wonder</p><h3 class="chakra-heading css-6qrhwc" id="20297455_EA" data-testid="product-title">White Hamburger Buns</h3><p class="chakra-text css-1yftjin" data-testid="product-package-size">8x47.25 g, $0.79/100g</p></div></a><div class="css-8keand"></div></div><div class="css-1q5omjq"><div class="css-fcebb8"><div data-testid="atc-compact" class="css-y94ivq" style="width: 45px;"><button type="button" class="chakra-button css-mudsm6" data-testid="atc-button"><svg stroke="currentColor" fill="currentColor" stroke-width="0" viewBox="0 0 24 24" focusable="false" class="chakra-icon css-1g3sp7a" data-testid="btn-icon" aria-hidden="true" height="1em" width="1em" xmlns="http://www.w3.org/2000/svg"><path d="M19 13h-6v6h-2v-6H5v-2h6V5h2v6h6v2z"></path></svg><span class="css-idkz9h">Add White Hamburger Buns to cart</span></button></div></div></div></div></div></div><div class="css-0"><div class="css-f5i5wc"><div class="chakra-linkbox css-vhnn8v"><div data-testid="product-image" class="css-16dr4ly"><img alt="D'Italiano With Gusto! Hamburger Buns Brioche Style 520 g, $0.67/100g" src="https://assets.shop.loblaws.ca/products/21595103/b3/en/front/21595103_front_a06_@2.png" srcset="https://assets.shop.loblaws.ca/products/21595103/b3/en/front/21595103_front_a06_@2.png 1x, https://assets.shop.loblaws.ca/products/21595103/b3/en/front/21595103_front_a06_@2.png 2x" loading="lazy" class="chakra-image css-oguq8l" aria-hidden="true"></div><div class="css-qoklea"><div class="css-12dchmx"></div><div data-testid="price-product-tile" class="css-8atqhb"><p class="chakra-text css-0"><span class="chakra-text css-pwnbcb" data-testid="regular-price"><span class="css-idkz9h">$3.49</span>$3.49</span></p></div><a href="/with-gusto-hamburger-buns-brioche-style/p/21595103_EA?source=nspt" class="chakra-linkbox__overlay css-1hnz6hu"><div class="css-0"><p class="chakra-text css-1ecdp9w" data-testid="product-brand">D'Italiano</p><h3 class="chakra-heading css-6qrhwc" id="21595103_EA" data-testid="product-title">With Gusto! Hamburger Buns Brioche Style</h3><p class="chakra-text css-1yftjin" data-testid="product-package-size">520 g, $0.67/100g</p></div></a><div class="css-8keand"></div></div><div class="css-1q5omjq"><div class="css-fcebb8"><div data-testid="atc-compact" class="css-y94ivq" style="width: 45px;"><button type="button" class="chakra-button css-mudsm6" data-testid="atc-button"><svg stroke="currentColor" fill="currentColor" stroke-width="0" viewBox="0 0 24 24" focusable="false" class="chakra-icon css-1g3sp7a" data-testid="btn-icon" aria-hidden="true" height="1em" width="1em" xmlns="http://www.w3.org/2000/svg"><path d="M19 13h-6v6h-2v-6H5v-2h6V5h2v6h6v2z"></path></svg><span class="css-idkz9h">Add With Gusto! Hamburger Buns Brioche Style to cart</span></button></div></div></div></div></div></div><div class="css-0"><div class="css-f5i5wc"><div class="chakra-linkbox css-vhnn8v"><div data-testid="product-image" class="css-16dr4ly"><img alt="No Name Hot Dog Buns 516 g, $0.48/100g" src="https://assets.shop.loblaws.ca/products/21509829/b3/en/front/21509829_front_a06_@2.png" srcset="https://assets.shop.loblaws.ca/products/21509829/b3/en/front/21509829_front_a06_@2.png 1x, https://assets.shop.loblaws.ca/products/21509829/b3/en/front/21509829_front_a06_@2.png 2x" loading="lazy" class="chakra-image css-oguq8l" aria-hidden="true"></div><div class="css-qoklea"><div class="css-12dchmx"></div><div data-testid="price-product-tile" class="css-8atqhb"><p class="chakra-text css-0"><span class="chakra-text css-o93gbd" data-testid="sale-price"><span class="css-idkz9h">$2.50</span>$2.50</span><span class="chakra-text css-623q5h" data-testid="was-price"><span class="css-idkz9h">$3.49</span>$3.49</span></p><p class="chakra-text css-1m5a6y8" data-testid="price-descriptor">SAVE $0.99</p></div><a href="/hot-dog-buns/p/21509829_EA?source=nspt" class="chakra-linkbox__overlay css-1hnz6hu"><div class="css-0"><p class="chakra-text css-1ecdp9w" data-testid="product-brand">No Name</p><h3 class="chakra-heading css-6qrhwc" id="21509829_EA" data-testid="product-title">Hot Dog Buns</h3><p class="chakra-text css-1yftjin" data-testid="product-package-size">516 g, $0.48/100g</p></div></a><div class="css-8keand"></div></div><div class="css-1q5omjq"><div class="css-fcebb8"><div data-testid="atc-compact" class="css-y94ivq" style="width: 45px;"><button type="button" class="chakra-button css-mudsm6" data-testid="atc-button"><svg stroke="currentColor" fill="currentColor" stroke-width="0" viewBox="0 0 24 24" focusable="false" class="chakra-icon css-1g3sp7a" data-testid="btn-icon" aria-hidden="true" height="1em" width="1em" xmlns="http://www.w3.org/2000/svg"><path d="M19 13h-6v6h-2v-6H5v-2h6V5h2v6h6v2z"></path></svg><span class="css-idkz9h">Add Hot Dog Buns to cart</span></button></div></div><div class="css-4saf4a"><p class="chakra-text css-py8788" data-testid="inventory-badge-text">Low Stock</p></div></div></div></div></div><div class="css-0"><div class="css-f5i5wc"><div class="chakra-linkbox css-vhnn8v"><div data-testid="product-image" class="css-16dr4ly"><img alt="D'Italiano Brioche-Style Sausage Buns 420 g, $0.83/100g" src="https://assets.shop.loblaws.ca/products/21450788/b3/en/front/21450788_front_a06_@2.png" srcset="https://assets.shop.loblaws.ca/products/21450788/b3/en/front/21450788_front_a06_@2.png 1x, https://assets.shop.loblaws.ca/products/21450788/b3/en/front/21450788_front_a06_@2.png 2x" loading="lazy" class="chakra-image css-oguq8l" aria-hidden="true"></div><div class="css-qoklea"><div class="css-12dchmx"></div><div data-testid="price-product-tile" class="css-8atqhb"><p class="chakra-text css-0"><span class="chakra-text css-pwnbcb" data-testid="regular-price"><span class="css-idkz9h">$3.49</span>$3.49</span></p></div><a href="/brioche-style-sausage-buns/p/21450788_EA?source=nspt" class="chakra-linkbox__overlay css-1hnz6hu"><div class="css-0"><p class="chakra-text css-1ecdp9w" data-testid="product-brand">D'Italiano</p><h3 class="chakra-heading css-6qrhwc" id="21450788_EA" data-testid="product-title">Brioche-Style Sausage Buns</h3><p class="chakra-text css-1yftjin" data-testid="product-package-size">420 g, $0.83/100g</p></div></a><div class="css-8keand"></div></div><div class="css-1q5omjq"><div class="css-fcebb8"><div data-testid="atc-compact" class="css-y94ivq" style="width: 45px;"><button type="button" class="chakra-button css-mudsm6" data-testid="atc-button"><svg stroke="currentColor" fill="currentColor" stroke-width="0" viewBox="0 0 24 24" focusable="false" class="chakra-icon css-1g3sp7a" data-testid="btn-icon" aria-hidden="true" height="1em" width="1em" xmlns="http://www.w3.org/2000/svg"><path d="M19 13h-6v6h-2v-6H5v-2h6V5h2v6h6v2z"></path></svg><span class="css-idkz9h">Add Brioche-Style Sausage Buns to cart</span></button></div></div></div></div></div></div><div class="css-0"><div class="css-f5i5wc"><div class="chakra-linkbox css-vhnn8v"><div data-testid="product-image" class="css-16dr4ly"><img alt="No Name Hamburger Buns 360 g, $0.56/100g" src="https://assets.shop.loblaws.ca/products/21509434/b3/en/front/21509434_front_a06_@2.png" srcset="https://assets.shop.loblaws.ca/products/21509434/b3/en/front/21509434_front_a06_@2.png 1x, https://assets.shop.loblaws.ca/products/21509434/b3/en/front/21509434_front_a06_@2.png 2x" loading="lazy" class="chakra-image css-oguq8l" aria-hidden="true"></div><div class="css-qoklea"><div class="css-12dchmx"></div><div data-testid="price-product-tile" class="css-8atqhb"><p class="chakra-text css-0"><span class="chakra-text css-o93gbd" data-testid="sale-price"><span class="css-idkz9h">$2.00</span>$2.00</span><span class="chakra-text css-623q5h" data-testid="was-price"><span class="css-idkz9h">$2.79</span>$2.79</span></p><p class="chakra-text css-1m5a6y8" data-testid="price-descriptor">SAVE $0.79</p></div><a href="/hamburger-buns/p/21509434_EA?source=nspt" class="chakra-linkbox__overlay css-1hnz6hu"><div class="css-0"><p class="chakra-text css-1ecdp9w" data-testid="product-brand">No Name</p><h3 class="chakra-heading css-6qrhwc" id="21509434_EA" data-testid="product-title">Hamburger Buns</h3><p class="chakra-text css-1yftjin" data-testid="product-package-size">360 g, $0.56/100g</p></div></a><div class="css-8keand"></div></div><div class="css-1q5omjq"><div class="css-fcebb8"><div data-testid="atc-compact" class="css-y94ivq" style="width: 45px;"><button type="button" class="chakra-button css-mudsm6" data-testid="atc-button"><svg stroke="currentColor" fill="currentColor" stroke-width="0" viewBox="0 0 24 24" focusable="false" class="chakra-icon css-1g3sp7a" data-testid="btn-icon" aria-hidden="true" height="1em" width="1em" xmlns="http://www.w3.org/2000/svg"><path d="M19 13h-6v6h-2v-6H5v-2h6V5h2v6h6v2z"></path></svg><span class="css-idkz9h">Add Hamburger Buns to cart</span></button></div></div></div></div></div></div><div class="css-0"><div class="css-f5i5wc"><div class="chakra-linkbox css-vhnn8v"><div data-testid="product-image" class="css-16dr4ly"><img alt="No Name Hot Dog Buns 344 g, $0.58/100g" src="https://assets.shop.loblaws.ca/products/21509514/b3/en/front/21509514_front_a06_@2.png" srcset="https://assets.shop.loblaws.ca/products/21509514/b3/en/front/21509514_front_a06_@2.png 1x, https://assets.shop.loblaws.ca/products/21509514/b3/en/front/21509514_front_a06_@2.png 2x" loading="lazy" class="chakra-image css-oguq8l" aria-hidden="true"></div><div class="css-qoklea"><div class="css-12dchmx"></div><div data-testid="price-product-tile" class="css-8atqhb"><p class="chakra-text css-0"><span class="chakra-text css-o93gbd" data-testid="sale-price"><span class="css-idkz9h">$2.00</span>$2.00</span><span class="chakra-text css-623q5h" data-testid="was-price"><span class="css-idkz9h">$2.79</span>$2.79</span></p><p class="chakra-text css-1m5a6y8" data-testid="price-descriptor">SAVE $0.79</p></div><a href="/hot-dog-buns/p/21509514_EA?source=nspt" class="chakra-linkbox__overlay css-1hnz6hu"><div class="css-0"><p class="chakra-text css-1ecdp9w" data-testid="product-brand">No Name</p><h3 class="chakra-heading css-6qrhwc" id="21509514_EA" data-testid="product-title">Hot Dog Buns</h3><p class="chakra-text css-1yftjin" data-testid="product-package-size">344 g, $0.58/100g</p></div></a><div class="css-8keand"></div></div><div class="css-1q5omjq"><div class="css-fcebb8"><div data-testid="atc-compact" class="css-y94ivq" style="width: 45px;"><button type="button" class="chakra-button css-mudsm6" data-testid="atc-button"><svg stroke="currentColor" fill="currentColor" stroke-width="0" viewBox="0 0 24 24" focusable="false" class="chakra-icon css-1g3sp7a" data-testid="btn-icon" aria-hidden="true" height="1em" width="1em" xmlns="http://www.w3.org/2000/svg"><path d="M19 13h-6v6h-2v-6H5v-2h6V5h2v6h6v2z"></path></svg><span class="css-idkz9h">Add Hot Dog Buns to cart</span></button></div></div></div></div></div></div><div class="css-0"><div class="css-f5i5wc"><div class="chakra-linkbox css-vhnn8v"><div data-testid="product-image" class="css-16dr4ly"><img alt="D'Italiano Brizzolio Hamburger Buns 528 g, $0.66/100g" src="https://assets.shop.loblaws.ca/products/20627103/b3/en/front/20627103_front_a06_@2.png" srcset="https://assets.shop.loblaws.ca/products/20627103/b3/en/front/20627103_front_a06_@2.png 1x, https://assets.shop.loblaws.ca/products/20627103/b3/en/front/20627103_front_a06_@2.png 2x" loading="lazy" class="chakra-image css-oguq8l" aria-hidden="true"></div><div class="css-qoklea"><div class="css-12dchmx"></div><div data-testid="price-product-tile" class="css-8atqhb"><p class="chakra-text css-0"><span class="chakra-text css-pwnbcb" data-testid="regular-price"><span class="css-idkz9h">$3.49</span>$3.49</span></p></div><a href="/brizzolio-hamburger-buns/p/20627103_EA?source=nspt" class="chakra-linkbox__overlay css-1hnz6hu"><div class="css-0"><p class="chakra-text css-1ecdp9w" data-testid="product-brand">D'Italiano</p><h3 class="chakra-heading css-6qrhwc" id="20627103_EA" data-testid="product-title">Brizzolio Hamburger Buns</h3><p class="chakra-text css-1yftjin" data-testid="product-package-size">528 g, $0.66/100g</p></div></a><div class="css-8keand"></div></div><div class="css-1q5omjq"><div class="css-fcebb8"><div data-testid="atc-compact" class="css-y94ivq" style="width: 45px;"><button type="button" class="chakra-button css-mudsm6" data-testid="atc-button"><svg stroke="currentColor" fill="currentColor" stroke-width="0" viewBox="0 0 24 24" focusable="false" class="chakra-icon css-1g3sp7a" data-testid="btn-icon" aria-hidden="true" height="1em" width="1em" xmlns="http://www.w3.org/2000/svg"><path d="M19 13h-6v6h-2v-6H5v-2h6V5h2v6h6v2z"></path></svg><span class="css-idkz9h">Add Brizzolio Hamburger Buns to cart</span></button></div></div></div></div></div></div><div class="css-0"><div class="css-f5i5wc"><div class="chakra-linkbox css-vhnn8v"><div data-testid="product-image" class="css-16dr4ly"><img alt="No Name Hamburger Buns 540 g, $0.46/100g" src="https://assets.shop.loblaws.ca/products/21509645/b3/en/front/21509645_front_a06_@2.png" srcset="https://assets.shop.loblaws.ca/products/21509645/b3/en/front/21509645_front_a06_@2.png 1x, https://assets.shop.loblaws.ca/products/21509645/b3/en/front/21509645_front_a06_@2.png 2x" loading="lazy" class="chakra-image css-oguq8l" aria-hidden="true"></div><div class="css-qoklea"><div class="css-12dchmx"></div><div data-testid="price-product-tile" class="css-8atqhb"><p class="chakra-text css-0"><span class="chakra-text css-o93gbd" data-testid="sale-price"><span class="css-idkz9h">$2.50</span>$2.50</span><span class="chakra-text css-623q5h" data-testid="was-price"><span class="css-idkz9h">$3.49</span>$3.49</span></p><p class="chakra-text css-1m5a6y8" data-testid="price-descriptor">SAVE $0.99</p></div><a href="/hamburger-buns/p/21509645_EA?source=nspt" class="chakra-linkbox__overlay css-1hnz6hu"><div class="css-0"><p class="chakra-text css-1ecdp9w" data-testid="product-brand">No Name</p><h3 class="chakra-heading css-6qrhwc" id="21509645_EA" data-testid="product-title">Hamburger Buns</h3><p class="chakra-text css-1yftjin" data-testid="product-package-size">540 g, $0.46/100g</p></div></a><div class="css-8keand"></div></div><div class="css-1q5omjq"><div class="css-fcebb8"><div data-testid="atc-compact" class="css-y94ivq" style="width: 45px;"><button type="button" class="chakra-button css-mudsm6" data-testid="atc-button"><svg stroke="currentColor" fill="currentColor" stroke-width="0" viewBox="0 0 24 24" focusable="false" class="chakra-icon css-1g3sp7a" data-testid="btn-icon" aria-hidden="true" height="1em" width="1em" xmlns="http://www.w3.org/2000/svg"><path d="M19 13h-6v6h-2v-6H5v-2h6V5h2v6h6v2z"></path></svg><span class="css-idkz9h">Add Hamburger Buns to cart</span></button></div></div></div></div></div></div><div class="css-0"><div class="css-f5i5wc"><div class="chakra-linkbox css-vhnn8v"><div data-testid="product-image" class="css-16dr4ly"><img alt="D'Italiano Sausage Buns 456 g, $0.77/100g" src="https://assets.shop.loblaws.ca/products/20627101/b3/en/front/20627101_front_a06_@2.png" srcset="https://assets.shop.loblaws.ca/products/20627101/b3/en/front/20627101_front_a06_@2.png 1x, https://assets.shop.loblaws.ca/products/20627101/b3/en/front/20627101_front_a06_@2.png 2x" loading="lazy" class="chakra-image css-oguq8l" aria-hidden="true"></div><div class="css-qoklea"><div class="css-12dchmx"></div><div data-testid="price-product-tile" class="css-8atqhb"><p class="chakra-text css-0"><span class="chakra-text css-pwnbcb" data-testid="regular-price"><span class="css-idkz9h">$3.49</span>$3.49</span></p></div><a href="/sausage-buns/p/20627101_EA?source=nspt" class="chakra-linkbox__overlay css-1hnz6hu"><div class="css-0"><p class="chakra-text css-1ecdp9w" data-testid="product-brand">D'Italiano</p><h3 class="chakra-heading css-6qrhwc" id="20627101_EA" data-testid="product-title">Sausage Buns</h3><p class="chakra-text css-1yftjin" data-testid="product-package-size">456 g, $0.77/100g</p></div></a><div class="css-8keand"></div></div><div class="css-1q5omjq"><div class="css-fcebb8"><div data-testid="atc-compact" class="css-y94ivq" style="width: 45px;"><button type="button" class="chakra-button css-mudsm6" data-testid="atc-button"><svg stroke="currentColor" fill="currentColor" stroke-width="0" viewBox="0 0 24 24" focusable="false" class="chakra-icon css-1g3sp7a" data-testid="btn-icon" aria-hidden="true" height="1em" width="1em" xmlns="http://www.w3.org/2000/svg"><path d="M19 13h-6v6h-2v-6H5v-2h6V5h2v6h6v2z"></path></svg><span class="css-idkz9h">Add Sausage Buns to cart</span></button></div></div></div></div></div></div><div class="css-0"><div class="css-f5i5wc"><div class="chakra-linkbox css-vhnn8v"><div data-testid="product-image" class="css-16dr4ly"><img alt="D'Italiano Crustini Hamburger Buns 568 g, $0.61/100g" src="https://assets.shop.loblaws.ca/products/20626949/b3/en/front/20626949_front_a06_@2.png" srcset="https://assets.shop.loblaws.ca/products/20626949/b3/en/front/20626949_front_a06_@2.png 1x, https://assets.shop.loblaws.ca/products/20626949/b3/en/front/20626949_front_a06_@2.png 2x" loading="lazy" class="chakra-image css-oguq8l" aria-hidden="true"></div><div class="css-qoklea"><div class="css-12dchmx"></div><div data-testid="price-product-tile" class="css-8atqhb"><p class="chakra-text css-0"><span class="chakra-text css-pwnbcb" data-testid="regular-price"><span class="css-idkz9h">$3.49</span>$3.49</span></p></div><a href="/crustini-hamburger-buns/p/20626949_EA?source=nspt" class="chakra-linkbox__overlay css-1hnz6hu"><div class="css-0"><p class="chakra-text css-1ecdp9w" data-testid="product-brand">D'Italiano</p><h3 class="chakra-heading css-6qrhwc" id="20626949_EA" data-testid="product-title">Crustini Hamburger Buns</h3><p class="chakra-text css-1yftjin" data-testid="product-package-size">568 g, $0.61/100g</p></div></a><div class="css-8keand"></div></div><div class="css-1q5omjq"><div class="css-fcebb8"><div data-testid="atc-compact" class="css-y94ivq" style="width: 45px;"><button type="button" class="chakra-button css-mudsm6" data-testid="atc-button"><svg stroke="currentColor" fill="currentColor" stroke-width="0" viewBox="0 0 24 24" focusable="false" class="chakra-icon css-1g3sp7a" data-testid="btn-icon" aria-hidden="true" height="1em" width="1em" xmlns="http://www.w3.org/2000/svg"><path d="M19 13h-6v6h-2v-6H5v-2h6V5h2v6h6v2z"></path></svg><span class="css-idkz9h">Add Crustini Hamburger Buns to cart</span></button></div></div></div></div></div></div><div class="css-0"><div class="css-f5i5wc"><div class="chakra-linkbox css-vhnn8v"><div data-testid="product-image" class="css-16dr4ly"><img alt="D'Italiano With Gusto! Hamburger Buns Original 520 g, $0.67/100g" src="https://assets.shop.loblaws.ca/products/21596485/b3/en/front/21596485_front_a06_@2.png" srcset="https://assets.shop.loblaws.ca/products/21596485/b3/en/front/21596485_front_a06_@2.png 1x, https://assets.shop.loblaws.ca/products/21596485/b3/en/front/21596485_front_a06_@2.png 2x" loading="lazy" class="chakra-image css-oguq8l" aria-hidden="true"></div><div class="css-qoklea"><div class="css-12dchmx"></div><div data-testid="price-product-tile" class="css-8atqhb"><p class="chakra-text css-0"><span class="chakra-text css-pwnbcb" data-testid="regular-price"><span class="css-idkz9h">$3.49</span>$3.49</span></p></div><a href="/with-gusto-hamburger-buns-original/p/21596485_EA?source=nspt" class="chakra-linkbox__overlay css-1hnz6hu"><div class="css-0"><p class="chakra-text css-1ecdp9w" data-testid="product-brand">D'Italiano</p><h3 class="chakra-heading css-6qrhwc" id="21596485_EA" data-testid="product-title">With Gusto! Hamburger Buns Original</h3><p class="chakra-text css-1yftjin" data-testid="product-package-size">520 g, $0.67/100g</p></div></a><div class="css-8keand"></div></div><div class="css-1q5omjq"><div class="css-fcebb8"><div data-testid="atc-compact" class="css-y94ivq" style="width: 45px;"><button type="button" class="chakra-button css-mudsm6" data-testid="atc-button"><svg stroke="currentColor" fill="currentColor" stroke-width="0" viewBox="0 0 24 24" focusable="false" class="chakra-icon css-1g3sp7a" data-testid="btn-icon" aria-hidden="true" height="1em" width="1em" xmlns="http://www.w3.org/2000/svg"><path d="M19 13h-6v6h-2v-6H5v-2h6V5h2v6h6v2z"></path></svg><span class="css-idkz9h">Add With Gusto! Hamburger Buns Original to cart</span></button></div></div><div class="css-4saf4a"><p class="chakra-text css-py8788" data-testid="inventory-badge-text">Low Stock</p></div></div></div></div></div><div class="css-0"><div class="css-f5i5wc"><div class="chakra-linkbox css-vhnn8v"><div data-testid="product-image" class="css-16dr4ly"><img alt="D'Italiano Sausage Buns Brizzolio Extra Soft 420 g, $0.83/100g" src="https://assets.shop.loblaws.ca/products/20673208/b3/en/front/20673208_front_a06_@2.png" srcset="https://assets.shop.loblaws.ca/products/20673208/b3/en/front/20673208_front_a06_@2.png 1x, https://assets.shop.loblaws.ca/products/20673208/b3/en/front/20673208_front_a06_@2.png 2x" loading="lazy" class="chakra-image css-oguq8l" aria-hidden="true"></div><div class="css-qoklea"><div class="css-12dchmx"></div><div data-testid="price-product-tile" class="css-8atqhb"><p class="chakra-text css-0"><span class="chakra-text css-pwnbcb" data-testid="regular-price"><span class="css-idkz9h">$3.49</span>$3.49</span></p></div><a href="/sausage-buns-brizzolio-extra-soft/p/20673208_EA?source=nspt" class="chakra-linkbox__overlay css-1hnz6hu"><div class="css-0"><p class="chakra-text css-1ecdp9w" data-testid="product-brand">D'Italiano</p><h3 class="chakra-heading css-6qrhwc" id="20673208_EA" data-testid="product-title">Sausage Buns Brizzolio Extra Soft</h3><p class="chakra-text css-1yftjin" data-testid="product-package-size">420 g, $0.83/100g</p></div></a><div class="css-8keand"></div></div><div class="css-1q5omjq"><div class="css-fcebb8"><div data-testid="atc-compact" class="css-y94ivq" style="width: 45px;"><button type="button" class="chakra-button css-mudsm6" data-testid="atc-button"><svg stroke="currentColor" fill="currentColor" stroke-width="0" viewBox="0 0 24 24" focusable="false" class="chakra-icon css-1g3sp7a" data-testid="btn-icon" aria-hidden="true" height="1em" width="1em" xmlns="http://www.w3.org/2000/svg"><path d="M19 13h-6v6h-2v-6H5v-2h6V5h2v6h6v2z"></path></svg><span class="css-idkz9h">Add Sausage Buns Brizzolio Extra Soft to cart</span></button></div></div></div></div></div></div><div class="css-0"><div class="css-f5i5wc"><div class="chakra-linkbox css-vhnn8v"><div data-testid="product-image" class="css-16dr4ly"><img alt="D'Italiano With Gusto! Hamburger Buns Sesame 520 g, $0.67/100g" src="https://assets.shop.loblaws.ca/products/21596581/b3/en/front/21596581_front_a06_@2.png" srcset="https://assets.shop.loblaws.ca/products/21596581/b3/en/front/21596581_front_a06_@2.png 1x, https://assets.shop.loblaws.ca/products/21596581/b3/en/front/21596581_front_a06_@2.png 2x" loading="lazy" class="chakra-image css-oguq8l" aria-hidden="true"></div><div class="css-qoklea"><div class="css-12dchmx"></div><div data-testid="price-product-tile" class="css-8atqhb"><p class="chakra-text css-0"><span class="chakra-text css-pwnbcb" data-testid="regular-price"><span class="css-idkz9h">$3.49</span>$3.49</span></p></div><a href="/with-gusto-hamburger-buns-sesame/p/21596581_EA?source=nspt" class="chakra-linkbox__overlay css-1hnz6hu"><div class="css-0"><p class="chakra-text css-1ecdp9w" data-testid="product-brand">D'Italiano</p><h3 class="chakra-heading css-6qrhwc" id="21596581_EA" data-testid="product-title">With Gusto! Hamburger Buns Sesame</h3><p class="chakra-text css-1yftjin" data-testid="product-package-size">520 g, $0.67/100g</p></div></a><div class="css-8keand"></div></div><div class="css-1q5omjq"><div class="css-fcebb8"><div data-testid="atc-compact" class="css-y94ivq" style="width: 45px;"><button type="button" class="chakra-button css-mudsm6" data-testid="atc-button"><svg stroke="currentColor" fill="currentColor" stroke-width="0" viewBox="0 0 24 24" focusable="false" class="chakra-icon css-1g3sp7a" data-testid="btn-icon" aria-hidden="true" height="1em" width="1em" xmlns="http://www.w3.org/2000/svg"><path d="M19 13h-6v6h-2v-6H5v-2h6V5h2v6h6v2z"></path></svg><span class="css-idkz9h">Add With Gusto! Hamburger Buns Sesame to cart</span></button></div></div></div></div></div></div><div class="css-0"><div class="css-f5i5wc"><div class="chakra-linkbox css-vhnn8v"><div data-testid="product-image" class="css-16dr4ly"><img alt="Wonder Ballpark Classics Hamburger Buns Limited Edition  560 g, $0.71/100g" src="https://assets.shop.loblaws.ca/products/21022316/b3/en/front/21022316_front_a06_@2.png" srcset="https://assets.shop.loblaws.ca/products/21022316/b3/en/front/21022316_front_a06_@2.png 1x, https://assets.shop.loblaws.ca/products/21022316/b3/en/front/21022316_front_a06_@2.png 2x" loading="lazy" class="chakra-image css-oguq8l" aria-hidden="true"></div><div class="css-qoklea"><div class="css-12dchmx"></div><div data-testid="price-product-tile" class="css-8atqhb"><p class="chakra-text css-0"><span class="chakra-text css-pwnbcb" data-testid="regular-price"><span class="css-idkz9h">$3.99</span>$3.99</span></p></div><a href="/ballpark-classics-hamburger-buns-limited-edition/p/21022316_EA?source=nspt" class="chakra-linkbox__overlay css-1hnz6hu"><div class="css-0"><p class="chakra-text css-1ecdp9w" data-testid="product-brand">Wonder</p><h3 class="chakra-heading css-6qrhwc" id="21022316_EA" data-testid="product-title">Ballpark Classics Hamburger Buns Limited Edition </h3><p class="chakra-text css-1yftjin" data-testid="product-package-size">560 g, $0.71/100g</p></div></a><div class="css-8keand"></div></div><div class="css-1q5omjq"><div class="css-fcebb8"><div data-testid="atc-compact" class="css-y94ivq" style="width: 45px;"><button type="button" class="chakra-button css-mudsm6" data-testid="atc-button"><svg stroke="currentColor" fill="currentColor" stroke-width="0" viewBox="0 0 24 24" focusable="false" class="chakra-icon css-1g3sp7a" data-testid="btn-icon" aria-hidden="true" height="1em" width="1em" xmlns="http://www.w3.org/2000/svg"><path d="M19 13h-6v6h-2v-6H5v-2h6V5h2v6h6v2z"></path></svg><span class="css-idkz9h">Add Ballpark Classics Hamburger Buns Limited Edition  to cart</span></button></div></div></div></div></div></div><div class="css-0"><div class="css-f5i5wc"><div class="chakra-linkbox css-vhnn8v"><div data-testid="product-image" class="css-16dr4ly"><img alt="President's Choice Traditional Naan Rounds 480 g, $0.89/100g" src="https://assets.shop.loblaws.ca/products/20757871/b3/en/front/20757871_front_a06_@2.png" srcset="https://assets.shop.loblaws.ca/products/20757871/b3/en/front/20757871_front_a06_@2.png 1x, https://assets.shop.loblaws.ca/products/20757871/b3/en/front/20757871_front_a06_@2.png 2x" loading="lazy" class="chakra-image css-oguq8l" aria-hidden="true"></div><div class="css-qoklea"><div class="css-12dchmx"></div><div data-testid="price-product-tile" class="css-8atqhb"><p class="chakra-text css-0"><span class="chakra-text css-pwnbcb" data-testid="regular-price"><span class="css-idkz9h">$4.29</span>$4.29</span></p></div><a href="/traditional-naan-rounds/p/20757871_EA?source=nspt" class="chakra-linkbox__overlay css-1hnz6hu"><div class="css-0"><p class="chakra-text css-1ecdp9w" data-testid="product-brand">President's Choice</p><h3 class="chakra-heading css-6qrhwc" id="20757871_EA" data-testid="product-title">Traditional Naan Rounds</h3><p class="chakra-text css-1yftjin" data-testid="product-package-size">480 g, $0.89/100g</p></div></a><div class="css-8keand"></div></div><div class="css-1q5omjq"><div class="css-fcebb8"><div data-testid="atc-compact" class="css-y94ivq" style="width: 45px;"><button type="button" class="chakra-button css-mudsm6" data-testid="atc-button"><svg stroke="currentColor" fill="currentColor" stroke-width="0" viewBox="0 0 24 24" focusable="false" class="chakra-icon css-1g3sp7a" data-testid="btn-icon" aria-hidden="true" height="1em" width="1em" xmlns="http://www.w3.org/2000/svg"><path d="M19 13h-6v6h-2v-6H5v-2h6V5h2v6h6v2z"></path></svg><span class="css-idkz9h">Add Traditional Naan Rounds to cart</span></button></div></div></div></div></div></div><div class="css-0"><div class="css-f5i5wc"><div class="chakra-linkbox css-vhnn8v"><div data-testid="product-image" class="css-16dr4ly"><img alt="President's Choice Brioche&nbsp;Bun 300 g, $1.67/100g" src="https://assets.shop.loblaws.ca/products/21094319/b3/en/front/21094319_front_a06_@2.png" srcset="https://assets.shop.loblaws.ca/products/21094319/b3/en/front/21094319_front_a06_@2.png 1x, https://assets.shop.loblaws.ca/products/21094319/b3/en/front/21094319_front_a06_@2.png 2x" loading="lazy" class="chakra-image css-oguq8l" aria-hidden="true"></div><div class="css-qoklea"><div class="css-12dchmx"></div><div data-testid="price-product-tile" class="css-8atqhb"><p class="chakra-text css-0"><span class="chakra-text css-pwnbcb" data-testid="regular-price"><span class="css-idkz9h">$5.00</span>$5.00</span></p></div><a href="/brioche-bun/p/21094319_EA?source=nspt" class="chakra-linkbox__overlay css-1hnz6hu"><div class="css-0"><p class="chakra-text css-1ecdp9w" data-testid="product-brand">President's Choice</p><h3 class="chakra-heading css-6qrhwc" id="21094319_EA" data-testid="product-title">Brioche&nbsp;Bun</h3><p class="chakra-text css-1yftjin" data-testid="product-package-size">300 g, $1.67/100g</p></div></a><div class="css-8keand"></div></div><div class="css-1q5omjq"><div class="css-fcebb8"><div data-testid="atc-compact" class="css-y94ivq" style="width: 45px;"><button type="button" class="chakra-button css-mudsm6" data-testid="atc-button"><svg stroke="currentColor" fill="currentColor" stroke-width="0" viewBox="0 0 24 24" focusable="false" class="chakra-icon css-1g3sp7a" data-testid="btn-icon" aria-hidden="true" height="1em" width="1em" xmlns="http://www.w3.org/2000/svg"><path d="M19 13h-6v6h-2v-6H5v-2h6V5h2v6h6v2z"></path></svg><span class="css-idkz9h">Add Brioche&nbsp;Bun to cart</span></button></div></div></div></div></div></div><div class="css-0"><div class="css-f5i5wc"><div class="chakra-linkbox css-vhnn8v"><div data-testid="product-image" class="css-16dr4ly"><img alt="LA FOURNEE DOREE Sesame Brioche Burger Buns 200 g, $2.40/100g" src="https://assets.shop.loblaws.ca/products/21207883/b3/en/front/21207883_front_a06_@2.png" srcset="https://assets.shop.loblaws.ca/products/21207883/b3/en/front/21207883_front_a06_@2.png 1x, https://assets.shop.loblaws.ca/products/21207883/b3/en/front/21207883_front_a06_@2.png 2x" loading="lazy" class="chakra-image css-oguq8l" aria-hidden="true"></div><div class="css-qoklea"><div class="css-12dchmx"></div><div data-testid="price-product-tile" class="css-8atqhb"><p class="chakra-text css-0"><span class="chakra-text css-pwnbcb" data-testid="regular-price"><span class="css-idkz9h">$4.79</span>$4.79</span></p></div><a href="/sesame-brioche-burger-buns/p/21207883_EA?source=nspt" class="chakra-linkbox__overlay css-1hnz6hu"><div class="css-0"><p class="chakra-text css-1ecdp9w" data-testid="product-brand">LA FOURNEE DOREE</p><h3 class="chakra-heading css-6qrhwc" id="21207883_EA" data-testid="product-title">Sesame Brioche Burger Buns</h3><p class="chakra-text css-1yftjin" data-testid="product-package-size">200 g, $2.40/100g</p></div></a><div class="css-8keand"></div></div><div class="css-1q5omjq"><div class="css-fcebb8"><div data-testid="atc-compact" class="css-y94ivq" style="width: 45px;"><button type="button" class="chakra-button css-mudsm6" data-testid="atc-button"><svg stroke="currentColor" fill="currentColor" stroke-width="0" viewBox="0 0 24 24" focusable="false" class="chakra-icon css-1g3sp7a" data-testid="btn-icon" aria-hidden="true" height="1em" width="1em" xmlns="http://www.w3.org/2000/svg"><path d="M19 13h-6v6h-2v-6H5v-2h6V5h2v6h6v2z"></path></svg><span class="css-idkz9h">Add Sesame Brioche Burger Buns to cart</span></button></div></div></div></div></div></div><div class="css-0"><div class="css-f5i5wc"><div class="chakra-linkbox css-vhnn8v"><div data-testid="product-image" class="css-16dr4ly"><img alt="Wonder Hotdog Buns Ballpark Classics Limited Edition 6  432 g, $0.92/100g" src="https://assets.shop.loblaws.ca/products/21022027/b3/en/front/21022027_front_a06_@2.png" srcset="https://assets.shop.loblaws.ca/products/21022027/b3/en/front/21022027_front_a06_@2.png 1x, https://assets.shop.loblaws.ca/products/21022027/b3/en/front/21022027_front_a06_@2.png 2x" loading="lazy" class="chakra-image css-oguq8l" aria-hidden="true"></div><div class="css-qoklea"><div class="css-12dchmx"></div><div data-testid="price-product-tile" class="css-8atqhb"><p class="chakra-text css-0"><span class="chakra-text css-pwnbcb" data-testid="regular-price"><span class="css-idkz9h">$3.99</span>$3.99</span></p></div><a href="/hotdog-buns-ballpark-classics-limited-edition-6/p/21022027_EA?source=nspt" class="chakra-linkbox__overlay css-1hnz6hu"><div class="css-0"><p class="chakra-text css-1ecdp9w" data-testid="product-brand">Wonder</p><h3 class="chakra-heading css-6qrhwc" id="21022027_EA" data-testid="product-title">Hotdog Buns Ballpark Classics Limited Edition 6 </h3><p class="chakra-text css-1yftjin" data-testid="product-package-size">432 g, $0.92/100g</p></div></a><div class="css-8keand"></div></div><div class="css-1q5omjq"><div class="css-fcebb8"><div data-testid="atc-compact" class="css-y94ivq" style="width: 45px;"><button type="button" class="chakra-button css-mudsm6" data-testid="atc-button"><svg stroke="currentColor" fill="currentColor" stroke-width="0" viewBox="0 0 24 24" focusable="false" class="chakra-icon css-1g3sp7a" data-testid="btn-icon" aria-hidden="true" height="1em" width="1em" xmlns="http://www.w3.org/2000/svg"><path d="M19 13h-6v6h-2v-6H5v-2h6V5h2v6h6v2z"></path></svg><span class="css-idkz9h">Add Hotdog Buns Ballpark Classics Limited Edition 6  to cart</span></button></div></div></div></div></div></div><div class="css-0"><div class="css-f5i5wc"><div class="chakra-linkbox css-vhnn8v"><div data-testid="product-image" class="css-16dr4ly"><img alt="La Baguetterie Ciabatta Rolls  400 g, $0.87/100g" src="https://assets.shop.loblaws.ca/products/20833310/b3/en/front/20833310_front_a06_@2.png" srcset="https://assets.shop.loblaws.ca/products/20833310/b3/en/front/20833310_front_a06_@2.png 1x, https://assets.shop.loblaws.ca/products/20833310/b3/en/front/20833310_front_a06_@2.png 2x" loading="lazy" class="chakra-image css-oguq8l" aria-hidden="true"></div><div class="css-qoklea"><div class="css-12dchmx"></div><div data-testid="price-product-tile" class="css-8atqhb"><p class="chakra-text css-0"><span class="chakra-text css-pwnbcb" data-testid="regular-price"><span class="css-idkz9h">$3.49</span>$3.49</span></p></div><a href="/ciabatta-rolls/p/20833310_EA?source=nspt" class="chakra-linkbox__overlay css-1hnz6hu"><div class="css-0"><p class="chakra-text css-1ecdp9w" data-testid="product-brand">La Baguetterie</p><h3 class="chakra-heading css-6qrhwc" id="20833310_EA" data-testid="product-title">Ciabatta Rolls </h3><p class="chakra-text css-1yftjin" data-testid="product-package-size">400 g, $0.87/100g</p></div></a><div class="css-8keand"></div></div><div class="css-1q5omjq"><div class="css-fcebb8"><div data-testid="atc-compact" class="css-y94ivq" style="width: 45px;"><button type="button" class="chakra-button css-mudsm6" data-testid="atc-button"><svg stroke="currentColor" fill="currentColor" stroke-width="0" viewBox="0 0 24 24" focusable="false" class="chakra-icon css-1g3sp7a" data-testid="btn-icon" aria-hidden="true" height="1em" width="1em" xmlns="http://www.w3.org/2000/svg"><path d="M19 13h-6v6h-2v-6H5v-2h6V5h2v6h6v2z"></path></svg><span class="css-idkz9h">Add Ciabatta Rolls  to cart</span></button></div></div></div></div></div></div><div class="css-0"><div class="css-f5i5wc"><div class="chakra-linkbox css-vhnn8v"><div data-testid="product-image" class="css-16dr4ly"><img alt="LA FOURNEE DOREE Mini Brioches 480 g, $1.00/100g" src="https://assets.shop.loblaws.ca/products/21343965/b3/en/front/21343965_front_a06_@2.png" srcset="https://assets.shop.loblaws.ca/products/21343965/b3/en/front/21343965_front_a06_@2.png 1x, https://assets.shop.loblaws.ca/products/21343965/b3/en/front/21343965_front_a06_@2.png 2x" loading="lazy" class="chakra-image css-oguq8l" aria-hidden="true"></div><div class="css-qoklea"><div class="css-12dchmx"></div><div data-testid="price-product-tile" class="css-8atqhb"><p class="chakra-text css-0"><span class="chakra-text css-pwnbcb" data-testid="regular-price"><span class="css-idkz9h">$4.79</span>$4.79</span></p></div><a href="/mini-brioches/p/21343965_EA?source=nspt" class="chakra-linkbox__overlay css-1hnz6hu"><div class="css-0"><p class="chakra-text css-1ecdp9w" data-testid="product-brand">LA FOURNEE DOREE</p><h3 class="chakra-heading css-6qrhwc" id="21343965_EA" data-testid="product-title">Mini Brioches</h3><p class="chakra-text css-1yftjin" data-testid="product-package-size">480 g, $1.00/100g</p></div></a><div class="css-8keand"></div></div><div class="css-1q5omjq"><div class="css-fcebb8"><div data-testid="atc-compact" class="css-y94ivq" style="width: 45px;"><button type="button" class="chakra-button css-mudsm6" data-testid="atc-button"><svg stroke="currentColor" fill="currentColor" stroke-width="0" viewBox="0 0 24 24" focusable="false" class="chakra-icon css-1g3sp7a" data-testid="btn-icon" aria-hidden="true" height="1em" width="1em" xmlns="http://www.w3.org/2000/svg"><path d="M19 13h-6v6h-2v-6H5v-2h6V5h2v6h6v2z"></path></svg><span class="css-idkz9h">Add Mini Brioches to cart</span></button></div></div></div></div></div></div><div class="css-0"><div class="css-f5i5wc"><div class="chakra-linkbox css-vhnn8v"><div data-testid="product-image" class="css-16dr4ly"><img alt="President's Choice Gigantico Sausage Buns 432 g, $1.04/100g" src="https://assets.shop.loblaws.ca/products/21431179/b3/en/front/21431179_front_a06_@2.png" srcset="https://assets.shop.loblaws.ca/products/21431179/b3/en/front/21431179_front_a06_@2.png 1x, https://assets.shop.loblaws.ca/products/21431179/b3/en/front/21431179_front_a06_@2.png 2x" loading="lazy" class="chakra-image css-oguq8l" aria-hidden="true"></div><div class="css-qoklea"><div class="css-12dchmx"></div><div data-testid="price-product-tile" class="css-8atqhb"><p class="chakra-text css-0"><span class="chakra-text css-pwnbcb" data-testid="regular-price"><span class="css-idkz9h">$4.49</span>$4.49</span></p></div><a href="/gigantico-sausage-buns/p/21431179_EA?source=nspt" class="chakra-linkbox__overlay css-1hnz6hu"><div class="css-0"><p class="chakra-text css-1ecdp9w" data-testid="product-brand">President's Choice</p><h3 class="chakra-heading css-6qrhwc" id="21431179_EA" data-testid="product-title">Gigantico Sausage Buns</h3><p class="chakra-text css-1yftjin" data-testid="product-package-size">432 g, $1.04/100g</p></div></a><div class="css-8keand"></div></div><div class="css-1q5omjq"><div class="css-fcebb8"><div data-testid="atc-compact" class="css-y94ivq" style="width: 45px;"><button type="button" class="chakra-button css-mudsm6" data-testid="atc-button"><svg stroke="currentColor" fill="currentColor" stroke-width="0" viewBox="0 0 24 24" focusable="false" class="chakra-icon css-1g3sp7a" data-testid="btn-icon" aria-hidden="true" height="1em" width="1em" xmlns="http://www.w3.org/2000/svg"><path d="M19 13h-6v6h-2v-6H5v-2h6V5h2v6h6v2z"></path></svg><span class="css-idkz9h">Add Gigantico Sausage Buns to cart</span></button></div></div></div></div></div></div><div class="css-0"><div class="css-f5i5wc"><div class="chakra-linkbox css-vhnn8v"><div data-testid="product-image" class="css-16dr4ly"><img alt="President's Choice Brioche Hot Dog Buns 270 g, $1.85/100g" src="https://assets.shop.loblaws.ca/products/21431172/b3/en/front/21431172_front_a06_@2.png" srcset="https://assets.shop.loblaws.ca/products/21431172/b3/en/front/21431172_front_a06_@2.png 1x, https://assets.shop.loblaws.ca/products/21431172/b3/en/front/21431172_front_a06_@2.png 2x" loading="lazy" class="chakra-image css-oguq8l" aria-hidden="true"></div><div class="css-qoklea"><div class="css-12dchmx"></div><div data-testid="price-product-tile" class="css-8atqhb"><p class="chakra-text css-0"><span class="chakra-text css-pwnbcb" data-testid="regular-price"><span class="css-idkz9h">$5.00</span>$5.00</span></p></div><a href="/brioche-hot-dog-buns/p/21431172_EA?source=nspt" class="chakra-linkbox__overlay css-1hnz6hu"><div class="css-0"><p class="chakra-text css-1ecdp9w" data-testid="product-brand">President's Choice</p><h3 class="chakra-heading css-6qrhwc" id="21431172_EA" data-testid="product-title">Brioche Hot Dog Buns</h3><p class="chakra-text css-1yftjin" data-testid="product-package-size">270 g, $1.85/100g</p></div></a><div class="css-8keand"></div></div><div class="css-1q5omjq"><div class="css-fcebb8"><div data-testid="atc-compact" class="css-y94ivq" style="width: 45px;"><button type="button" class="chakra-button css-mudsm6" data-testid="atc-button"><svg stroke="currentColor" fill="currentColor" stroke-width="0" viewBox="0 0 24 24" focusable="false" class="chakra-icon css-1g3sp7a" data-testid="btn-icon" aria-hidden="true" height="1em" width="1em" xmlns="http://www.w3.org/2000/svg"><path d="M19 13h-6v6h-2v-6H5v-2h6V5h2v6h6v2z"></path></svg><span class="css-idkz9h">Add Brioche Hot Dog Buns to cart</span></button></div></div></div></div></div></div><div class="css-0"><div class="css-f5i5wc"><div class="chakra-linkbox css-vhnn8v"><div data-testid="product-image" class="css-16dr4ly"><img alt="President's Choice Gigantico&nbsp;Burger Buns&nbsp; 8x71.0 g, $0.79/100g" src="https://assets.shop.loblaws.ca/products/20627037/b3/en/front/20627037_front_a06_@2.png" srcset="https://assets.shop.loblaws.ca/products/20627037/b3/en/front/20627037_front_a06_@2.png 1x, https://assets.shop.loblaws.ca/products/20627037/b3/en/front/20627037_front_a06_@2.png 2x" loading="lazy" class="chakra-image css-oguq8l" aria-hidden="true"></div><div class="css-qoklea"><div class="css-12dchmx"></div><div data-testid="price-product-tile" class="css-8atqhb"><p class="chakra-text css-0"><span class="chakra-text css-pwnbcb" data-testid="regular-price"><span class="css-idkz9h">$4.49</span>$4.49</span></p></div><a href="/gigantico-burger-buns/p/20627037_EA?source=nspt" class="chakra-linkbox__overlay css-1hnz6hu"><div class="css-0"><p class="chakra-text css-1ecdp9w" data-testid="product-brand">President's Choice</p><h3 class="chakra-heading css-6qrhwc" id="20627037_EA" data-testid="product-title">Gigantico&nbsp;Burger Buns&nbsp;</h3><p class="chakra-text css-1yftjin" data-testid="product-package-size">8x71.0 g, $0.79/100g</p></div></a><div class="css-8keand"></div></div><div class="css-1q5omjq"><div class="css-fcebb8"><div data-testid="atc-compact" class="css-y94ivq" style="width: 45px;"><button type="button" class="chakra-button css-mudsm6" data-testid="atc-button"><svg stroke="currentColor" fill="currentColor" stroke-width="0" viewBox="0 0 24 24" focusable="false" class="chakra-icon css-1g3sp7a" data-testid="btn-icon" aria-hidden="true" height="1em" width="1em" xmlns="http://www.w3.org/2000/svg"><path d="M19 13h-6v6h-2v-6H5v-2h6V5h2v6h6v2z"></path></svg><span class="css-idkz9h">Add Gigantico&nbsp;Burger Buns&nbsp; to cart</span></button></div></div></div></div></div></div><div class="css-0"><div class="css-f5i5wc"><div class="chakra-linkbox css-vhnn8v"><div data-testid="product-image" class="css-16dr4ly"><img alt="Promise Gluten Free Hamburger Buns Authentic Brioche 260 g, $3.07/100g" src="https://assets.shop.loblaws.ca/products/21465953/b3/en/front/21465953_front_a06_@2.png" srcset="https://assets.shop.loblaws.ca/products/21465953/b3/en/front/21465953_front_a06_@2.png 1x, https://assets.shop.loblaws.ca/products/21465953/b3/en/front/21465953_front_a06_@2.png 2x" loading="lazy" class="chakra-image css-oguq8l" aria-hidden="true"></div><div class="css-qoklea"><div class="css-12dchmx"></div><div data-testid="price-product-tile" class="css-8atqhb"><p class="chakra-text css-0"><span class="chakra-text css-pwnbcb" data-testid="regular-price"><span class="css-idkz9h">$7.99</span>$7.99</span></p></div><a href="/hamburger-buns-authentic-brioche/p/21465953_EA?source=nspt" class="chakra-linkbox__overlay css-1hnz6hu"><div class="css-0"><p class="chakra-text css-1ecdp9w" data-testid="product-brand">Promise Gluten Free</p><h3 class="chakra-heading css-6qrhwc" id="21465953_EA" data-testid="product-title">Hamburger Buns Authentic Brioche</h3><p class="chakra-text css-1yftjin" data-testid="product-package-size">260 g, $3.07/100g</p></div></a><div class="css-8keand"></div></div><div class="css-1q5omjq"><div class="css-fcebb8"><div data-testid="atc-compact" class="css-y94ivq" style="width: 45px;"><button type="button" class="chakra-button css-mudsm6" data-testid="atc-button"><svg stroke="currentColor" fill="currentColor" stroke-width="0" viewBox="0 0 24 24" focusable="false" class="chakra-icon css-1g3sp7a" data-testid="btn-icon" aria-hidden="true" height="1em" width="1em" xmlns="http://www.w3.org/2000/svg"><path d="M19 13h-6v6h-2v-6H5v-2h6V5h2v6h6v2z"></path></svg><span class="css-idkz9h">Add Hamburger Buns Authentic Brioche to cart</span></button></div></div></div></div></div></div><div class="css-0"><div class="css-f5i5wc"><div class="chakra-linkbox css-vhnn8v"><div data-testid="product-image" class="css-16dr4ly"><img alt="Wonder Dinner Rolls White 20x35.0 g, $0.57/100g" src="https://assets.shop.loblaws.ca/products/20106132/b3/en/front/20106132_front_a06_@2.png" srcset="https://assets.shop.loblaws.ca/products/20106132/b3/en/front/20106132_front_a06_@2.png 1x, https://assets.shop.loblaws.ca/products/20106132/b3/en/front/20106132_front_a06_@2.png 2x" loading="lazy" class="chakra-image css-oguq8l" aria-hidden="true"></div><div class="css-qoklea"><div class="css-12dchmx"></div><div data-testid="price-product-tile" class="css-8atqhb"><p class="chakra-text css-0"><span class="chakra-text css-pwnbcb" data-testid="regular-price"><span class="css-idkz9h">$3.99</span>$3.99</span></p></div><a href="/dinner-rolls-white/p/20106132_EA?source=nspt" class="chakra-linkbox__overlay css-1hnz6hu"><div class="css-0"><p class="chakra-text css-1ecdp9w" data-testid="product-brand">Wonder</p><h3 class="chakra-heading css-6qrhwc" id="20106132_EA" data-testid="product-title">Dinner Rolls White</h3><p class="chakra-text css-1yftjin" data-testid="product-package-size">20x35.0 g, $0.57/100g</p></div></a><div class="css-8keand"></div></div><div class="css-1q5omjq"><div class="css-fcebb8"><div data-testid="atc-compact" class="css-y94ivq" style="width: 45px;"><button type="button" class="chakra-button css-mudsm6" data-testid="atc-button"><svg stroke="currentColor" fill="currentColor" stroke-width="0" viewBox="0 0 24 24" focusable="false" class="chakra-icon css-1g3sp7a" data-testid="btn-icon" aria-hidden="true" height="1em" width="1em" xmlns="http://www.w3.org/2000/svg"><path d="M19 13h-6v6h-2v-6H5v-2h6V5h2v6h6v2z"></path></svg><span class="css-idkz9h">Add Dinner Rolls White to cart</span></button></div></div><div class="css-4saf4a"><p class="chakra-text css-py8788" data-testid="inventory-badge-text">Low Stock</p></div></div></div></div></div><div class="css-0"><div class="css-f5i5wc"><div class="chakra-linkbox css-vhnn8v"><div data-testid="product-image" class="css-16dr4ly"><img alt="Villa Di Manno Vdm Crusty Roll 12 12x1.0 ea, $0.42/1ea" srcset="undefined 1x, undefined 2x" loading="lazy" class="chakra-image css-oguq8l" aria-hidden="true"></div><div class="css-qoklea"><div class="css-12dchmx"></div><div data-testid="price-product-tile" class="css-8atqhb"><p class="chakra-text css-0"><span class="chakra-text css-pwnbcb" data-testid="regular-price"><span class="css-idkz9h">$4.99</span>$4.99</span></p></div><a href="/vdm-crusty-roll-12/p/20133862_EA?source=nspt" class="chakra-linkbox__overlay css-1hnz6hu"><div class="css-0"><p class="chakra-text css-1ecdp9w" data-testid="product-brand">Villa Di Manno</p><h3 class="chakra-heading css-6qrhwc" id="20133862_EA" data-testid="product-title">Vdm Crusty Roll 12</h3><p class="chakra-text css-1yftjin" data-testid="product-package-size">12x1.0 ea, $0.42/1ea</p></div></a><div class="css-8keand"></div></div><div class="css-1q5omjq"><div class="css-fcebb8"><div data-testid="atc-compact" class="css-y94ivq" style="width: 45px;"><button type="button" class="chakra-button css-mudsm6" data-testid="atc-button"><svg stroke="currentColor" fill="currentColor" stroke-width="0" viewBox="0 0 24 24" focusable="false" class="chakra-icon css-1g3sp7a" data-testid="btn-icon" aria-hidden="true" height="1em" width="1em" xmlns="http://www.w3.org/2000/svg"><path d="M19 13h-6v6h-2v-6H5v-2h6V5h2v6h6v2z"></path></svg><span class="css-idkz9h">Add Vdm Crusty Roll 12 to cart</span></button></div></div></div></div></div></div><div class="css-0"><div class="css-f5i5wc"><div class="chakra-linkbox css-vhnn8v"><div data-testid="product-image" class="css-16dr4ly"><img alt="President's Choice Brioche Mini Rolls 400 g, $1.37/100g" src="https://assets.shop.loblaws.ca/products/21410779/b3/en/front/21410779_front_a06_@2.png" srcset="https://assets.shop.loblaws.ca/products/21410779/b3/en/front/21410779_front_a06_@2.png 1x, https://assets.shop.loblaws.ca/products/21410779/b3/en/front/21410779_front_a06_@2.png 2x" loading="lazy" class="chakra-image css-oguq8l" aria-hidden="true"></div><div class="css-qoklea"><div class="css-12dchmx"></div><div data-testid="price-product-tile" class="css-8atqhb"><p class="chakra-text css-0"><span class="chakra-text css-pwnbcb" data-testid="regular-price"><span class="css-idkz9h">$5.49</span>$5.49</span></p></div><a href="/brioche-mini-rolls/p/21410779_EA?source=nspt" class="chakra-linkbox__overlay css-1hnz6hu"><div class="css-0"><p class="chakra-text css-1ecdp9w" data-testid="product-brand">President's Choice</p><h3 class="chakra-heading css-6qrhwc" id="21410779_EA" data-testid="product-title">Brioche Mini Rolls</h3><p class="chakra-text css-1yftjin" data-testid="product-package-size">400 g, $1.37/100g</p></div></a><div class="css-8keand"></div></div><div class="css-1q5omjq"><div class="css-fcebb8"><div data-testid="atc-compact" class="css-y94ivq" style="width: 45px;"><button type="button" class="chakra-button css-mudsm6" data-testid="atc-button"><svg stroke="currentColor" fill="currentColor" stroke-width="0" viewBox="0 0 24 24" focusable="false" class="chakra-icon css-1g3sp7a" data-testid="btn-icon" aria-hidden="true" height="1em" width="1em" xmlns="http://www.w3.org/2000/svg"><path d="M19 13h-6v6h-2v-6H5v-2h6V5h2v6h6v2z"></path></svg><span class="css-idkz9h">Add Brioche Mini Rolls to cart</span></button></div></div></div></div></div></div><div class="css-0"><div class="css-f5i5wc"><div class="chakra-linkbox css-vhnn8v"><div data-testid="product-image" class="css-16dr4ly"><img alt="ACE Ciabatta Pezzetti Duo 700 g, $0.96/100g" src="https://assets.shop.loblaws.ca/products/21596323/b3/en/front/21596323_front_a06_@2.png" srcset="https://assets.shop.loblaws.ca/products/21596323/b3/en/front/21596323_front_a06_@2.png 1x, https://assets.shop.loblaws.ca/products/21596323/b3/en/front/21596323_front_a06_@2.png 2x" loading="lazy" class="chakra-image css-oguq8l" aria-hidden="true"></div><div class="css-qoklea"><div class="css-12dchmx"><div class="chakra-badge css-34x0wr" data-testid="product-badge"><div class="css-u4p24i">New</div></div></div><div data-testid="price-product-tile" class="css-8atqhb"><p class="chakra-text css-0"><span class="chakra-text css-pwnbcb" data-testid="regular-price"><span class="css-idkz9h">$6.69</span>$6.69</span></p></div><a href="/ciabatta-pezzetti-duo/p/21596323_EA?source=nspt" class="chakra-linkbox__overlay css-1hnz6hu"><div class="css-0"><p class="chakra-text css-1ecdp9w" data-testid="product-brand">ACE</p><h3 class="chakra-heading css-6qrhwc" id="21596323_EA" data-testid="product-title">Ciabatta Pezzetti Duo</h3><p class="chakra-text css-1yftjin" data-testid="product-package-size">700 g, $0.96/100g</p></div></a><div class="css-8keand"></div></div><div class="css-1q5omjq"><div class="css-fcebb8"><div data-testid="atc-compact" class="css-y94ivq" style="width: 45px;"><button type="button" class="chakra-button css-mudsm6" data-testid="atc-button"><svg stroke="currentColor" fill="currentColor" stroke-width="0" viewBox="0 0 24 24" focusable="false" class="chakra-icon css-1g3sp7a" data-testid="btn-icon" aria-hidden="true" height="1em" width="1em" xmlns="http://www.w3.org/2000/svg"><path d="M19 13h-6v6h-2v-6H5v-2h6V5h2v6h6v2z"></path></svg><span class="css-idkz9h">Add Ciabatta Pezzetti Duo to cart</span></button></div></div><div class="css-4saf4a"><p class="chakra-text css-py8788" data-testid="inventory-badge-text">Low Stock</p></div></div></div></div></div><div class="css-0"><div class="css-f5i5wc"><div class="chakra-linkbox css-vhnn8v"><div data-testid="product-image" class="css-16dr4ly"><img alt="La Baguetterie Brioche Gourmet Buns 260 g, $1.34/100g" src="https://assets.shop.loblaws.ca/products/21094261/b3/en/front/21094261_front_a06_@2.png" srcset="https://assets.shop.loblaws.ca/products/21094261/b3/en/front/21094261_front_a06_@2.png 1x, https://assets.shop.loblaws.ca/products/21094261/b3/en/front/21094261_front_a06_@2.png 2x" loading="lazy" class="chakra-image css-oguq8l" aria-hidden="true"></div><div class="css-qoklea"><div class="css-12dchmx"></div><div data-testid="price-product-tile" class="css-8atqhb"><p class="chakra-text css-0"><span class="chakra-text css-pwnbcb" data-testid="regular-price"><span class="css-idkz9h">$3.49</span>$3.49</span></p></div><a href="/brioche-gourmet-buns/p/21094261_EA?source=nspt" class="chakra-linkbox__overlay css-1hnz6hu"><div class="css-0"><p class="chakra-text css-1ecdp9w" data-testid="product-brand">La Baguetterie</p><h3 class="chakra-heading css-6qrhwc" id="21094261_EA" data-testid="product-title">Brioche Gourmet Buns</h3><p class="chakra-text css-1yftjin" data-testid="product-package-size">260 g, $1.34/100g</p></div></a><div class="css-8keand"></div></div><div class="css-1q5omjq"><div class="css-fcebb8"><div data-testid="atc-compact" class="css-y94ivq" style="width: 45px;"><button type="button" class="chakra-button css-mudsm6" data-testid="atc-button"><svg stroke="currentColor" fill="currentColor" stroke-width="0" viewBox="0 0 24 24" focusable="false" class="chakra-icon css-1g3sp7a" data-testid="btn-icon" aria-hidden="true" height="1em" width="1em" xmlns="http://www.w3.org/2000/svg"><path d="M19 13h-6v6h-2v-6H5v-2h6V5h2v6h6v2z"></path></svg><span class="css-idkz9h">Add Brioche Gourmet Buns to cart</span></button></div></div></div></div></div></div><div class="css-0"><div class="css-f5i5wc"><div class="chakra-linkbox css-vhnn8v"><div data-testid="product-image" class="css-16dr4ly"><img alt="Ozery's Broiche Buns Bakery Soft and Fluffy Pre-Sliced Thin Buns 6x378.0 g, $1.19/100g" src="https://assets.shop.loblaws.ca/products/21154251/b3/en/front/21154251_front_a06_@2.png" srcset="https://assets.shop.loblaws.ca/products/21154251/b3/en/front/21154251_front_a06_@2.png 1x, https://assets.shop.loblaws.ca/products/21154251/b3/en/front/21154251_front_a06_@2.png 2x" loading="lazy" class="chakra-image css-oguq8l" aria-hidden="true"></div><div class="css-qoklea"><div class="css-12dchmx"></div><div data-testid="price-product-tile" class="css-8atqhb"><p class="chakra-text css-0"><span class="chakra-text css-pwnbcb" data-testid="regular-price"><span class="css-idkz9h">$4.49</span>$4.49</span></p></div><a href="/broiche-buns-bakery-soft-and-fluffy-pre-sliced-thi/p/21154251_EA?source=nspt" class="chakra-linkbox__overlay css-1hnz6hu"><div class="css-0"><p class="chakra-text css-1ecdp9w" data-testid="product-brand">Ozery's</p><h3 class="chakra-heading css-6qrhwc" id="21154251_EA" data-testid="product-title">Broiche Buns Bakery Soft and Fluffy Pre-Sliced Thin Buns</h3><p class="chakra-text css-1yftjin" data-testid="product-package-size">6x378.0 g, $1.19/100g</p></div></a><div class="css-8keand"></div></div><div class="css-1q5omjq"><div class="css-fcebb8"><div data-testid="atc-compact" class="css-y94ivq" style="width: 45px;"><button type="button" class="chakra-button css-mudsm6" data-testid="atc-button"><svg stroke="currentColor" fill="currentColor" stroke-width="0" viewBox="0 0 24 24" focusable="false" class="chakra-icon css-1g3sp7a" data-testid="btn-icon" aria-hidden="true" height="1em" width="1em" xmlns="http://www.w3.org/2000/svg"><path d="M19 13h-6v6h-2v-6H5v-2h6V5h2v6h6v2z"></path></svg><span class="css-idkz9h">Add Broiche Buns Bakery Soft and Fluffy Pre-Sliced Thin Buns to cart</span></button></div></div></div></div></div></div><div class="css-0"><div class="css-f5i5wc"><div class="chakra-linkbox css-vhnn8v"><div data-testid="product-image" class="css-16dr4ly"><img alt="Fresho Dinner Rolls 500 g, $0.72/100g" src="https://assets.shop.loblaws.ca/products/21574917/b3/en/front/21574917_front_a06_@2.png" srcset="https://assets.shop.loblaws.ca/products/21574917/b3/en/front/21574917_front_a06_@2.png 1x, https://assets.shop.loblaws.ca/products/21574917/b3/en/front/21574917_front_a06_@2.png 2x" loading="lazy" class="chakra-image css-oguq8l" aria-hidden="true"></div><div class="css-qoklea"><div class="css-12dchmx"><div class="chakra-badge css-34x0wr" data-testid="product-badge"><div class="css-u4p24i">New</div></div></div><div data-testid="price-product-tile" class="css-8atqhb"><p class="chakra-text css-0"><span class="chakra-text css-pwnbcb" data-testid="regular-price"><span class="css-idkz9h">$3.59</span>$3.59</span></p></div><a href="/dinner-rolls/p/21574917_EA?source=nspt" class="chakra-linkbox__overlay css-1hnz6hu"><div class="css-0"><p class="chakra-text css-1ecdp9w" data-testid="product-brand">Fresho</p><h3 class="chakra-heading css-6qrhwc" id="21574917_EA" data-testid="product-title">Dinner Rolls</h3><p class="chakra-text css-1yftjin" data-testid="product-package-size">500 g, $0.72/100g</p></div></a><div class="css-8keand"></div></div><div class="css-1q5omjq"><div class="css-fcebb8"><div data-testid="atc-compact" class="css-y94ivq" style="width: 45px;"><button type="button" class="chakra-button css-mudsm6" data-testid="atc-button"><svg stroke="currentColor" fill="currentColor" stroke-width="0" viewBox="0 0 24 24" focusable="false" class="chakra-icon css-1g3sp7a" data-testid="btn-icon" aria-hidden="true" height="1em" width="1em" xmlns="http://www.w3.org/2000/svg"><path d="M19 13h-6v6h-2v-6H5v-2h6V5h2v6h6v2z"></path></svg><span class="css-idkz9h">Add Dinner Rolls to cart</span></button></div></div></div></div></div></div><div class="css-0"><div class="css-f5i5wc"><div class="chakra-linkbox css-vhnn8v"><div data-testid="product-image" class="css-16dr4ly"><img alt="null Kings Hawaiian Sweet Rolls  0.34 kg, $1.32/100g" src="https://assets.shop.loblaws.ca/products/21475970/b3/en/front/21475970_front_a06_@2.png" srcset="https://assets.shop.loblaws.ca/products/21475970/b3/en/front/21475970_front_a06_@2.png 1x, https://assets.shop.loblaws.ca/products/21475970/b3/en/front/21475970_front_a06_@2.png 2x" loading="lazy" class="chakra-image css-oguq8l" aria-hidden="true"></div><div class="css-qoklea"><div class="css-12dchmx"></div><div data-testid="price-product-tile" class="css-8atqhb"><p class="chakra-text css-0"><span class="chakra-text css-pwnbcb" data-testid="regular-price"><span class="css-idkz9h">$4.49</span>$4.49</span></p></div><a href="/king-s-hawaiian-sweet-rolls/p/21475970_EA?source=nspt" class="chakra-linkbox__overlay css-1hnz6hu"><div class="css-0"><h3 class="chakra-heading css-6qrhwc" id="21475970_EA" data-testid="product-title">Kings Hawaiian Sweet Rolls </h3><p class="chakra-text css-1yftjin" data-testid="product-package-size">0.34 kg, $1.32/100g</p></div></a><div class="css-8keand"></div></div><div class="css-1q5omjq"><div class="css-fcebb8"><div data-testid="atc-compact" class="css-y94ivq" style="width: 45px;"><button type="button" class="chakra-button css-mudsm6" data-testid="atc-button"><svg stroke="currentColor" fill="currentColor" stroke-width="0" viewBox="0 0 24 24" focusable="false" class="chakra-icon css-1g3sp7a" data-testid="btn-icon" aria-hidden="true" height="1em" width="1em" xmlns="http://www.w3.org/2000/svg"><path d="M19 13h-6v6h-2v-6H5v-2h6V5h2v6h6v2z"></path></svg><span class="css-idkz9h">Add Kings Hawaiian Sweet Rolls  to cart</span></button></div></div></div></div></div></div><div class="css-0"><div class="css-f5i5wc"><div class="chakra-linkbox css-vhnn8v"><div data-testid="product-image" class="css-16dr4ly"><img alt="Villaggio Toscana Extra Soft Sausage Buns 426 g, $1.05/100g" src="https://assets.shop.loblaws.ca/products/21285576/b3/en/front/21285576_front_a06_@2.png" srcset="https://assets.shop.loblaws.ca/products/21285576/b3/en/front/21285576_front_a06_@2.png 1x, https://assets.shop.loblaws.ca/products/21285576/b3/en/front/21285576_front_a06_@2.png 2x" loading="lazy" class="chakra-image css-oguq8l" aria-hidden="true"></div><div class="css-qoklea"><div class="css-12dchmx"></div><div data-testid="price-product-tile" class="css-8atqhb"><p class="chakra-text css-0"><span class="chakra-text css-pwnbcb" data-testid="regular-price"><span class="css-idkz9h">$4.49</span>$4.49</span></p></div><a href="/toscana-extra-soft-sausage-buns/p/21285576_EA?source=nspt" class="chakra-linkbox__overlay css-1hnz6hu"><div class="css-0"><p class="chakra-text css-1ecdp9w" data-testid="product-brand">Villaggio</p><h3 class="chakra-heading css-6qrhwc" id="21285576_EA" data-testid="product-title">Toscana Extra Soft Sausage Buns</h3><p class="chakra-text css-1yftjin" data-testid="product-package-size">426 g, $1.05/100g</p></div></a><div class="css-8keand"></div></div><div class="css-1q5omjq"><div class="css-fcebb8"><div data-testid="atc-compact" class="css-y94ivq" style="width: 45px;"><button type="button" class="chakra-button css-mudsm6" data-testid="atc-button"><svg stroke="currentColor" fill="currentColor" stroke-width="0" viewBox="0 0 24 24" focusable="false" class="chakra-icon css-1g3sp7a" data-testid="btn-icon" aria-hidden="true" height="1em" width="1em" xmlns="http://www.w3.org/2000/svg"><path d="M19 13h-6v6h-2v-6H5v-2h6V5h2v6h6v2z"></path></svg><span class="css-idkz9h">Add Toscana Extra Soft Sausage Buns to cart</span></button></div></div></div></div></div></div><div class="css-0"><div class="css-f5i5wc"><div class="chakra-linkbox css-vhnn8v"><div data-testid="product-image" class="css-16dr4ly"><img alt="LA FOURNEE DOREE Chinois Brioche With Vanilla Cream 500 g, $1.32/100g" src="https://assets.shop.loblaws.ca/products/21315229/b3/en/front/21315229_front_a06_@2.png" srcset="https://assets.shop.loblaws.ca/products/21315229/b3/en/front/21315229_front_a06_@2.png 1x, https://assets.shop.loblaws.ca/products/21315229/b3/en/front/21315229_front_a06_@2.png 2x" loading="lazy" class="chakra-image css-oguq8l" aria-hidden="true"></div><div class="css-qoklea"><div class="css-12dchmx"></div><div data-testid="price-product-tile" class="css-8atqhb"><p class="chakra-text css-0"><span class="chakra-text css-pwnbcb" data-testid="regular-price"><span class="css-idkz9h">$6.59</span>$6.59</span></p></div><a href="/chinois-brioche-with-vanilla-cream/p/21315229_EA?source=nspt" class="chakra-linkbox__overlay css-1hnz6hu"><div class="css-0"><p class="chakra-text css-1ecdp9w" data-testid="product-brand">LA FOURNEE DOREE</p><h3 class="chakra-heading css-6qrhwc" id="21315229_EA" data-testid="product-title">Chinois Brioche With Vanilla Cream</h3><p class="chakra-text css-1yftjin" data-testid="product-package-size">500 g, $1.32/100g</p></div></a><div class="css-8keand"></div></div><div class="css-1q5omjq"><div class="css-fcebb8"><div data-testid="atc-compact" class="css-y94ivq" style="width: 45px;"><button disabled="" type="button" class="chakra-button css-mudsm6" data-testid="atc-button"><svg stroke="currentColor" fill="currentColor" stroke-width="0" viewBox="0 0 24 24" focusable="false" class="chakra-icon css-1g3sp7a" data-testid="btn-icon" aria-hidden="true" height="1em" width="1em" xmlns="http://www.w3.org/2000/svg"><path d="M19 13h-6v6h-2v-6H5v-2h6V5h2v6h6v2z"></path></svg><span class="css-idkz9h">Add Chinois Brioche With Vanilla Cream to cart</span></button></div></div><div class="css-4saf4a"><p class="chakra-text css-py8788" data-testid="inventory-badge-text">Out of Stock</p></div></div></div></div></div><div class="css-0"><div class="css-f5i5wc"><div class="chakra-linkbox css-vhnn8v"><div data-testid="product-image" class="css-16dr4ly"><img alt="Wonder Whole Wheat Hamburger Buns 8x56.0 g, $0.67/100g" src="https://assets.shop.loblaws.ca/products/20310178/b3/en/front/20310178_front_a06_@2.png" srcset="https://assets.shop.loblaws.ca/products/20310178/b3/en/front/20310178_front_a06_@2.png 1x, https://assets.shop.loblaws.ca/products/20310178/b3/en/front/20310178_front_a06_@2.png 2x" loading="lazy" class="chakra-image css-oguq8l" aria-hidden="true"></div><div class="css-qoklea"><div class="css-12dchmx"></div><div data-testid="price-product-tile" class="css-8atqhb"><p class="chakra-text css-0"><span class="chakra-text css-pwnbcb" data-testid="regular-price"><span class="css-idkz9h">$2.99</span>$2.99</span></p></div><a href="/whole-wheat-hamburger-buns/p/20310178_EA?source=nspt" class="chakra-linkbox__overlay css-1hnz6hu"><div class="css-0"><p class="chakra-text css-1ecdp9w" data-testid="product-brand">Wonder</p><h3 class="chakra-heading css-6qrhwc" id="20310178_EA" data-testid="product-title">Whole Wheat Hamburger Buns</h3><p class="chakra-text css-1yftjin" data-testid="product-package-size">8x56.0 g, $0.67/100g</p></div></a><div class="css-8keand"></div></div><div class="css-1q5omjq"><div class="css-fcebb8"><div data-testid="atc-compact" class="css-y94ivq" style="width: 45px;"><button type="button" class="chakra-button css-mudsm6" data-testid="atc-button"><svg stroke="currentColor" fill="currentColor" stroke-width="0" viewBox="0 0 24 24" focusable="false" class="chakra-icon css-1g3sp7a" data-testid="btn-icon" aria-hidden="true" height="1em" width="1em" xmlns="http://www.w3.org/2000/svg"><path d="M19 13h-6v6h-2v-6H5v-2h6V5h2v6h6v2z"></path></svg><span class="css-idkz9h">Add Whole Wheat Hamburger Buns to cart</span></button></div></div></div></div></div></div><div class="css-0"><div class="css-f5i5wc"><div class="chakra-linkbox css-vhnn8v"><div data-testid="product-image" class="css-16dr4ly"><img alt="Wonder Whole Wheat Hot Dog Rolls 8x60.0 g, $0.62/100g" src="https://assets.shop.loblaws.ca/products/20154966/b3/en/front/20154966_front_a06_@2.png" srcset="https://assets.shop.loblaws.ca/products/20154966/b3/en/front/20154966_front_a06_@2.png 1x, https://assets.shop.loblaws.ca/products/20154966/b3/en/front/20154966_front_a06_@2.png 2x" loading="lazy" class="chakra-image css-oguq8l" aria-hidden="true"></div><div class="css-qoklea"><div class="css-12dchmx"></div><div data-testid="price-product-tile" class="css-8atqhb"><p class="chakra-text css-0"><span class="chakra-text css-pwnbcb" data-testid="regular-price"><span class="css-idkz9h">$2.99</span>$2.99</span></p></div><a href="/whole-wheat-hot-dog-rolls/p/20154966_EA?source=nspt" class="chakra-linkbox__overlay css-1hnz6hu"><div class="css-0"><p class="chakra-text css-1ecdp9w" data-testid="product-brand">Wonder</p><h3 class="chakra-heading css-6qrhwc" id="20154966_EA" data-testid="product-title">Whole Wheat Hot Dog Rolls</h3><p class="chakra-text css-1yftjin" data-testid="product-package-size">8x60.0 g, $0.62/100g</p></div></a><div class="css-8keand"></div></div><div class="css-1q5omjq"><div class="css-fcebb8"><div data-testid="atc-compact" class="css-y94ivq" style="width: 45px;"><button type="button" class="chakra-button css-mudsm6" data-testid="atc-button"><svg stroke="currentColor" fill="currentColor" stroke-width="0" viewBox="0 0 24 24" focusable="false" class="chakra-icon css-1g3sp7a" data-testid="btn-icon" aria-hidden="true" height="1em" width="1em" xmlns="http://www.w3.org/2000/svg"><path d="M19 13h-6v6h-2v-6H5v-2h6V5h2v6h6v2z"></path></svg><span class="css-idkz9h">Add Whole Wheat Hot Dog Rolls to cart</span></button></div></div></div></div></div></div><div class="css-0"><div class="css-f5i5wc"><div class="chakra-linkbox css-vhnn8v"><div data-testid="product-image" class="css-16dr4ly"><img alt="La Baguetterie Sesame Gourmet Buns 260 g, $1.34/100g" src="https://assets.shop.loblaws.ca/products/21094256/b3/en/front/21094256_front_a06_@2.png" srcset="https://assets.shop.loblaws.ca/products/21094256/b3/en/front/21094256_front_a06_@2.png 1x, https://assets.shop.loblaws.ca/products/21094256/b3/en/front/21094256_front_a06_@2.png 2x" loading="lazy" class="chakra-image css-oguq8l" aria-hidden="true"></div><div class="css-qoklea"><div class="css-12dchmx"></div><div data-testid="price-product-tile" class="css-8atqhb"><p class="chakra-text css-0"><span class="chakra-text css-pwnbcb" data-testid="regular-price"><span class="css-idkz9h">$3.49</span>$3.49</span></p></div><a href="/sesame-gourmet-buns/p/21094256_EA?source=nspt" class="chakra-linkbox__overlay css-1hnz6hu"><div class="css-0"><p class="chakra-text css-1ecdp9w" data-testid="product-brand">La Baguetterie</p><h3 class="chakra-heading css-6qrhwc" id="21094256_EA" data-testid="product-title">Sesame Gourmet Buns</h3><p class="chakra-text css-1yftjin" data-testid="product-package-size">260 g, $1.34/100g</p></div></a><div class="css-8keand"></div></div><div class="css-1q5omjq"><div class="css-fcebb8"><div data-testid="atc-compact" class="css-y94ivq" style="width: 45px;"><button type="button" class="chakra-button css-mudsm6" data-testid="atc-button"><svg stroke="currentColor" fill="currentColor" stroke-width="0" viewBox="0 0 24 24" focusable="false" class="chakra-icon css-1g3sp7a" data-testid="btn-icon" aria-hidden="true" height="1em" width="1em" xmlns="http://www.w3.org/2000/svg"><path d="M19 13h-6v6h-2v-6H5v-2h6V5h2v6h6v2z"></path></svg><span class="css-idkz9h">Add Sesame Gourmet Buns to cart</span></button></div></div></div></div></div></div><div class="css-0"><div class="css-f5i5wc"><div class="chakra-linkbox css-vhnn8v"><div data-testid="product-image" class="css-16dr4ly"><img alt="Villa Di Manno Crusty Italian Rolls, 6&quot; 750 g, $0.47/100g" src="https://assets.shop.loblaws.ca/products/20138772/b3/en/front/20138772_front_a06_@2.png" srcset="https://assets.shop.loblaws.ca/products/20138772/b3/en/front/20138772_front_a06_@2.png 1x, https://assets.shop.loblaws.ca/products/20138772/b3/en/front/20138772_front_a06_@2.png 2x" loading="lazy" class="chakra-image css-oguq8l" aria-hidden="true"></div><div class="css-qoklea"><div class="css-12dchmx"></div><div data-testid="price-product-tile" class="css-8atqhb"><p class="chakra-text css-0"><span class="chakra-text css-pwnbcb" data-testid="regular-price"><span class="css-idkz9h">$3.49</span>$3.49</span></p></div><a href="/crusty-italian-rolls-6/p/20138772_EA?source=nspt" class="chakra-linkbox__overlay css-1hnz6hu"><div class="css-0"><p class="chakra-text css-1ecdp9w" data-testid="product-brand">Villa Di Manno</p><h3 class="chakra-heading css-6qrhwc" id="20138772_EA" data-testid="product-title">Crusty Italian Rolls, 6"</h3><p class="chakra-text css-1yftjin" data-testid="product-package-size">750 g, $0.47/100g</p></div></a><div class="css-8keand"></div></div><div class="css-1q5omjq"><div class="css-fcebb8"><div data-testid="atc-compact" class="css-y94ivq" style="width: 45px;"><button type="button" class="chakra-button css-mudsm6" data-testid="atc-button"><svg stroke="currentColor" fill="currentColor" stroke-width="0" viewBox="0 0 24 24" focusable="false" class="chakra-icon css-1g3sp7a" data-testid="btn-icon" aria-hidden="true" height="1em" width="1em" xmlns="http://www.w3.org/2000/svg"><path d="M19 13h-6v6h-2v-6H5v-2h6V5h2v6h6v2z"></path></svg><span class="css-idkz9h">Add Crusty Italian Rolls, 6" to cart</span></button></div></div></div></div></div></div><div class="css-0"><div class="css-f5i5wc"><div class="chakra-linkbox css-vhnn8v"><div data-testid="product-image" class="css-16dr4ly"><img alt="null Savoury Butter Rolls 340 g, $1.32/100g" src="https://assets.shop.loblaws.ca/products/21489831/b3/en/front/21489831_front_a06_@2.png" srcset="https://assets.shop.loblaws.ca/products/21489831/b3/en/front/21489831_front_a06_@2.png 1x, https://assets.shop.loblaws.ca/products/21489831/b3/en/front/21489831_front_a06_@2.png 2x" loading="lazy" class="chakra-image css-oguq8l" aria-hidden="true"></div><div class="css-qoklea"><div class="css-12dchmx"></div><div data-testid="price-product-tile" class="css-8atqhb"><p class="chakra-text css-0"><span class="chakra-text css-pwnbcb" data-testid="regular-price"><span class="css-idkz9h">$4.49</span>$4.49</span></p></div><a href="/savoury-butter-rolls/p/21489831_EA?source=nspt" class="chakra-linkbox__overlay css-1hnz6hu"><div class="css-0"><h3 class="chakra-heading css-6qrhwc" id="21489831_EA" data-testid="product-title">Savoury Butter Rolls</h3><p class="chakra-text css-1yftjin" data-testid="product-package-size">340 g, $1.32/100g</p></div></a><div class="css-8keand"></div></div><div class="css-1q5omjq"><div class="css-fcebb8"><div data-testid="atc-compact" class="css-y94ivq" style="width: 45px;"><button type="button" class="chakra-button css-mudsm6" data-testid="atc-button"><svg stroke="currentColor" fill="currentColor" stroke-width="0" viewBox="0 0 24 24" focusable="false" class="chakra-icon css-1g3sp7a" data-testid="btn-icon" aria-hidden="true" height="1em" width="1em" xmlns="http://www.w3.org/2000/svg"><path d="M19 13h-6v6h-2v-6H5v-2h6V5h2v6h6v2z"></path></svg><span class="css-idkz9h">Add Savoury Butter Rolls to cart</span></button></div></div></div></div></div></div><div class="css-0"><div class="css-f5i5wc"><div class="chakra-linkbox css-vhnn8v"><div data-testid="product-image" class="css-16dr4ly"><img alt="No Name Whole Wheat Dinner Roll 420 g, $0.71/100g" src="https://assets.shop.loblaws.ca/products/21431222/b3/en/front/21431222_front_a06_@2.png" srcset="https://assets.shop.loblaws.ca/products/21431222/b3/en/front/21431222_front_a06_@2.png 1x, https://assets.shop.loblaws.ca/products/21431222/b3/en/front/21431222_front_a06_@2.png 2x" loading="lazy" class="chakra-image css-oguq8l" aria-hidden="true"></div><div class="css-qoklea"><div class="css-12dchmx"></div><div data-testid="price-product-tile" class="css-8atqhb"><p class="chakra-text css-0"><span class="chakra-text css-pwnbcb" data-testid="regular-price"><span class="css-idkz9h">$2.99</span>$2.99</span></p></div><a href="/whole-wheat-dinner-roll/p/21431222_EA?source=nspt" class="chakra-linkbox__overlay css-1hnz6hu"><div class="css-0"><p class="chakra-text css-1ecdp9w" data-testid="product-brand">No Name</p><h3 class="chakra-heading css-6qrhwc" id="21431222_EA" data-testid="product-title">Whole Wheat Dinner Roll</h3><p class="chakra-text css-1yftjin" data-testid="product-package-size">420 g, $0.71/100g</p></div></a><div class="css-8keand"></div></div><div class="css-1q5omjq"><div class="css-fcebb8"><div data-testid="atc-compact" class="css-y94ivq" style="width: 45px;"><button type="button" class="chakra-button css-mudsm6" data-testid="atc-button"><svg stroke="currentColor" fill="currentColor" stroke-width="0" viewBox="0 0 24 24" focusable="false" class="chakra-icon css-1g3sp7a" data-testid="btn-icon" aria-hidden="true" height="1em" width="1em" xmlns="http://www.w3.org/2000/svg"><path d="M19 13h-6v6h-2v-6H5v-2h6V5h2v6h6v2z"></path></svg><span class="css-idkz9h">Add Whole Wheat Dinner Roll to cart</span></button></div></div><div class="css-4saf4a"><p class="chakra-text css-py8788" data-testid="inventory-badge-text">Low Stock</p></div></div></div></div></div><div class="css-0"><div class="css-f5i5wc"><div class="chakra-linkbox css-vhnn8v"><div data-testid="product-image" class="css-16dr4ly"><img alt="Villaggio Toscana Extra Soft Hamburger Buns 528 g, $0.85/100g" src="https://assets.shop.loblaws.ca/products/21285577/b3/en/front/21285577_front_a06_@2.png" srcset="https://assets.shop.loblaws.ca/products/21285577/b3/en/front/21285577_front_a06_@2.png 1x, https://assets.shop.loblaws.ca/products/21285577/b3/en/front/21285577_front_a06_@2.png 2x" loading="lazy" class="chakra-image css-oguq8l" aria-hidden="true"></div><div class="css-qoklea"><div class="css-12dchmx"></div><div data-testid="price-product-tile" class="css-8atqhb"><p class="chakra-text css-0"><span class="chakra-text css-pwnbcb" data-testid="regular-price"><span class="css-idkz9h">$4.49</span>$4.49</span></p></div><a href="/toscana-extra-soft-hamburger-buns/p/21285577_EA?source=nspt" class="chakra-linkbox__overlay css-1hnz6hu"><div class="css-0"><p class="chakra-text css-1ecdp9w" data-testid="product-brand">Villaggio</p><h3 class="chakra-heading css-6qrhwc" id="21285577_EA" data-testid="product-title">Toscana Extra Soft Hamburger Buns</h3><p class="chakra-text css-1yftjin" data-testid="product-package-size">528 g, $0.85/100g</p></div></a><div class="css-8keand"></div></div><div class="css-1q5omjq"><div class="css-fcebb8"><div data-testid="atc-compact" class="css-y94ivq" style="width: 45px;"><button type="button" class="chakra-button css-mudsm6" data-testid="atc-button"><svg stroke="currentColor" fill="currentColor" stroke-width="0" viewBox="0 0 24 24" focusable="false" class="chakra-icon css-1g3sp7a" data-testid="btn-icon" aria-hidden="true" height="1em" width="1em" xmlns="http://www.w3.org/2000/svg"><path d="M19 13h-6v6h-2v-6H5v-2h6V5h2v6h6v2z"></path></svg><span class="css-idkz9h">Add Toscana Extra Soft Hamburger Buns to cart</span></button></div></div></div></div></div></div><div class="css-0"><div class="css-f5i5wc"><div class="chakra-linkbox css-vhnn8v"><div data-testid="product-image" class="css-16dr4ly"><img alt="Villa Di Manno Submarine Roll, 8&quot; 6x112.0 g, $0.52/100g" src="https://assets.shop.loblaws.ca/products/20012168/b3/en/front/20012168_front_a06_@2.png" srcset="https://assets.shop.loblaws.ca/products/20012168/b3/en/front/20012168_front_a06_@2.png 1x, https://assets.shop.loblaws.ca/products/20012168/b3/en/front/20012168_front_a06_@2.png 2x" loading="lazy" class="chakra-image css-oguq8l" aria-hidden="true"></div><div class="css-qoklea"><div class="css-12dchmx"></div><div data-testid="price-product-tile" class="css-8atqhb"><p class="chakra-text css-0"><span class="chakra-text css-pwnbcb" data-testid="regular-price"><span class="css-idkz9h">$3.49</span>$3.49</span></p></div><a href="/submarine-roll-8/p/20012168_EA?source=nspt" class="chakra-linkbox__overlay css-1hnz6hu"><div class="css-0"><p class="chakra-text css-1ecdp9w" data-testid="product-brand">Villa Di Manno</p><h3 class="chakra-heading css-6qrhwc" id="20012168_EA" data-testid="product-title">Submarine Roll, 8"</h3><p class="chakra-text css-1yftjin" data-testid="product-package-size">6x112.0 g, $0.52/100g</p></div></a><div class="css-8keand"></div></div><div class="css-1q5omjq"><div class="css-fcebb8"><div data-testid="atc-compact" class="css-y94ivq" style="width: 45px;"><button type="button" class="chakra-button css-mudsm6" data-testid="atc-button"><svg stroke="currentColor" fill="currentColor" stroke-width="0" viewBox="0 0 24 24" focusable="false" class="chakra-icon css-1g3sp7a" data-testid="btn-icon" aria-hidden="true" height="1em" width="1em" xmlns="http://www.w3.org/2000/svg"><path d="M19 13h-6v6h-2v-6H5v-2h6V5h2v6h6v2z"></path></svg><span class="css-idkz9h">Add Submarine Roll, 8" to cart</span></button></div></div></div></div></div></div><div class="css-0"><div class="css-f5i5wc"><div class="chakra-linkbox css-vhnn8v"><div data-testid="product-image" class="css-16dr4ly"><img alt="Villa Di Manno Vdm Crusty Italian Panini 12'S 900 g, $0.61/100g" srcset="undefined 1x, undefined 2x" loading="lazy" class="chakra-image css-oguq8l" aria-hidden="true"></div><div class="css-qoklea"><div class="css-12dchmx"></div><div data-testid="price-product-tile" class="css-8atqhb"><p class="chakra-text css-0"><span class="chakra-text css-pwnbcb" data-testid="regular-price"><span class="css-idkz9h">$5.49</span>$5.49</span></p></div><a href="/vdm-crusty-italian-panini-12-s/p/20379300_EA?source=nspt" class="chakra-linkbox__overlay css-1hnz6hu"><div class="css-0"><p class="chakra-text css-1ecdp9w" data-testid="product-brand">Villa Di Manno</p><h3 class="chakra-heading css-6qrhwc" id="20379300_EA" data-testid="product-title">Vdm Crusty Italian Panini 12'S</h3><p class="chakra-text css-1yftjin" data-testid="product-package-size">900 g, $0.61/100g</p></div></a><div class="css-8keand"></div></div><div class="css-1q5omjq"><div class="css-fcebb8"><div data-testid="atc-compact" class="css-y94ivq" style="width: 45px;"><button type="button" class="chakra-button css-mudsm6" data-testid="atc-button"><svg stroke="currentColor" fill="currentColor" stroke-width="0" viewBox="0 0 24 24" focusable="false" class="chakra-icon css-1g3sp7a" data-testid="btn-icon" aria-hidden="true" height="1em" width="1em" xmlns="http://www.w3.org/2000/svg"><path d="M19 13h-6v6h-2v-6H5v-2h6V5h2v6h6v2z"></path></svg><span class="css-idkz9h">Add Vdm Crusty Italian Panini 12'S to cart</span></button></div></div></div></div></div></div><div class="css-0"><div class="css-f5i5wc"><div class="chakra-linkbox css-vhnn8v"><div data-testid="product-image" class="css-16dr4ly"><img alt="ACE Bocata Ronda 640 g, $1.05/100g" src="https://assets.shop.loblaws.ca/products/21596345/b3/en/front/21596345_front_a06_@2.png" srcset="https://assets.shop.loblaws.ca/products/21596345/b3/en/front/21596345_front_a06_@2.png 1x, https://assets.shop.loblaws.ca/products/21596345/b3/en/front/21596345_front_a06_@2.png 2x" loading="lazy" class="chakra-image css-oguq8l" aria-hidden="true"></div><div class="css-qoklea"><div class="css-12dchmx"><div class="chakra-badge css-34x0wr" data-testid="product-badge"><div class="css-u4p24i">New</div></div></div><div data-testid="price-product-tile" class="css-8atqhb"><p class="chakra-text css-0"><span class="chakra-text css-pwnbcb" data-testid="regular-price"><span class="css-idkz9h">$6.69</span>$6.69</span></p></div><a href="/bocata-ronda/p/21596345_EA?source=nspt" class="chakra-linkbox__overlay css-1hnz6hu"><div class="css-0"><p class="chakra-text css-1ecdp9w" data-testid="product-brand">ACE</p><h3 class="chakra-heading css-6qrhwc" id="21596345_EA" data-testid="product-title">Bocata Ronda</h3><p class="chakra-text css-1yftjin" data-testid="product-package-size">640 g, $1.05/100g</p></div></a><div class="css-8keand"></div></div><div class="css-1q5omjq"><div class="css-fcebb8"><div data-testid="atc-compact" class="css-y94ivq" style="width: 45px;"><button type="button" class="chakra-button css-mudsm6" data-testid="atc-button"><svg stroke="currentColor" fill="currentColor" stroke-width="0" viewBox="0 0 24 24" focusable="false" class="chakra-icon css-1g3sp7a" data-testid="btn-icon" aria-hidden="true" height="1em" width="1em" xmlns="http://www.w3.org/2000/svg"><path d="M19 13h-6v6h-2v-6H5v-2h6V5h2v6h6v2z"></path></svg><span class="css-idkz9h">Add Bocata Ronda to cart</span></button></div></div><div class="css-4saf4a"><p class="chakra-text css-py8788" data-testid="inventory-badge-text">Low Stock</p></div></div></div></div></div><div class="css-0"><div class="css-f5i5wc"><div class="chakra-linkbox css-vhnn8v"><div data-testid="product-image" class="css-16dr4ly"><img alt="ACE Classic Gourmet Bun 296 g, $1.52/100g" src="https://assets.shop.loblaws.ca/products/21596226/b3/en/front/21596226_front_a06_@2.png" srcset="https://assets.shop.loblaws.ca/products/21596226/b3/en/front/21596226_front_a06_@2.png 1x, https://assets.shop.loblaws.ca/products/21596226/b3/en/front/21596226_front_a06_@2.png 2x" loading="lazy" class="chakra-image css-oguq8l" aria-hidden="true"></div><div class="css-qoklea"><div class="css-12dchmx"><div class="chakra-badge css-34x0wr" data-testid="product-badge"><div class="css-u4p24i">New</div></div></div><div data-testid="price-product-tile" class="css-8atqhb"><p class="chakra-text css-0"><span class="chakra-text css-pwnbcb" data-testid="regular-price"><span class="css-idkz9h">$4.49</span>$4.49</span></p></div><a href="/classic-gourmet-bun/p/21596226_EA?source=nspt" class="chakra-linkbox__overlay css-1hnz6hu"><div class="css-0"><p class="chakra-text css-1ecdp9w" data-testid="product-brand">ACE</p><h3 class="chakra-heading css-6qrhwc" id="21596226_EA" data-testid="product-title">Classic Gourmet Bun</h3><p class="chakra-text css-1yftjin" data-testid="product-package-size">296 g, $1.52/100g</p></div></a><div class="css-8keand"></div></div><div class="css-1q5omjq"><div class="css-fcebb8"><div data-testid="atc-compact" class="css-y94ivq" style="width: 45px;"><button type="button" class="chakra-button css-mudsm6" data-testid="atc-button"><svg stroke="currentColor" fill="currentColor" stroke-width="0" viewBox="0 0 24 24" focusable="false" class="chakra-icon css-1g3sp7a" data-testid="btn-icon" aria-hidden="true" height="1em" width="1em" xmlns="http://www.w3.org/2000/svg"><path d="M19 13h-6v6h-2v-6H5v-2h6V5h2v6h6v2z"></path></svg><span class="css-idkz9h">Add Classic Gourmet Bun to cart</span></button></div></div></div></div></div></div><div class="css-0"><div class="css-f5i5wc"><div class="chakra-linkbox css-vhnn8v"><div data-testid="product-image" class="css-16dr4ly"><img alt="Old Mill Dinner Rolls, Whole Wheat 855 g, $0.47/100g" src="https://assets.shop.loblaws.ca/products/20807809/b3/en/front/20807809_front_a06_@2.png" srcset="https://assets.shop.loblaws.ca/products/20807809/b3/en/front/20807809_front_a06_@2.png 1x, https://assets.shop.loblaws.ca/products/20807809/b3/en/front/20807809_front_a06_@2.png 2x" loading="lazy" class="chakra-image css-oguq8l" aria-hidden="true"></div><div class="css-qoklea"><div class="css-12dchmx"></div><div data-testid="price-product-tile" class="css-8atqhb"><p class="chakra-text css-0"><span class="chakra-text css-pwnbcb" data-testid="regular-price"><span class="css-idkz9h">$3.99</span>$3.99</span></p></div><a href="/dinner-rolls-whole-wheat/p/20807809_EA?source=nspt" class="chakra-linkbox__overlay css-1hnz6hu"><div class="css-0"><p class="chakra-text css-1ecdp9w" data-testid="product-brand">Old Mill</p><h3 class="chakra-heading css-6qrhwc" id="20807809_EA" data-testid="product-title">Dinner Rolls, Whole Wheat</h3><p class="chakra-text css-1yftjin" data-testid="product-package-size">855 g, $0.47/100g</p></div></a><div class="css-8keand"></div></div><div class="css-1q5omjq"><div class="css-fcebb8"><div data-testid="atc-compact" class="css-y94ivq" style="width: 45px;"><button disabled="" type="button" class="chakra-button css-mudsm6" data-testid="atc-button"><svg stroke="currentColor" fill="currentColor" stroke-width="0" viewBox="0 0 24 24" focusable="false" class="chakra-icon css-1g3sp7a" data-testid="btn-icon" aria-hidden="true" height="1em" width="1em" xmlns="http://www.w3.org/2000/svg"><path d="M19 13h-6v6h-2v-6H5v-2h6V5h2v6h6v2z"></path></svg><span class="css-idkz9h">Add Dinner Rolls, Whole Wheat to cart</span></button></div></div><div class="css-4saf4a"><p class="chakra-text css-py8788" data-testid="inventory-badge-text">Out of Stock</p></div></div></div></div></div><div class="css-0"><div class="css-f5i5wc"><div class="chakra-linkbox css-vhnn8v"><div data-testid="product-image" class="css-16dr4ly"><img alt="Villa Di Manno Vdm Roll Kaiser 6x18.0 g, $3.23/100g" srcset="undefined 1x, undefined 2x" loading="lazy" class="chakra-image css-oguq8l" aria-hidden="true"></div><div class="css-qoklea"><div class="css-12dchmx"></div><div data-testid="price-product-tile" class="css-8atqhb"><p class="chakra-text css-0"><span class="chakra-text css-pwnbcb" data-testid="regular-price"><span class="css-idkz9h">$3.49</span>$3.49</span></p></div><a href="/vdm-roll-kaiser/p/20103530_EA?source=nspt" class="chakra-linkbox__overlay css-1hnz6hu"><div class="css-0"><p class="chakra-text css-1ecdp9w" data-testid="product-brand">Villa Di Manno</p><h3 class="chakra-heading css-6qrhwc" id="20103530_EA" data-testid="product-title">Vdm Roll Kaiser</h3><p class="chakra-text css-1yftjin" data-testid="product-package-size">6x18.0 g, $3.23/100g</p></div></a><div class="css-8keand"></div></div><div class="css-1q5omjq"><div class="css-fcebb8"><div data-testid="atc-compact" class="css-y94ivq" style="width: 45px;"><button type="button" class="chakra-button css-mudsm6" data-testid="atc-button"><svg stroke="currentColor" fill="currentColor" stroke-width="0" viewBox="0 0 24 24" focusable="false" class="chakra-icon css-1g3sp7a" data-testid="btn-icon" aria-hidden="true" height="1em" width="1em" xmlns="http://www.w3.org/2000/svg"><path d="M19 13h-6v6h-2v-6H5v-2h6V5h2v6h6v2z"></path></svg><span class="css-idkz9h">Add Vdm Roll Kaiser to cart</span></button></div></div></div></div></div></div></div><div data-testid="product-grid" class="css-epcqr3"><div class="css-0"><div class="css-f5i5wc"><div class="chakra-linkbox css-vhnn8v"><div data-testid="product-image" class="css-16dr4ly"><img alt="Dempster Hamburger Original Buns, 8 Pack 400 g, $0.90/100g" src="https://assets.shop.loblaws.ca/products/21311479/b3/en/front/21311479_front_a06_@2.png" srcset="https://assets.shop.loblaws.ca/products/21311479/b3/en/front/21311479_front_a06_@2.png 1x, https://assets.shop.loblaws.ca/products/21311479/b3/en/front/21311479_front_a06_@2.png 2x" loading="lazy" class="chakra-image css-oguq8l" aria-hidden="true"></div><div class="css-qoklea"><div class="css-12dchmx"></div><div data-testid="price-product-tile" class="css-8atqhb"><p class="chakra-text css-0"><span class="chakra-text css-pwnbcb" data-testid="regular-price"><span class="css-idkz9h">$3.59</span>$3.59</span></p></div><a href="/hamburger-original-buns-8-pack/p/21311479_EA?source=nspt" class="chakra-linkbox__overlay css-1hnz6hu"><div class="css-0"><p class="chakra-text css-1ecdp9w" data-testid="product-brand">Dempster</p><h3 class="chakra-heading css-6qrhwc" id="21311479_EA" data-testid="product-title">Hamburger Original Buns, 8 Pack</h3><p class="chakra-text css-1yftjin" data-testid="product-package-size">400 g, $0.90/100g</p></div></a><div class="css-8keand"></div></div><div class="css-1q5omjq"><div class="css-fcebb8"><div data-testid="atc-compact" class="css-y94ivq" style="width: 45px;"><button type="button" class="chakra-button css-mudsm6" data-testid="atc-button"><svg stroke="currentColor" fill="currentColor" stroke-width="0" viewBox="0 0 24 24" focusable="false" class="chakra-icon css-1g3sp7a" data-testid="btn-icon" aria-hidden="true" height="1em" width="1em" xmlns="http://www.w3.org/2000/svg"><path d="M19 13h-6v6h-2v-6H5v-2h6V5h2v6h6v2z"></path></svg><span class="css-idkz9h">Add Hamburger Original Buns, 8 Pack to cart</span></button></div></div></div></div></div></div><div class="css-0"><div class="css-f5i5wc"><div class="chakra-linkbox css-vhnn8v"><div data-testid="product-image" class="css-16dr4ly"><img alt="No Name White Dinner Roll 420 g, $0.71/100g" src="https://assets.shop.loblaws.ca/products/21431228/b3/en/front/21431228_front_a06_@2.png" srcset="https://assets.shop.loblaws.ca/products/21431228/b3/en/front/21431228_front_a06_@2.png 1x, https://assets.shop.loblaws.ca/products/21431228/b3/en/front/21431228_front_a06_@2.png 2x" loading="lazy" class="chakra-image css-oguq8l" aria-hidden="true"></div><div class="css-qoklea"><div class="css-12dchmx"></div><div data-testid="price-product-tile" class="css-8atqhb"><p class="chakra-text css-0"><span class="chakra-text css-pwnbcb" data-testid="regular-price"><span class="css-idkz9h">$2.99</span>$2.99</span></p></div><a href="/white-dinner-roll/p/21431228_EA?source=nspt" class="chakra-linkbox__overlay css-1hnz6hu"><div class="css-0"><p class="chakra-text css-1ecdp9w" data-testid="product-brand">No Name</p><h3 class="chakra-heading css-6qrhwc" id="21431228_EA" data-testid="product-title">White Dinner Roll</h3><p class="chakra-text css-1yftjin" data-testid="product-package-size">420 g, $0.71/100g</p></div></a><div class="css-8keand"></div></div><div class="css-1q5omjq"><div class="css-fcebb8"><div data-testid="atc-compact" class="css-y94ivq" style="width: 45px;"><button type="button" class="chakra-button css-mudsm6" data-testid="atc-button"><svg stroke="currentColor" fill="currentColor" stroke-width="0" viewBox="0 0 24 24" focusable="false" class="chakra-icon css-1g3sp7a" data-testid="btn-icon" aria-hidden="true" height="1em" width="1em" xmlns="http://www.w3.org/2000/svg"><path d="M19 13h-6v6h-2v-6H5v-2h6V5h2v6h6v2z"></path></svg><span class="css-idkz9h">Add White Dinner Roll to cart</span></button></div></div><div class="css-4saf4a"><p class="chakra-text css-py8788" data-testid="inventory-badge-text">Low Stock</p></div></div></div></div></div><div class="css-0"><div class="css-f5i5wc"><div class="chakra-linkbox css-vhnn8v"><div data-testid="product-image" class="css-16dr4ly"><img alt="ACE Classic Gourmet Sausage Buns 340 g, $1.32/100g" src="https://assets.shop.loblaws.ca/products/21025441/b3/en/front/21025441_front_a06_@2.png" srcset="https://assets.shop.loblaws.ca/products/21025441/b3/en/front/21025441_front_a06_@2.png 1x, https://assets.shop.loblaws.ca/products/21025441/b3/en/front/21025441_front_a06_@2.png 2x" loading="lazy" class="chakra-image css-oguq8l" aria-hidden="true"></div><div class="css-qoklea"><div class="css-12dchmx"></div><div data-testid="price-product-tile" class="css-8atqhb"><p class="chakra-text css-0"><span class="chakra-text css-pwnbcb" data-testid="regular-price"><span class="css-idkz9h">$4.49</span>$4.49</span></p></div><a href="/classic-gourmet-sausage-buns/p/21025441_EA?source=nspt" class="chakra-linkbox__overlay css-1hnz6hu"><div class="css-0"><p class="chakra-text css-1ecdp9w" data-testid="product-brand">ACE</p><h3 class="chakra-heading css-6qrhwc" id="21025441_EA" data-testid="product-title">Classic Gourmet Sausage Buns</h3><p class="chakra-text css-1yftjin" data-testid="product-package-size">340 g, $1.32/100g</p></div></a><div class="css-8keand"></div></div><div class="css-1q5omjq"><div class="css-fcebb8"><div data-testid="atc-compact" class="css-y94ivq" style="width: 45px;"><button disabled="" type="button" class="chakra-button css-mudsm6" data-testid="atc-button"><svg stroke="currentColor" fill="currentColor" stroke-width="0" viewBox="0 0 24 24" focusable="false" class="chakra-icon css-1g3sp7a" data-testid="btn-icon" aria-hidden="true" height="1em" width="1em" xmlns="http://www.w3.org/2000/svg"><path d="M19 13h-6v6h-2v-6H5v-2h6V5h2v6h6v2z"></path></svg><span class="css-idkz9h">Add Classic Gourmet Sausage Buns to cart</span></button></div></div><div class="css-4saf4a"><p class="chakra-text css-py8788" data-testid="inventory-badge-text">Out of Stock</p></div></div></div></div></div><div class="css-0"><div class="css-f5i5wc"><div class="chakra-linkbox css-vhnn8v"><div data-testid="product-image" class="css-16dr4ly"><img alt="ACE Ciabatta Piccola 840 g, $0.80/100g" src="https://assets.shop.loblaws.ca/products/21596355/b3/en/front/21596355_front_a06_@2.png" srcset="https://assets.shop.loblaws.ca/products/21596355/b3/en/front/21596355_front_a06_@2.png 1x, https://assets.shop.loblaws.ca/products/21596355/b3/en/front/21596355_front_a06_@2.png 2x" loading="lazy" class="chakra-image css-oguq8l" aria-hidden="true"></div><div class="css-qoklea"><div class="css-12dchmx"><div class="chakra-badge css-34x0wr" data-testid="product-badge"><div class="css-u4p24i">New</div></div></div><div data-testid="price-product-tile" class="css-8atqhb"><p class="chakra-text css-0"><span class="chakra-text css-pwnbcb" data-testid="regular-price"><span class="css-idkz9h">$6.69</span>$6.69</span></p></div><a href="/ciabatta-piccola/p/21596355_EA?source=nspt" class="chakra-linkbox__overlay css-1hnz6hu"><div class="css-0"><p class="chakra-text css-1ecdp9w" data-testid="product-brand">ACE</p><h3 class="chakra-heading css-6qrhwc" id="21596355_EA" data-testid="product-title">Ciabatta Piccola</h3><p class="chakra-text css-1yftjin" data-testid="product-package-size">840 g, $0.80/100g</p></div></a><div class="css-8keand"></div></div><div class="css-1q5omjq"><div class="css-fcebb8"><div data-testid="atc-compact" class="css-y94ivq" style="width: 45px;"><button disabled="" type="button" class="chakra-button css-mudsm6" data-testid="atc-button"><svg stroke="currentColor" fill="currentColor" stroke-width="0" viewBox="0 0 24 24" focusable="false" class="chakra-icon css-1g3sp7a" data-testid="btn-icon" aria-hidden="true" height="1em" width="1em" xmlns="http://www.w3.org/2000/svg"><path d="M19 13h-6v6h-2v-6H5v-2h6V5h2v6h6v2z"></path></svg><span class="css-idkz9h">Add Ciabatta Piccola to cart</span></button></div></div><div class="css-4saf4a"><p class="chakra-text css-py8788" data-testid="inventory-badge-text">Out of Stock</p></div></div></div></div></div></div>