[
    {
        "id": 1,
        "name": "Salted Butter",
        "price": "454 g, $1.30/100g",
        "brand": "No Name",
        "image_url": "https://assets.shop.loblaws.ca/products/20325029/b3/en/front/20325029_front_a06_@2.png",
        "image_alt": "No Name Salted Butter 454 g, $1.30/100g",
        "price_product_tile": "$5.88$5.88"
    },
    {
        "id": 2,
        "name": "Salted Butter",
        "price": "454 g, $1.76/100g",
        "brand": "Gay Lea",
        "image_url": "https://assets.shop.loblaws.ca/products/20559408/b3/en/front/20559408_front_a06_@2.png",
        "image_alt": "Gay Lea Salted Butter 454 g, $1.76/100g",
        "price_product_tile": "$7.99$7.99"
    },
    {
        "id": 3,
        "name": "Unsalted Butter",
        "price": "454 g, $1.30/100g",
        "brand": "No Name",
        "image_url": "https://assets.shop.loblaws.ca/products/20316543002/b3/en/front/20316543002_front_a06_@2.png",
        "image_alt": "No Name Unsalted Butter 454 g, $1.30/100g",
        "price_product_tile": "$5.88$5.88"
    },
    {
        "id": 4,
        "name": "Margarine Spread",
        "price": "427 g, $0.44/100g",
        "brand": "I Can't Believe It's Not Butter!",
        "image_url": "https://assets.shop.loblaws.ca/products/20061949001/b3/en/front/20061949001_front_a06_@2.png",
        "image_alt": "I Can't Believe It's Not Butter! Margarine Spread 427 g, $0.44/100g",
        "price_product_tile": "$1.89$1.89$3.49$3.49SAVE $1.60"
    },
    {
        "id": 5,
        "name": "Salted Butter",
        "price": "454 g, $1.83/100g",
        "brand": "Lactantia",
        "image_url": "https://assets.shop.loblaws.ca/products/20639926/b3/en/front/20639926_front_a06_@2.png",
        "image_alt": "Lactantia Salted Butter  454 g, $1.83/100g",
        "price_product_tile": "$8.29$8.29"
    },
    {
        "id": 6,
        "name": "Unsalted Butter",
        "price": "454 g, $1.76/100g",
        "brand": "Gay Lea",
        "image_url": "https://assets.shop.loblaws.ca/products/20559466/b3/en/front/20559466_front_a06_@2.png",
        "image_alt": "Gay Lea Unsalted Butter 454 g, $1.76/100g",
        "price_product_tile": "$7.99$7.99"
    },
    {
        "id": 7,
        "name": "Margarine Original",
        "price": "850 g, $0.94/100g",
        "brand": "Becel",
        "image_url": "https://assets.shop.loblaws.ca/products/20297818002/b3/en/front/20297818002_front_a06_@2.png",
        "image_alt": "Becel Margarine Original 850 g, $0.94/100g",
        "price_product_tile": "$7.99$7.99$8.99$8.99SAVE $1.00"
    },
    {
        "id": 8,
        "name": "Margarine Original",
        "price": "427 g, $1.17/100g",
        "brand": "Becel",
        "image_url": "https://assets.shop.loblaws.ca/products/20322707001/b3/en/front/20322707001_front_a06_@2.png",
        "image_alt": "Becel Margarine Original 427 g, $1.17/100g",
        "price_product_tile": "$4.99$4.99"
    },
    {
        "id": 9,
        "name": "Margarine with Olive Oil",
        "price": "850 g, $0.94/100g",
        "brand": "Becel",
        "image_url": "https://assets.shop.loblaws.ca/products/21279389/b3/en/front/21279389_front_a06_@2.png",
        "image_alt": "Becel Margarine with Olive Oil 850 g, $0.94/100g",
        "price_product_tile": "$7.99$7.99$8.99$8.99SAVE $1.00"
    },
    {
        "id": 10,
        "name": "Salted Butter Sticks, 4 units",
        "price": "4x113.0 g, $1.88/100g",
        "brand": "Lactantia",
        "image_url": "https://assets.shop.loblaws.ca/products/20315960/b3/en/front/20315960_front_a06_@2.png",
        "image_alt": "Lactantia Salted Butter Sticks, 4 units 4x113.0 g, $1.88/100g",
        "price_product_tile": "$8.49$8.49$8.99$8.99SAVE $0.50"
    },
    {
        "id": 11,
        "name": "Margarine with Olive Oil",
        "price": "427 g, $1.17/100g",
        "brand": "Becel",
        "image_url": "https://assets.shop.loblaws.ca/products/21279391/b3/en/front/21279391_front_a06_@2.png",
        "image_alt": "Becel Margarine with Olive Oil 427 g, $1.17/100g",
        "price_product_tile": "$4.99$4.99"
    },
    {
        "id": 12,
        "name": "Country Churned Salted Butter",
        "price": "454 g, $1.69/100g",
        "brand": "President's Choice",
        "image_url": "https://assets.shop.loblaws.ca/products/20313456002/b3/en/front/20313456002_front_a06_@2.png",
        "image_alt": "President's Choice Country Churned Salted Butter 454 g, $1.69/100g",
        "price_product_tile": "$7.69$7.69"
    },
    {
        "id": 13,
        "name": "Margarine Club Pack",
        "price": "1.275 kg, $0.71/100g",
        "brand": "Imperial",
        "image_url": "https://assets.shop.loblaws.ca/products/20084892/b3/en/front/20084892_front_a06_@2.png",
        "image_alt": "Imperial Margarine Club Pack 1.275 kg, $0.71/100g",
        "price_product_tile": "$8.99$8.99"
    },
    {
        "id": 14,
        "name": "Country Churned Unsalted Butter",
        "price": "454 g, $1.69/100g",
        "brand": "President's Choice",
        "image_url": "https://assets.shop.loblaws.ca/products/20313456001/b3/en/front/20313456001_front_a06_@2.png",
        "image_alt": "President's Choice Country Churned Unsalted Butter  454 g, $1.69/100g",
        "price_product_tile": "$7.69$7.69"
    },
    {
        "id": 15,
        "name": "Unsalted Butter",
        "price": "454 g, $1.83/100g",
        "brand": "Lactantia",
        "image_url": "https://assets.shop.loblaws.ca/products/20296112005/b3/en/front/20296112005_front_a06_@2.png",
        "image_alt": "Lactantia Unsalted Butter  454 g, $1.83/100g",
        "price_product_tile": "$8.29$8.29"
    },
    {
        "id": 16,
        "name": "Margarine Vegan",
        "price": "850 g, $0.94/100g",
        "brand": "Becel",
        "image_url": "https://assets.shop.loblaws.ca/products/21279333/b3/en/front/21279333_front_a06_@2.png",
        "image_alt": "Becel Margarine Vegan 850 g, $0.94/100g",
        "price_product_tile": "$7.99$7.99$8.99$8.99SAVE $1.00"
    },
    {
        "id": 17,
        "name": "My Country Unsalted Butter Sticks, 4 units",
        "price": "4x113.5 g, $1.87/100g",
        "brand": "Lactantia",
        "image_url": "https://assets.shop.loblaws.ca/products/20056675/b3/en/front/20056675_front_a06_@2.png",
        "image_alt": "Lactantia My Country Unsalted Butter Sticks, 4 units  4x113.5 g, $1.87/100g",
        "price_product_tile": "$8.49$8.49$8.99$8.99SAVE $0.50"
    },
    {
        "id": 18,
        "name": "Spreadables Butter With Canola Oil",
        "price": "227 g, $2.64/100g",
        "brand": "Gay Lea",
        "image_url": "https://assets.shop.loblaws.ca/products/20119926002/b3/en/front/20119926002_front_a06_@2.png",
        "image_alt": "Gay Lea Spreadables Butter With Canola Oil 227 g, $2.64/100g",
        "price_product_tile": "$5.99$5.99"
    },
    {
        "id": 19,
        "name": "Blue Menu Margarine with Olive Oil",
        "price": "907 g, $0.64/100g",
        "brand": "PC Blue Menu",
        "image_url": "https://assets.shop.loblaws.ca/products/20604430/b3/en/front/20604430_front_a06_@2.png",
        "image_alt": "PC Blue Menu Blue Menu Margarine with Olive Oil 907 g, $0.64/100g",
        "price_product_tile": "$5.79$5.79"
    },
    {
        "id": 20,
        "name": "Garlic & Proven\u00e7al Herb Butter",
        "price": "125 g, $3.35/100g",
        "brand": "Lactantia",
        "image_url": "https://assets.shop.loblaws.ca/products/20106744/b3/en/front/20106744_front_a06_@2.png",
        "image_alt": "Lactantia Garlic & Proven\u00e7al Herb Butter  125 g, $3.35/100g",
        "price_product_tile": "$4.19$4.19"
    },
    {
        "id": 21,
        "name": "55% Vegetable Oil Margarine",
        "price": "637 g, $0.94/100g",
        "brand": "Imperial",
        "image_url": "https://assets.shop.loblaws.ca/products/21535351/b3/en/front/21535351_front_a06_@2.png",
        "image_alt": "Imperial 55% Vegetable Oil Margarine  637 g, $0.94/100g",
        "price_product_tile": "$5.99$5.99"
    },
    {
        "id": 22,
        "name": "Margarine Unsalted Plant-Based Sticks",
        "price": "454 g, $1.10/100g",
        "brand": "Becel",
        "image_url": "https://assets.shop.loblaws.ca/products/21088940/b3/en/front/21088940_front_a06_@2.png",
        "image_alt": "Becel Margarine Unsalted Plant-Based Sticks 454 g, $1.10/100g",
        "price_product_tile": "$4.99$4.99"
    },
    {
        "id": 23,
        "name": "Margarine with Avocado Oil",
        "price": "850 g, $0.94/100g",
        "brand": "Becel",
        "image_url": "https://assets.shop.loblaws.ca/products/21044725/b3/en/front/21044725_front_a06_@2.png",
        "image_alt": "Becel Margarine with Avocado Oil 850 g, $0.94/100g",
        "price_product_tile": "$7.99$7.99$8.99$8.99SAVE $1.00"
    },
    {
        "id": 24,
        "name": "Calorie-Reduced Margarine Light",
        "price": "850 g, $0.94/100g",
        "brand": "Becel",
        "image_url": "https://assets.shop.loblaws.ca/products/20297818003/b3/en/front/20297818003_front_a06_@2.png",
        "image_alt": "Becel Calorie-Reduced Margarine Light 850 g, $0.94/100g",
        "price_product_tile": "$7.99$7.99$8.99$8.99SAVE $1.00"
    },
    {
        "id": 25,
        "name": "Margarine Salted Plant-Based Sticks",
        "price": "454 g, $1.10/100g",
        "brand": "Becel",
        "image_url": "https://assets.shop.loblaws.ca/products/21088919/b3/en/front/21088919_front_a06_@2.png",
        "image_alt": "Becel Margarine Salted Plant-Based Sticks 454 g, $1.10/100g",
        "price_product_tile": "$4.99$4.99"
    },
    {
        "id": 26,
        "name": "Blue Menu Original Margarine",
        "price": "907 g, $0.64/100g",
        "brand": "PC Blue Menu",
        "image_url": "https://assets.shop.loblaws.ca/products/20604565/b3/en/front/20604565_front_a06_@2.png",
        "image_alt": "PC Blue Menu Blue Menu Original Margarine 907 g, $0.64/100g",
        "price_product_tile": "$5.79$5.79"
    },
    {
        "id": 27,
        "name": "Garlic Spread",
        "price": "250 g, $1.20/100g",
        "brand": "Derlea",
        "image_url": "https://assets.shop.loblaws.ca/products/20167731/b3/en/front/20167731_front_a06_@2.png",
        "image_alt": "Derlea Garlic Spread 250 g, $1.20/100g",
        "price_product_tile": "$2.99$2.99"
    },
    {
        "id": 28,
        "name": "Buttery Taste Margarine",
        "price": "637 g, $1.25/100g",
        "brand": "Becel",
        "image_url": "https://assets.shop.loblaws.ca/products/21279362/b3/en/front/21279362_front_a06_@2.png",
        "image_alt": "Becel Buttery Taste Margarine 637 g, $1.25/100g",
        "price_product_tile": "$7.99$7.99$8.49$8.49SAVE $0.50"
    },
    {
        "id": 29,
        "name": "Margarine Quarters Value Size",
        "price": "1.36 kg, $0.66/100g",
        "brand": "Imperial",
        "image_url": "https://assets.shop.loblaws.ca/products/20164195/b3/en/front/20164195_front_a06_@2.png",
        "image_alt": "Imperial Margarine Quarters Value Size 1.36 kg, $0.66/100g",
        "price_product_tile": "$8.99$8.99"
    },
    {
        "id": 30,
        "name": "Original Spread",
        "price": "427 g, $0.93/100g",
        "brand": "COUNTRY CROCK",
        "image_url": "https://assets.shop.loblaws.ca/products/21535354/b3/en/front/21535354_front_a06_@2.png",
        "image_alt": "COUNTRY CROCK Original Spread 427 g, $0.93/100g",
        "price_product_tile": "$3.99$3.99"
    },
    {
        "id": 31,
        "name": "68% Vegetable Oil Margarine",
        "price": "907 g, $0.55/100g",
        "brand": "No Name",
        "image_url": "https://assets.shop.loblaws.ca/products/20073675/b3/en/front/20073675_front_a06_@2.png",
        "image_alt": "No Name 68% Vegetable Oil Margarine  907 g, $0.55/100g",
        "price_product_tile": "$4.99$4.99"
    },
    {
        "id": 32,
        "name": "Organics Unsalted Butter Churned",
        "price": "250 g, $2.60/100g",
        "brand": "PC Organics",
        "image_url": "https://assets.shop.loblaws.ca/products/21588696/b3/en/front/21588696_front_a06_@2.png",
        "image_alt": "PC Organics Organics Unsalted Butter Churned 250 g, $2.60/100g",
        "price_product_tile": "$6.49$6.49"
    },
    {
        "id": 33,
        "name": "Grass Fed Salted Butter",
        "price": "250 g, $3.40/100g",
        "brand": "Gay Lea",
        "image_url": "https://assets.shop.loblaws.ca/products/21361785/b3/en/front/21361785_front_a06_@2.png",
        "image_alt": "Gay Lea Grass Fed Salted Butter 250 g, $3.40/100g",
        "price_product_tile": "$8.49$8.49"
    },
    {
        "id": 34,
        "name": "Organics Salted Butter Churned",
        "price": "250 g, $2.60/100g",
        "brand": "PC Organics",
        "image_url": "https://assets.shop.loblaws.ca/products/21588708/b3/en/front/21588708_front_a06_@2.png",
        "image_alt": "PC Organics Organics Salted Butter Churned 250 g, $2.60/100g",
        "price_product_tile": "$6.49$6.49"
    },
    {
        "id": 35,
        "name": "Plant Based Butter Alternative Salted",
        "price": "454 g, $1.06/100g",
        "brand": "President's Choice",
        "image_url": "https://assets.shop.loblaws.ca/products/21381941/b3/en/front/21381941_front_a06_@2.png",
        "image_alt": "President's Choice Plant Based Butter Alternative Salted 454 g, $1.06/100g",
        "price_product_tile": "$4.79$4.79"
    },
    {
        "id": 36,
        "name": "Original Spread",
        "price": "850 g, $0.82/100g",
        "brand": "COUNTRY CROCK",
        "image_url": "https://assets.shop.loblaws.ca/products/21535355/b3/en/front/21535355_front_a06_@2.png",
        "image_alt": "COUNTRY CROCK Original Spread 850 g, $0.82/100g",
        "price_product_tile": "$6.99$6.99"
    },
    {
        "id": 37,
        "name": "Mirage Margarine",
        "price": "2.72 kg, $0.62/100g",
        "brand": "Golden Gate",
        "image_url": "https://assets.shop.loblaws.ca/products/20162225/b3/en/front/20162225_front_a06_@2.png",
        "image_alt": "Golden Gate Mirage Margarine 2.72 kg, $0.62/100g",
        "price_product_tile": "$16.99$16.99"
    },
    {
        "id": 38,
        "name": "Olivina Margarine",
        "price": "427 g, $1.17/100g",
        "brand": "Olivina",
        "image_url": "https://assets.shop.loblaws.ca/products/20249802/b3/en/front/20249802_front_a06_@2.png",
        "image_alt": "Olivina Olivina Margarine 427 g, $1.17/100g",
        "price_product_tile": "$4.99$4.99"
    },
    {
        "id": 39,
        "name": "Plant Based Butter Alternative Unsalted",
        "price": "454 g, $1.06/100g",
        "brand": "President's Choice",
        "image_url": "https://assets.shop.loblaws.ca/products/21381971/b3/en/front/21381971_front_a06_@2.png",
        "image_alt": "President's Choice Plant Based Butter Alternative Unsalted 454 g, $1.06/100g",
        "price_product_tile": "$4.79$4.79"
    },
    {
        "id": 40,
        "name": "Lactose Free Butter Unsalted",
        "price": "454 g, $1.98/100g",
        "brand": "Lactantia",
        "image_url": "https://assets.shop.loblaws.ca/products/21601712/b3/en/front/21601712_front_a06_@2.png",
        "image_alt": "Lactantia Lactose Free Butter Unsalted 454 g, $1.98/100g",
        "price_product_tile": "$8.99$8.99"
    },
    {
        "id": 41,
        "name": "Plant Based Oils Spread Salted",
        "price": "427 g, $1.17/100g",
        "brand": "Becel",
        "image_url": "https://assets.shop.loblaws.ca/products/21593578/b3/en/front/21593578_front_a06_@2.png",
        "image_alt": "Becel Plant Based Oils Spread Salted 427 g, $1.17/100g",
        "price_product_tile": "$4.99$4.99"
    },
    {
        "id": 42,
        "name": "Soy Free Buttery Spread",
        "price": "425 g, $1.60/100g",
        "brand": "Earth Balance",
        "image_url": "https://assets.shop.loblaws.ca/products/20288193/b3/en/front/20288193_front_a06_@2.png",
        "image_alt": "Earth Balance Soy Free Buttery Spread     425 g, $1.60/100g",
        "price_product_tile": "$6.79$6.79"
    },
    {
        "id": 43,
        "name": "Butter 84% Sea Salted",
        "price": "250 g, $3.40/100g",
        "brand": "Gay Lea",
        "image_url": "https://assets.shop.loblaws.ca/products/21361882/b3/en/front/21361882_front_a06_@2.png",
        "image_alt": "Gay Lea Butter 84% Sea Salted  250 g, $3.40/100g",
        "price_product_tile": "$8.49$8.49"
    },
    {
        "id": 44,
        "name": "Spreadables Light Butter With Canola Oil",
        "price": "227 g, $2.64/100g",
        "brand": "Gay Lea",
        "image_url": "https://assets.shop.loblaws.ca/products/20119926001/b3/en/front/20119926001_front_a06_@2.png",
        "image_alt": "Gay Lea Spreadables Light Butter With Canola Oil 227 g, $2.64/100g",
        "price_product_tile": "$5.99$5.99"
    },
    {
        "id": 45,
        "name": "Dairy Makhani",
        "price": "250 g, $2.80/100g",
        "brand": "Brar's",
        "image_url": "https://assets.shop.loblaws.ca/products/21029114/b3/en/front/21029114_front_a06_@2.png",
        "image_alt": "Brar's Dairy Makhani 250 g, $2.80/100g",
        "price_product_tile": "$6.99$6.99"
    },
    {
        "id": 46,
        "name": "Margarine Original",
        "price": "1.7 kg, $0.97/100g",
        "brand": "Becel",
        "image_url": "https://assets.shop.loblaws.ca/products/20023950/b3/en/front/20023950_front_a06_@2.png",
        "image_alt": "Becel Margarine Original 1.7 kg, $0.97/100g",
        "price_product_tile": "$16.49$16.49"
    },
    {
        "id": 47,
        "name": "75% Vegetable Oil Margarine",
        "price": "454 g, $0.61/100g",
        "brand": "No Name",
        "image_url": "https://assets.shop.loblaws.ca/products/20132489/b3/en/front/20132489_front_a06_@2.png",
        "image_alt": "No Name 75% Vegetable Oil Margarine 454 g, $0.61/100g",
        "price_product_tile": "$2.79$2.79"
    },
    {
        "id": 48,
        "name": "Soy Free Vegenaise",
        "price": "473 ml, $1.96/100ml",
        "brand": "Follow Your Heart",
        "image_url": "https://assets.shop.loblaws.ca/products/20908309/b3/en/front/20908309_front_a06_@2.png",
        "image_alt": "Follow Your Heart Soy Free Vegenaise 473 ml, $1.96/100ml",
        "price_product_tile": "$9.29$9.29"
    },
    {
        "id": 49,
        "name": "Margarine Spread",
        "price": "454 g, $0.61/100g",
        "brand": "No Name",
        "image_url": "https://assets.shop.loblaws.ca/products/20132206/b3/en/front/20132206_front_a06_@2.png",
        "image_alt": "No Name Margarine Spread 454 g, $0.61/100g",
        "price_product_tile": "$2.79$2.79"
    },
    {
        "id": 50,
        "name": "Non-Hydrogenated Margarine",
        "price": "1.36 kg, $0.57/100g",
        "brand": "No Name",
        "image_url": "https://assets.shop.loblaws.ca/products/20665613/b3/en/front/20665613_front_a06_@2.png",
        "image_alt": "No Name Non-Hydrogenated Margarine 1.36 kg, $0.57/100g",
        "price_product_tile": "$7.79$7.79"
    },
    {
        "id": 51,
        "name": "Original Buttery Spread",
        "price": "425 g, $1.60/100g",
        "brand": "Earth Balance",
        "image_url": "https://assets.shop.loblaws.ca/products/20323227/b3/en/front/20323227_front_a06_@2.png",
        "image_alt": "Earth Balance Original Buttery Spread 425 g, $1.60/100g",
        "price_product_tile": "$6.79$6.79"
    },
    {
        "id": 52,
        "name": "Original",
        "price": "473 ml, $1.54/100ml",
        "brand": "Vegenaise",
        "image_url": "https://assets.shop.loblaws.ca/products/20010990/b3/en/front/20010990_front_a06_@2.png",
        "image_alt": "Vegenaise Original 473 ml, $1.54/100ml",
        "price_product_tile": "$7.29$7.29"
    },
    {
        "id": 53,
        "name": "Butter Sticks, Unsalted",
        "price": "454 g, $1.83/100g",
        "brand": "Gay Lea",
        "image_url": "https://assets.shop.loblaws.ca/products/20148873002/b3/en/front/20148873002_front_a06_@2.png",
        "image_alt": "Gay Lea Butter Sticks, Unsalted 454 g, $1.83/100g",
        "price_product_tile": "$8.29$8.29"
    },
    {
        "id": 54,
        "name": "Mirage Margarine",
        "price": "907 g, $0.69/100g",
        "brand": "Golden Gate",
        "image_url": "https://assets.shop.loblaws.ca/products/20074944/b3/en/front/20074944_front_a06_@2.png",
        "image_alt": "Golden Gate Mirage Margarine 907 g, $0.69/100g",
        "price_product_tile": "$6.29$6.29$7.29$7.29SAVE $1.00"
    },
    {
        "id": 55,
        "name": "Lactose Free Butter Salted",
        "price": "454 g, $1.98/100g",
        "brand": "Lactantia",
        "image_url": "https://assets.shop.loblaws.ca/products/21601669/b3/en/front/21601669_front_a06_@2.png",
        "image_alt": "Lactantia Lactose Free Butter Salted 454 g, $1.98/100g",
        "price_product_tile": "$8.99$8.99"
    }
]