<div data-testid="product-grid" class="css-epcqr3"><div class="css-0"><div class="css-f5i5wc"><div class="chakra-linkbox css-vhnn8v"><div data-testid="product-image" class="css-16dr4ly"><img alt="Saputo Feta in Brine 200 g, $2.50/100g" src="https://assets.shop.loblaws.ca/products/20573975/b3/en/front/20573975_front_a06_@2.png" srcset="https://assets.shop.loblaws.ca/products/20573975/b3/en/front/20573975_front_a06_@2.png 1x, https://assets.shop.loblaws.ca/products/20573975/b3/en/front/20573975_front_a06_@2.png 2x" loading="lazy" class="chakra-image css-oguq8l" aria-hidden="true"></div><div class="css-qoklea"><div class="css-12dchmx"></div><div data-testid="price-product-tile" class="css-8atqhb"><p class="chakra-text css-0"><span class="chakra-text css-o93gbd" data-testid="sale-price"><span class="css-idkz9h">$5.00</span>$5.00</span><span class="chakra-text css-623q5h" data-testid="was-price"><span class="css-idkz9h">$6.99</span>$6.99</span></p><p class="chakra-text css-1m5a6y8" data-testid="price-descriptor">SAVE $1.99</p></div><a href="/feta-in-brine/p/20573975_EA?source=nspt" class="chakra-linkbox__overlay css-1hnz6hu"><div class="css-0"><p class="chakra-text css-1ecdp9w" data-testid="product-brand">Saputo</p><h3 class="chakra-heading css-6qrhwc" id="20573975_EA" data-testid="product-title">Feta in Brine</h3><p class="chakra-text css-1yftjin" data-testid="product-package-size">200 g, $2.50/100g</p></div></a><div class="css-8keand"></div></div><div class="css-1q5omjq"><div class="css-fcebb8"><div data-testid="atc-compact" class="css-y94ivq" style="width: 45px;"><button type="button" class="chakra-button css-mudsm6" data-testid="atc-button"><svg stroke="currentColor" fill="currentColor" stroke-width="0" viewBox="0 0 24 24" focusable="false" class="chakra-icon css-1g3sp7a" data-testid="btn-icon" aria-hidden="true" height="1em" width="1em" xmlns="http://www.w3.org/2000/svg"><path d="M19 13h-6v6h-2v-6H5v-2h6V5h2v6h6v2z"></path></svg><span class="css-idkz9h">Add Feta in Brine to cart</span></button></div></div><div class="css-4saf4a"><p class="chakra-text css-py8788" data-testid="inventory-badge-text">Low Stock</p></div></div></div></div></div><div class="css-0"><div class="css-f5i5wc"><div class="chakra-linkbox css-vhnn8v"><div data-testid="product-image" class="css-16dr4ly"><img alt="Boursin Herbs Garlic Cheese 150 g, $4.66/100g" src="https://assets.shop.loblaws.ca/products/20116794/b3/en/front/20116794_front_a06_@2.png" srcset="https://assets.shop.loblaws.ca/products/20116794/b3/en/front/20116794_front_a06_@2.png 1x, https://assets.shop.loblaws.ca/products/20116794/b3/en/front/20116794_front_a06_@2.png 2x" loading="lazy" class="chakra-image css-oguq8l" aria-hidden="true"></div><div class="css-qoklea"><div class="css-12dchmx"></div><div data-testid="price-product-tile" class="css-8atqhb"><p class="chakra-text css-0"><span class="chakra-text css-pwnbcb" data-testid="regular-price"><span class="css-idkz9h">$6.99</span>$6.99</span></p></div><a href="/herbs-garlic-cheese/p/20116794_EA?source=nspt" class="chakra-linkbox__overlay css-1hnz6hu"><div class="css-0"><p class="chakra-text css-1ecdp9w" data-testid="product-brand">Boursin</p><h3 class="chakra-heading css-6qrhwc" id="20116794_EA" data-testid="product-title">Herbs Garlic Cheese</h3><p class="chakra-text css-1yftjin" data-testid="product-package-size">150 g, $4.66/100g</p></div></a><div class="css-8keand"></div></div><div class="css-1q5omjq"><div class="css-fcebb8"><div data-testid="atc-compact" class="css-y94ivq" style="width: 45px;"><button type="button" class="chakra-button css-mudsm6" data-testid="atc-button"><svg stroke="currentColor" fill="currentColor" stroke-width="0" viewBox="0 0 24 24" focusable="false" class="chakra-icon css-1g3sp7a" data-testid="btn-icon" aria-hidden="true" height="1em" width="1em" xmlns="http://www.w3.org/2000/svg"><path d="M19 13h-6v6h-2v-6H5v-2h6V5h2v6h6v2z"></path></svg><span class="css-idkz9h">Add Herbs Garlic Cheese to cart</span></button></div></div></div></div></div></div><div class="css-0"><div class="css-f5i5wc"><div class="chakra-linkbox css-vhnn8v"><div data-testid="product-image" class="css-16dr4ly"><img alt="Babybel Original (6 x 20g) 120 g, $3.08/100g" src="https://assets.shop.loblaws.ca/products/20574332/b3/en/front/20574332_front_a06_@2.png" srcset="https://assets.shop.loblaws.ca/products/20574332/b3/en/front/20574332_front_a06_@2.png 1x, https://assets.shop.loblaws.ca/products/20574332/b3/en/front/20574332_front_a06_@2.png 2x" loading="lazy" class="chakra-image css-oguq8l" aria-hidden="true"></div><div class="css-qoklea"><div class="css-12dchmx"></div><div data-testid="price-product-tile" class="css-8atqhb"><p class="chakra-text css-0"><span class="chakra-text css-o93gbd" data-testid="sale-price"><span class="css-idkz9h">$3.69</span>$3.69</span><span class="chakra-text css-623q5h" data-testid="was-price"><span class="css-idkz9h">$4.99</span>$4.99</span></p><p class="chakra-text css-1m5a6y8" data-testid="price-descriptor">SAVE $1.30</p></div><a href="/original-6-x-20g/p/20574332_EA?source=nspt" class="chakra-linkbox__overlay css-1hnz6hu"><div class="css-0"><p class="chakra-text css-1ecdp9w" data-testid="product-brand">Babybel</p><h3 class="chakra-heading css-6qrhwc" id="20574332_EA" data-testid="product-title">Original (6 x 20g)</h3><p class="chakra-text css-1yftjin" data-testid="product-package-size">120 g, $3.08/100g</p></div></a><div class="css-8keand"></div></div><div class="css-1q5omjq"><div class="css-fcebb8"><div data-testid="atc-compact" class="css-y94ivq" style="width: 45px;"><button type="button" class="chakra-button css-mudsm6" data-testid="atc-button"><svg stroke="currentColor" fill="currentColor" stroke-width="0" viewBox="0 0 24 24" focusable="false" class="chakra-icon css-1g3sp7a" data-testid="btn-icon" aria-hidden="true" height="1em" width="1em" xmlns="http://www.w3.org/2000/svg"><path d="M19 13h-6v6h-2v-6H5v-2h6V5h2v6h6v2z"></path></svg><span class="css-idkz9h">Add Original (6 x 20g) to cart</span></button></div></div></div></div></div></div><div class="css-0"><div class="css-f5i5wc"><div class="chakra-linkbox css-vhnn8v"><div data-testid="product-image" class="css-16dr4ly"><img alt="President's Choice Double Cream Brie Cheese 200 g, $3.25/100g" src="https://assets.shop.loblaws.ca/products/20787327/b3/en/front/20787327_front_a06_@2.png" srcset="https://assets.shop.loblaws.ca/products/20787327/b3/en/front/20787327_front_a06_@2.png 1x, https://assets.shop.loblaws.ca/products/20787327/b3/en/front/20787327_front_a06_@2.png 2x" loading="lazy" class="chakra-image css-oguq8l" aria-hidden="true"></div><div class="css-qoklea"><div class="css-12dchmx"></div><div data-testid="price-product-tile" class="css-8atqhb"><p class="chakra-text css-0"><span class="chakra-text css-pwnbcb" data-testid="regular-price"><span class="css-idkz9h">$6.49</span>$6.49</span></p></div><a href="/double-cream-brie-cheese/p/20787327_EA?source=nspt" class="chakra-linkbox__overlay css-1hnz6hu"><div class="css-0"><p class="chakra-text css-1ecdp9w" data-testid="product-brand">President's Choice</p><h3 class="chakra-heading css-6qrhwc" id="20787327_EA" data-testid="product-title">Double Cream Brie Cheese</h3><p class="chakra-text css-1yftjin" data-testid="product-package-size">200 g, $3.25/100g</p></div></a><div class="css-8keand"></div></div><div class="css-1q5omjq"><div class="css-fcebb8"><div data-testid="atc-compact" class="css-y94ivq" style="width: 45px;"><button type="button" class="chakra-button css-mudsm6" data-testid="atc-button"><svg stroke="currentColor" fill="currentColor" stroke-width="0" viewBox="0 0 24 24" focusable="false" class="chakra-icon css-1g3sp7a" data-testid="btn-icon" aria-hidden="true" height="1em" width="1em" xmlns="http://www.w3.org/2000/svg"><path d="M19 13h-6v6h-2v-6H5v-2h6V5h2v6h6v2z"></path></svg><span class="css-idkz9h">Add Double Cream Brie Cheese to cart</span></button></div></div></div></div></div></div><div class="css-0"><div class="css-f5i5wc"><div class="chakra-linkbox css-vhnn8v"><div data-testid="product-image" class="css-16dr4ly"><img alt="PC Splendido Parmigiano Reggiano Hard Ripened Cheese Aged 24 Months 250 g, $4.60/100g" src="https://assets.shop.loblaws.ca/products/21053434/b3/en/front/21053434_front_a06_@2.png" srcset="https://assets.shop.loblaws.ca/products/21053434/b3/en/front/21053434_front_a06_@2.png 1x, https://assets.shop.loblaws.ca/products/21053434/b3/en/front/21053434_front_a06_@2.png 2x" loading="lazy" class="chakra-image css-oguq8l" aria-hidden="true"></div><div class="css-qoklea"><div class="css-12dchmx"></div><div data-testid="price-product-tile" class="css-8atqhb"><p class="chakra-text css-0"><span class="chakra-text css-pwnbcb" data-testid="regular-price"><span class="css-idkz9h">$11.49</span>$11.49</span></p></div><a href="/parmigiano-reggiano-hard-ripened-cheese-aged-24-mo/p/21053434_EA?source=nspt" class="chakra-linkbox__overlay css-1hnz6hu"><div class="css-0"><p class="chakra-text css-1ecdp9w" data-testid="product-brand">PC Splendido</p><h3 class="chakra-heading css-6qrhwc" id="21053434_EA" data-testid="product-title">Parmigiano Reggiano Hard Ripened Cheese Aged 24 Months</h3><p class="chakra-text css-1yftjin" data-testid="product-package-size">250 g, $4.60/100g</p></div></a><div class="css-8keand"></div></div><div class="css-1q5omjq"><div class="css-fcebb8"><div data-testid="atc-compact" class="css-y94ivq" style="width: 45px;"><button type="button" class="chakra-button css-mudsm6" data-testid="atc-button"><svg stroke="currentColor" fill="currentColor" stroke-width="0" viewBox="0 0 24 24" focusable="false" class="chakra-icon css-1g3sp7a" data-testid="btn-icon" aria-hidden="true" height="1em" width="1em" xmlns="http://www.w3.org/2000/svg"><path d="M19 13h-6v6h-2v-6H5v-2h6V5h2v6h6v2z"></path></svg><span class="css-idkz9h">Add Parmigiano Reggiano Hard Ripened Cheese Aged 24 Months to cart</span></button></div></div></div></div></div></div><div class="css-0"><div class="css-f5i5wc"><div class="chakra-linkbox css-vhnn8v"><div data-testid="product-image" class="css-16dr4ly"><img alt="Tre Stelle Feta Cheese Twin Pack 280 g, $2.86/100g" src="https://assets.shop.loblaws.ca/products/21100063/b3/en/front/21100063_front_a06_@2.png" srcset="https://assets.shop.loblaws.ca/products/21100063/b3/en/front/21100063_front_a06_@2.png 1x, https://assets.shop.loblaws.ca/products/21100063/b3/en/front/21100063_front_a06_@2.png 2x" loading="lazy" class="chakra-image css-oguq8l" aria-hidden="true"></div><div class="css-qoklea"><div class="css-12dchmx"></div><div data-testid="price-product-tile" class="css-8atqhb"><p class="chakra-text css-0"><span class="chakra-text css-o93gbd" data-testid="sale-price"><span class="css-idkz9h">$8.00</span>$8.00</span><span class="chakra-text css-623q5h" data-testid="was-price"><span class="css-idkz9h">$8.49</span>$8.49</span></p><p class="chakra-text css-1m5a6y8" data-testid="price-descriptor">SAVE $0.49</p></div><a href="/feta-cheese-twin-pack/p/21100063_EA?source=nspt" class="chakra-linkbox__overlay css-1hnz6hu"><div class="css-0"><p class="chakra-text css-1ecdp9w" data-testid="product-brand">Tre Stelle</p><h3 class="chakra-heading css-6qrhwc" id="21100063_EA" data-testid="product-title">Feta Cheese Twin Pack</h3><p class="chakra-text css-1yftjin" data-testid="product-package-size">280 g, $2.86/100g</p></div></a><div class="css-8keand"></div></div><div class="css-1q5omjq"><div class="css-fcebb8"><div data-testid="atc-compact" class="css-y94ivq" style="width: 45px;"><button type="button" class="chakra-button css-mudsm6" data-testid="atc-button"><svg stroke="currentColor" fill="currentColor" stroke-width="0" viewBox="0 0 24 24" focusable="false" class="chakra-icon css-1g3sp7a" data-testid="btn-icon" aria-hidden="true" height="1em" width="1em" xmlns="http://www.w3.org/2000/svg"><path d="M19 13h-6v6h-2v-6H5v-2h6V5h2v6h6v2z"></path></svg><span class="css-idkz9h">Add Feta Cheese Twin Pack to cart</span></button></div></div></div></div></div></div><div class="css-0"><div class="css-f5i5wc"><div class="chakra-linkbox css-vhnn8v"><div data-testid="product-image" class="css-16dr4ly"><img alt="Boursin Shallot &amp; Chive 150 g, $4.66/100g" src="https://assets.shop.loblaws.ca/products/20591214/b3/en/front/20591214_front_a06_@2.png" srcset="https://assets.shop.loblaws.ca/products/20591214/b3/en/front/20591214_front_a06_@2.png 1x, https://assets.shop.loblaws.ca/products/20591214/b3/en/front/20591214_front_a06_@2.png 2x" loading="lazy" class="chakra-image css-oguq8l" aria-hidden="true"></div><div class="css-qoklea"><div class="css-12dchmx"></div><div data-testid="price-product-tile" class="css-8atqhb"><p class="chakra-text css-0"><span class="chakra-text css-pwnbcb" data-testid="regular-price"><span class="css-idkz9h">$6.99</span>$6.99</span></p></div><a href="/shallot-chive/p/20591214_EA?source=nspt" class="chakra-linkbox__overlay css-1hnz6hu"><div class="css-0"><p class="chakra-text css-1ecdp9w" data-testid="product-brand">Boursin</p><h3 class="chakra-heading css-6qrhwc" id="20591214_EA" data-testid="product-title">Shallot &amp; Chive</h3><p class="chakra-text css-1yftjin" data-testid="product-package-size">150 g, $4.66/100g</p></div></a><div class="css-8keand"></div></div><div class="css-1q5omjq"><div class="css-fcebb8"><div data-testid="atc-compact" class="css-y94ivq" style="width: 45px;"><button type="button" class="chakra-button css-mudsm6" data-testid="atc-button"><svg stroke="currentColor" fill="currentColor" stroke-width="0" viewBox="0 0 24 24" focusable="false" class="chakra-icon css-1g3sp7a" data-testid="btn-icon" aria-hidden="true" height="1em" width="1em" xmlns="http://www.w3.org/2000/svg"><path d="M19 13h-6v6h-2v-6H5v-2h6V5h2v6h6v2z"></path></svg><span class="css-idkz9h">Add Shallot &amp; Chive to cart</span></button></div></div></div></div></div></div><div class="css-0"><div class="css-f5i5wc"><div class="chakra-linkbox css-vhnn8v"><div data-testid="product-image" class="css-16dr4ly"><img alt="Saputo Feta in Brine, Light 200 g, $2.50/100g" src="https://assets.shop.loblaws.ca/products/20573976/b3/en/front/20573976_front_a06_@2.png" srcset="https://assets.shop.loblaws.ca/products/20573976/b3/en/front/20573976_front_a06_@2.png 1x, https://assets.shop.loblaws.ca/products/20573976/b3/en/front/20573976_front_a06_@2.png 2x" loading="lazy" class="chakra-image css-oguq8l" aria-hidden="true"></div><div class="css-qoklea"><div class="css-12dchmx"></div><div data-testid="price-product-tile" class="css-8atqhb"><p class="chakra-text css-0"><span class="chakra-text css-o93gbd" data-testid="sale-price"><span class="css-idkz9h">$5.00</span>$5.00</span><span class="chakra-text css-623q5h" data-testid="was-price"><span class="css-idkz9h">$6.99</span>$6.99</span></p><p class="chakra-text css-1m5a6y8" data-testid="price-descriptor">SAVE $1.99</p></div><a href="/feta-in-brine-light/p/20573976_EA?source=nspt" class="chakra-linkbox__overlay css-1hnz6hu"><div class="css-0"><p class="chakra-text css-1ecdp9w" data-testid="product-brand">Saputo</p><h3 class="chakra-heading css-6qrhwc" id="20573976_EA" data-testid="product-title">Feta in Brine, Light</h3><p class="chakra-text css-1yftjin" data-testid="product-package-size">200 g, $2.50/100g</p></div></a><div class="css-8keand"></div></div><div class="css-1q5omjq"><div class="css-fcebb8"><div data-testid="atc-compact" class="css-y94ivq" style="width: 45px;"><button type="button" class="chakra-button css-mudsm6" data-testid="atc-button"><svg stroke="currentColor" fill="currentColor" stroke-width="0" viewBox="0 0 24 24" focusable="false" class="chakra-icon css-1g3sp7a" data-testid="btn-icon" aria-hidden="true" height="1em" width="1em" xmlns="http://www.w3.org/2000/svg"><path d="M19 13h-6v6h-2v-6H5v-2h6V5h2v6h6v2z"></path></svg><span class="css-idkz9h">Add Feta in Brine, Light to cart</span></button></div></div></div></div></div></div><div class="css-0"><div class="css-f5i5wc"><div class="chakra-linkbox css-vhnn8v"><div data-testid="product-image" class="css-16dr4ly"><img alt="Zerto Parmesan, Shredded 140 g, $5.71/100g" src="https://assets.shop.loblaws.ca/products/20563140/b3/en/front/20563140_front_a06_@2.png" srcset="https://assets.shop.loblaws.ca/products/20563140/b3/en/front/20563140_front_a06_@2.png 1x, https://assets.shop.loblaws.ca/products/20563140/b3/en/front/20563140_front_a06_@2.png 2x" loading="lazy" class="chakra-image css-oguq8l" aria-hidden="true"></div><div class="css-qoklea"><div class="css-12dchmx"></div><div data-testid="price-product-tile" class="css-8atqhb"><p class="chakra-text css-0"><span class="chakra-text css-pwnbcb" data-testid="regular-price"><span class="css-idkz9h">$7.99</span>$7.99</span></p></div><a href="/parmesan-shredded/p/20563140_EA?source=nspt" class="chakra-linkbox__overlay css-1hnz6hu"><div class="css-0"><p class="chakra-text css-1ecdp9w" data-testid="product-brand">Zerto</p><h3 class="chakra-heading css-6qrhwc" id="20563140_EA" data-testid="product-title">Parmesan, Shredded</h3><p class="chakra-text css-1yftjin" data-testid="product-package-size">140 g, $5.71/100g</p></div></a><div class="css-8keand"></div></div><div class="css-1q5omjq"><div class="css-fcebb8"><div data-testid="atc-compact" class="css-y94ivq" style="width: 45px;"><button type="button" class="chakra-button css-mudsm6" data-testid="atc-button"><svg stroke="currentColor" fill="currentColor" stroke-width="0" viewBox="0 0 24 24" focusable="false" class="chakra-icon css-1g3sp7a" data-testid="btn-icon" aria-hidden="true" height="1em" width="1em" xmlns="http://www.w3.org/2000/svg"><path d="M19 13h-6v6h-2v-6H5v-2h6V5h2v6h6v2z"></path></svg><span class="css-idkz9h">Add Parmesan, Shredded to cart</span></button></div></div></div></div></div></div><div class="css-0"><div class="css-f5i5wc"><div class="chakra-linkbox css-vhnn8v"><div data-testid="product-image" class="css-16dr4ly"><img alt="Tre Stelle Mozzarella Ball 340 g, $2.35/100g" src="https://assets.shop.loblaws.ca/products/20189267/b3/en/front/20189267_front_a06_@2.png" srcset="https://assets.shop.loblaws.ca/products/20189267/b3/en/front/20189267_front_a06_@2.png 1x, https://assets.shop.loblaws.ca/products/20189267/b3/en/front/20189267_front_a06_@2.png 2x" loading="lazy" class="chakra-image css-oguq8l" aria-hidden="true"></div><div class="css-qoklea"><div class="css-12dchmx"></div><div data-testid="price-product-tile" class="css-8atqhb"><p class="chakra-text css-0"><span class="chakra-text css-pwnbcb" data-testid="regular-price"><span class="css-idkz9h">$7.99</span>$7.99</span></p></div><a href="/mozzarella-ball/p/20189267_EA?source=nspt" class="chakra-linkbox__overlay css-1hnz6hu"><div class="css-0"><p class="chakra-text css-1ecdp9w" data-testid="product-brand">Tre Stelle</p><h3 class="chakra-heading css-6qrhwc" id="20189267_EA" data-testid="product-title">Mozzarella Ball</h3><p class="chakra-text css-1yftjin" data-testid="product-package-size">340 g, $2.35/100g</p></div></a><div class="css-8keand"></div></div><div class="css-1q5omjq"><div class="css-fcebb8"><div data-testid="atc-compact" class="css-y94ivq" style="width: 45px;"><button type="button" class="chakra-button css-mudsm6" data-testid="atc-button"><svg stroke="currentColor" fill="currentColor" stroke-width="0" viewBox="0 0 24 24" focusable="false" class="chakra-icon css-1g3sp7a" data-testid="btn-icon" aria-hidden="true" height="1em" width="1em" xmlns="http://www.w3.org/2000/svg"><path d="M19 13h-6v6h-2v-6H5v-2h6V5h2v6h6v2z"></path></svg><span class="css-idkz9h">Add Mozzarella Ball to cart</span></button></div></div></div></div></div></div><div class="css-0"><div class="css-f5i5wc"><div class="chakra-linkbox css-vhnn8v"><div data-testid="product-image" class="css-16dr4ly"><img alt="President's Choice Halloom&nbsp;Semi-Soft&nbsp;Unripened&nbsp;Cheese&nbsp; 250 g, $3.20/100g" src="https://assets.shop.loblaws.ca/products/20563213/b3/en/front/20563213_front_a06_@2.png" srcset="https://assets.shop.loblaws.ca/products/20563213/b3/en/front/20563213_front_a06_@2.png 1x, https://assets.shop.loblaws.ca/products/20563213/b3/en/front/20563213_front_a06_@2.png 2x" loading="lazy" class="chakra-image css-oguq8l" aria-hidden="true"></div><div class="css-qoklea"><div class="css-12dchmx"></div><div data-testid="price-product-tile" class="css-8atqhb"><p class="chakra-text css-0"><span class="chakra-text css-pwnbcb" data-testid="regular-price"><span class="css-idkz9h">$7.99</span>$7.99</span></p></div><a href="/halloom-semi-soft-unripened-cheese/p/20563213_EA?source=nspt" class="chakra-linkbox__overlay css-1hnz6hu"><div class="css-0"><p class="chakra-text css-1ecdp9w" data-testid="product-brand">President's Choice</p><h3 class="chakra-heading css-6qrhwc" id="20563213_EA" data-testid="product-title">Halloom&nbsp;Semi-Soft&nbsp;Unripened&nbsp;Cheese&nbsp;</h3><p class="chakra-text css-1yftjin" data-testid="product-package-size">250 g, $3.20/100g</p></div></a><div class="css-8keand"></div></div><div class="css-1q5omjq"><div class="css-fcebb8"><div data-testid="atc-compact" class="css-y94ivq" style="width: 45px;"><button type="button" class="chakra-button css-mudsm6" data-testid="atc-button"><svg stroke="currentColor" fill="currentColor" stroke-width="0" viewBox="0 0 24 24" focusable="false" class="chakra-icon css-1g3sp7a" data-testid="btn-icon" aria-hidden="true" height="1em" width="1em" xmlns="http://www.w3.org/2000/svg"><path d="M19 13h-6v6h-2v-6H5v-2h6V5h2v6h6v2z"></path></svg><span class="css-idkz9h">Add Halloom&nbsp;Semi-Soft&nbsp;Unripened&nbsp;Cheese&nbsp; to cart</span></button></div></div></div></div></div></div><div class="css-0"><div class="css-f5i5wc"><div class="chakra-linkbox css-vhnn8v"><div data-testid="product-image" class="css-16dr4ly"><img alt="Ziggy's Feta 400 g, $2.37/100g" src="https://assets.shop.loblaws.ca/products/20592952/b3/en/front/20592952_front_a06_@2.png" srcset="https://assets.shop.loblaws.ca/products/20592952/b3/en/front/20592952_front_a06_@2.png 1x, https://assets.shop.loblaws.ca/products/20592952/b3/en/front/20592952_front_a06_@2.png 2x" loading="lazy" class="chakra-image css-oguq8l" aria-hidden="true"></div><div class="css-qoklea"><div class="css-12dchmx"></div><div data-testid="price-product-tile" class="css-8atqhb"><p class="chakra-text css-0"><span class="chakra-text css-pwnbcb" data-testid="regular-price"><span class="css-idkz9h">$9.49</span>$9.49</span></p></div><a href="/feta/p/20592952_EA?source=nspt" class="chakra-linkbox__overlay css-1hnz6hu"><div class="css-0"><p class="chakra-text css-1ecdp9w" data-testid="product-brand">Ziggy's</p><h3 class="chakra-heading css-6qrhwc" id="20592952_EA" data-testid="product-title">Feta</h3><p class="chakra-text css-1yftjin" data-testid="product-package-size">400 g, $2.37/100g</p></div></a><div class="css-8keand"></div></div><div class="css-1q5omjq"><div class="css-fcebb8"><div data-testid="atc-compact" class="css-y94ivq" style="width: 45px;"><button type="button" class="chakra-button css-mudsm6" data-testid="atc-button"><svg stroke="currentColor" fill="currentColor" stroke-width="0" viewBox="0 0 24 24" focusable="false" class="chakra-icon css-1g3sp7a" data-testid="btn-icon" aria-hidden="true" height="1em" width="1em" xmlns="http://www.w3.org/2000/svg"><path d="M19 13h-6v6h-2v-6H5v-2h6V5h2v6h6v2z"></path></svg><span class="css-idkz9h">Add Feta to cart</span></button></div></div></div></div></div></div><div class="css-0"><div class="css-f5i5wc"><div class="chakra-linkbox css-vhnn8v"><div data-testid="product-image" class="css-16dr4ly"><img alt="President's Choice Provolone Sliced Cheese 150 g, $4.00/100g" src="https://assets.shop.loblaws.ca/products/20217853/b3/en/front/20217853_front_a06_@2.png" srcset="https://assets.shop.loblaws.ca/products/20217853/b3/en/front/20217853_front_a06_@2.png 1x, https://assets.shop.loblaws.ca/products/20217853/b3/en/front/20217853_front_a06_@2.png 2x" loading="lazy" class="chakra-image css-oguq8l" aria-hidden="true"></div><div class="css-qoklea"><div class="css-12dchmx"></div><div data-testid="price-product-tile" class="css-8atqhb"><p class="chakra-text css-0"><span class="chakra-text css-o93gbd" data-testid="sale-price"><span class="css-idkz9h">$6.00</span>$6.00</span><span class="chakra-text css-623q5h" data-testid="was-price"><span class="css-idkz9h">$6.99</span>$6.99</span></p><p class="chakra-text css-1m5a6y8" data-testid="price-descriptor">SAVE $0.99</p></div><a href="/provolone-sliced-cheese/p/20217853_EA?source=nspt" class="chakra-linkbox__overlay css-1hnz6hu"><div class="css-0"><p class="chakra-text css-1ecdp9w" data-testid="product-brand">President's Choice</p><h3 class="chakra-heading css-6qrhwc" id="20217853_EA" data-testid="product-title">Provolone Sliced Cheese</h3><p class="chakra-text css-1yftjin" data-testid="product-package-size">150 g, $4.00/100g</p></div></a><div class="css-8keand"></div></div><div class="css-1q5omjq"><div class="css-fcebb8"><div data-testid="atc-compact" class="css-y94ivq" style="width: 45px;"><button type="button" class="chakra-button css-mudsm6" data-testid="atc-button"><svg stroke="currentColor" fill="currentColor" stroke-width="0" viewBox="0 0 24 24" focusable="false" class="chakra-icon css-1g3sp7a" data-testid="btn-icon" aria-hidden="true" height="1em" width="1em" xmlns="http://www.w3.org/2000/svg"><path d="M19 13h-6v6h-2v-6H5v-2h6V5h2v6h6v2z"></path></svg><span class="css-idkz9h">Add Provolone Sliced Cheese to cart</span></button></div></div></div></div></div></div><div class="css-0"><div class="css-f5i5wc"><div class="chakra-linkbox css-vhnn8v"><div data-testid="product-image" class="css-16dr4ly"><img alt="Tre Stelle Bocconcini, Mini 200 g, $3.90/100g" src="https://assets.shop.loblaws.ca/products/20024992/b3/en/front/20024992_front_a06_@2.png" srcset="https://assets.shop.loblaws.ca/products/20024992/b3/en/front/20024992_front_a06_@2.png 1x, https://assets.shop.loblaws.ca/products/20024992/b3/en/front/20024992_front_a06_@2.png 2x" loading="lazy" class="chakra-image css-oguq8l" aria-hidden="true"></div><div class="css-qoklea"><div class="css-12dchmx"></div><div data-testid="price-product-tile" class="css-8atqhb"><p class="chakra-text css-0"><span class="chakra-text css-pwnbcb" data-testid="regular-price"><span class="css-idkz9h">$7.79</span>$7.79</span></p></div><a href="/bocconcini-mini/p/20024992_EA?source=nspt" class="chakra-linkbox__overlay css-1hnz6hu"><div class="css-0"><p class="chakra-text css-1ecdp9w" data-testid="product-brand">Tre Stelle</p><h3 class="chakra-heading css-6qrhwc" id="20024992_EA" data-testid="product-title">Bocconcini, Mini</h3><p class="chakra-text css-1yftjin" data-testid="product-package-size">200 g, $3.90/100g</p></div></a><div class="css-8keand"></div></div><div class="css-1q5omjq"><div class="css-fcebb8"><div data-testid="atc-compact" class="css-y94ivq" style="width: 45px;"><button type="button" class="chakra-button css-mudsm6" data-testid="atc-button"><svg stroke="currentColor" fill="currentColor" stroke-width="0" viewBox="0 0 24 24" focusable="false" class="chakra-icon css-1g3sp7a" data-testid="btn-icon" aria-hidden="true" height="1em" width="1em" xmlns="http://www.w3.org/2000/svg"><path d="M19 13h-6v6h-2v-6H5v-2h6V5h2v6h6v2z"></path></svg><span class="css-idkz9h">Add Bocconcini, Mini to cart</span></button></div></div></div></div></div></div><div class="css-0"><div class="css-f5i5wc"><div class="chakra-linkbox css-vhnn8v"><div data-testid="product-image" class="css-16dr4ly"><img alt="President's Choice Cheddar Cheese Sliced Medium 33% M.F. Club Pack 500 g, $3.10/100g" src="https://assets.shop.loblaws.ca/products/20249826/b3/en/front/20249826_front_a06_@2.png" srcset="https://assets.shop.loblaws.ca/products/20249826/b3/en/front/20249826_front_a06_@2.png 1x, https://assets.shop.loblaws.ca/products/20249826/b3/en/front/20249826_front_a06_@2.png 2x" loading="lazy" class="chakra-image css-oguq8l" aria-hidden="true"></div><div class="css-qoklea"><div class="css-12dchmx"></div><div data-testid="price-product-tile" class="css-8atqhb"><p class="chakra-text css-0"><span class="chakra-text css-pwnbcb" data-testid="regular-price"><span class="css-idkz9h">$15.49</span>$15.49</span></p></div><a href="/cheddar-cheese-sliced-medium-33-m-f-club-pack/p/20249826_EA?source=nspt" class="chakra-linkbox__overlay css-1hnz6hu"><div class="css-0"><p class="chakra-text css-1ecdp9w" data-testid="product-brand">President's Choice</p><h3 class="chakra-heading css-6qrhwc" id="20249826_EA" data-testid="product-title">Cheddar Cheese Sliced Medium 33% M.F. Club Pack</h3><p class="chakra-text css-1yftjin" data-testid="product-package-size">500 g, $3.10/100g</p></div></a><div class="css-8keand"></div></div><div class="css-1q5omjq"><div class="css-fcebb8"><div data-testid="atc-compact" class="css-y94ivq" style="width: 45px;"><button type="button" class="chakra-button css-mudsm6" data-testid="atc-button"><svg stroke="currentColor" fill="currentColor" stroke-width="0" viewBox="0 0 24 24" focusable="false" class="chakra-icon css-1g3sp7a" data-testid="btn-icon" aria-hidden="true" height="1em" width="1em" xmlns="http://www.w3.org/2000/svg"><path d="M19 13h-6v6h-2v-6H5v-2h6V5h2v6h6v2z"></path></svg><span class="css-idkz9h">Add Cheddar Cheese Sliced Medium 33% M.F. Club Pack to cart</span></button></div></div></div></div></div></div><div class="css-0"><div class="css-f5i5wc"><div class="chakra-linkbox css-vhnn8v"><div data-testid="product-image" class="css-16dr4ly"><img alt="Babybel Original Semi-soft Ripened Cheese 12 x 20g 240 g, $4.37/100g" src="https://assets.shop.loblaws.ca/products/20300620/b3/en/front/20300620_front_a06_@2.png" srcset="https://assets.shop.loblaws.ca/products/20300620/b3/en/front/20300620_front_a06_@2.png 1x, https://assets.shop.loblaws.ca/products/20300620/b3/en/front/20300620_front_a06_@2.png 2x" loading="lazy" class="chakra-image css-oguq8l" aria-hidden="true"></div><div class="css-qoklea"><div class="css-12dchmx"></div><div data-testid="price-product-tile" class="css-8atqhb"><p class="chakra-text css-0"><span class="chakra-text css-pwnbcb" data-testid="regular-price"><span class="css-idkz9h">$10.49</span>$10.49</span></p></div><a href="/original-semi-soft-ripened-cheese-12-x-20g/p/20300620_EA?source=nspt" class="chakra-linkbox__overlay css-1hnz6hu"><div class="css-0"><p class="chakra-text css-1ecdp9w" data-testid="product-brand">Babybel</p><h3 class="chakra-heading css-6qrhwc" id="20300620_EA" data-testid="product-title">Original Semi-soft Ripened Cheese 12 x 20g</h3><p class="chakra-text css-1yftjin" data-testid="product-package-size">240 g, $4.37/100g</p></div></a><div class="css-8keand"></div></div><div class="css-1q5omjq"><div class="css-fcebb8"><div data-testid="atc-compact" class="css-y94ivq" style="width: 45px;"><button type="button" class="chakra-button css-mudsm6" data-testid="atc-button"><svg stroke="currentColor" fill="currentColor" stroke-width="0" viewBox="0 0 24 24" focusable="false" class="chakra-icon css-1g3sp7a" data-testid="btn-icon" aria-hidden="true" height="1em" width="1em" xmlns="http://www.w3.org/2000/svg"><path d="M19 13h-6v6h-2v-6H5v-2h6V5h2v6h6v2z"></path></svg><span class="css-idkz9h">Add Original Semi-soft Ripened Cheese 12 x 20g to cart</span></button></div></div></div></div></div></div><div class="css-0"><div class="css-f5i5wc"><div class="chakra-linkbox css-vhnn8v"><div data-testid="product-image" class="css-16dr4ly"><img alt="Tre Stelle Ricotta 475 g, $1.68/100g" src="https://assets.shop.loblaws.ca/products/20093652/b3/en/front/20093652_front_a06_@2.png" srcset="https://assets.shop.loblaws.ca/products/20093652/b3/en/front/20093652_front_a06_@2.png 1x, https://assets.shop.loblaws.ca/products/20093652/b3/en/front/20093652_front_a06_@2.png 2x" loading="lazy" class="chakra-image css-oguq8l" aria-hidden="true"></div><div class="css-qoklea"><div class="css-12dchmx"></div><div data-testid="price-product-tile" class="css-8atqhb"><p class="chakra-text css-0"><span class="chakra-text css-pwnbcb" data-testid="regular-price"><span class="css-idkz9h">$7.99</span>$7.99</span></p></div><a href="/ricotta/p/20093652_EA?source=nspt" class="chakra-linkbox__overlay css-1hnz6hu"><div class="css-0"><p class="chakra-text css-1ecdp9w" data-testid="product-brand">Tre Stelle</p><h3 class="chakra-heading css-6qrhwc" id="20093652_EA" data-testid="product-title">Ricotta</h3><p class="chakra-text css-1yftjin" data-testid="product-package-size">475 g, $1.68/100g</p></div></a><div class="css-8keand"></div></div><div class="css-1q5omjq"><div class="css-fcebb8"><div data-testid="atc-compact" class="css-y94ivq" style="width: 45px;"><button type="button" class="chakra-button css-mudsm6" data-testid="atc-button"><svg stroke="currentColor" fill="currentColor" stroke-width="0" viewBox="0 0 24 24" focusable="false" class="chakra-icon css-1g3sp7a" data-testid="btn-icon" aria-hidden="true" height="1em" width="1em" xmlns="http://www.w3.org/2000/svg"><path d="M19 13h-6v6h-2v-6H5v-2h6V5h2v6h6v2z"></path></svg><span class="css-idkz9h">Add Ricotta to cart</span></button></div></div></div></div></div></div><div class="css-0"><div class="css-f5i5wc"><div class="chakra-linkbox css-vhnn8v"><div data-testid="product-image" class="css-16dr4ly"><img alt="Saputo Mozzarella Fresca 190 g, $2.63/100g" src="https://assets.shop.loblaws.ca/products/21184247/b3/en/front/21184247_front_a06_@2.png" srcset="https://assets.shop.loblaws.ca/products/21184247/b3/en/front/21184247_front_a06_@2.png 1x, https://assets.shop.loblaws.ca/products/21184247/b3/en/front/21184247_front_a06_@2.png 2x" loading="lazy" class="chakra-image css-oguq8l" aria-hidden="true"></div><div class="css-qoklea"><div class="css-12dchmx"></div><div data-testid="price-product-tile" class="css-8atqhb"><p class="chakra-text css-0"><span class="chakra-text css-o93gbd" data-testid="sale-price"><span class="css-idkz9h">$5.00</span>$5.00</span><span class="chakra-text css-623q5h" data-testid="was-price"><span class="css-idkz9h">$5.79</span>$5.79</span></p><p class="chakra-text css-1m5a6y8" data-testid="price-descriptor">SAVE $0.79</p></div><a href="/mozzarella-fresca/p/21184247_EA?source=nspt" class="chakra-linkbox__overlay css-1hnz6hu"><div class="css-0"><p class="chakra-text css-1ecdp9w" data-testid="product-brand">Saputo</p><h3 class="chakra-heading css-6qrhwc" id="21184247_EA" data-testid="product-title">Mozzarella Fresca</h3><p class="chakra-text css-1yftjin" data-testid="product-package-size">190 g, $2.63/100g</p></div></a><div class="css-8keand"></div></div><div class="css-1q5omjq"><div class="css-fcebb8"><div data-testid="atc-compact" class="css-y94ivq" style="width: 45px;"><button disabled="" type="button" class="chakra-button css-mudsm6" data-testid="atc-button"><svg stroke="currentColor" fill="currentColor" stroke-width="0" viewBox="0 0 24 24" focusable="false" class="chakra-icon css-1g3sp7a" data-testid="btn-icon" aria-hidden="true" height="1em" width="1em" xmlns="http://www.w3.org/2000/svg"><path d="M19 13h-6v6h-2v-6H5v-2h6V5h2v6h6v2z"></path></svg><span class="css-idkz9h">Add Mozzarella Fresca to cart</span></button></div></div><div class="css-4saf4a"><p class="chakra-text css-py8788" data-testid="inventory-badge-text">Out of Stock</p></div></div></div></div></div><div class="css-0"><div class="css-f5i5wc"><div class="chakra-linkbox css-vhnn8v"><div data-testid="product-image" class="css-16dr4ly"><img alt="The Laughing Cow Cheese, Spreadable 133 g, $2.77/100g" src="https://assets.shop.loblaws.ca/products/20319107/b3/en/front/20319107_front_a06_@2.png" srcset="https://assets.shop.loblaws.ca/products/20319107/b3/en/front/20319107_front_a06_@2.png 1x, https://assets.shop.loblaws.ca/products/20319107/b3/en/front/20319107_front_a06_@2.png 2x" loading="lazy" class="chakra-image css-oguq8l" aria-hidden="true"></div><div class="css-qoklea"><div class="css-12dchmx"></div><div data-testid="price-product-tile" class="css-8atqhb"><p class="chakra-text css-0"><span class="chakra-text css-o93gbd" data-testid="sale-price"><span class="css-idkz9h">$3.69</span>$3.69</span><span class="chakra-text css-623q5h" data-testid="was-price"><span class="css-idkz9h">$4.49</span>$4.49</span></p><p class="chakra-text css-1m5a6y8" data-testid="price-descriptor">SAVE $0.80</p></div><a href="/cheese-spreadable/p/20319107_EA?source=nspt" class="chakra-linkbox__overlay css-1hnz6hu"><div class="css-0"><p class="chakra-text css-1ecdp9w" data-testid="product-brand">The Laughing Cow</p><h3 class="chakra-heading css-6qrhwc" id="20319107_EA" data-testid="product-title">Cheese, Spreadable</h3><p class="chakra-text css-1yftjin" data-testid="product-package-size">133 g, $2.77/100g</p></div></a><div class="css-8keand"></div></div><div class="css-1q5omjq"><div class="css-fcebb8"><div data-testid="atc-compact" class="css-y94ivq" style="width: 45px;"><button type="button" class="chakra-button css-mudsm6" data-testid="atc-button"><svg stroke="currentColor" fill="currentColor" stroke-width="0" viewBox="0 0 24 24" focusable="false" class="chakra-icon css-1g3sp7a" data-testid="btn-icon" aria-hidden="true" height="1em" width="1em" xmlns="http://www.w3.org/2000/svg"><path d="M19 13h-6v6h-2v-6H5v-2h6V5h2v6h6v2z"></path></svg><span class="css-idkz9h">Add Cheese, Spreadable to cart</span></button></div></div></div></div></div></div><div class="css-0"><div class="css-f5i5wc"><div class="chakra-linkbox css-vhnn8v"><div data-testid="product-image" class="css-16dr4ly"><img alt="President's Choice Crumbled Goat's Milk Féta Cheese 175 g, $4.45/100g" src="https://assets.shop.loblaws.ca/products/20862068/b3/en/front/20862068_front_a06_@2.png" srcset="https://assets.shop.loblaws.ca/products/20862068/b3/en/front/20862068_front_a06_@2.png 1x, https://assets.shop.loblaws.ca/products/20862068/b3/en/front/20862068_front_a06_@2.png 2x" loading="lazy" class="chakra-image css-oguq8l" aria-hidden="true"></div><div class="css-qoklea"><div class="css-12dchmx"></div><div data-testid="price-product-tile" class="css-8atqhb"><p class="chakra-text css-0"><span class="chakra-text css-pwnbcb" data-testid="regular-price"><span class="css-idkz9h">$7.79</span>$7.79</span></p></div><a href="/crumbled-goat-s-milk-f-ta-cheese/p/20862068_EA?source=nspt" class="chakra-linkbox__overlay css-1hnz6hu"><div class="css-0"><p class="chakra-text css-1ecdp9w" data-testid="product-brand">President's Choice</p><h3 class="chakra-heading css-6qrhwc" id="20862068_EA" data-testid="product-title">Crumbled Goat's Milk Féta Cheese</h3><p class="chakra-text css-1yftjin" data-testid="product-package-size">175 g, $4.45/100g</p></div></a><div class="css-8keand"></div></div><div class="css-1q5omjq"><div class="css-fcebb8"><div data-testid="atc-compact" class="css-y94ivq" style="width: 45px;"><button type="button" class="chakra-button css-mudsm6" data-testid="atc-button"><svg stroke="currentColor" fill="currentColor" stroke-width="0" viewBox="0 0 24 24" focusable="false" class="chakra-icon css-1g3sp7a" data-testid="btn-icon" aria-hidden="true" height="1em" width="1em" xmlns="http://www.w3.org/2000/svg"><path d="M19 13h-6v6h-2v-6H5v-2h6V5h2v6h6v2z"></path></svg><span class="css-idkz9h">Add Crumbled Goat's Milk Féta Cheese to cart</span></button></div></div><div class="css-4saf4a"><p class="chakra-text css-py8788" data-testid="inventory-badge-text">Low Stock</p></div></div></div></div></div><div class="css-0"><div class="css-f5i5wc"><div class="chakra-linkbox css-vhnn8v"><div data-testid="product-image" class="css-16dr4ly"><img alt="President's Choice Sliced Medium Cheddar Cheese 170 g, $3.53/100g" src="https://assets.shop.loblaws.ca/products/20216643/b3/en/front/20216643_front_a06_@2.png" srcset="https://assets.shop.loblaws.ca/products/20216643/b3/en/front/20216643_front_a06_@2.png 1x, https://assets.shop.loblaws.ca/products/20216643/b3/en/front/20216643_front_a06_@2.png 2x" loading="lazy" class="chakra-image css-oguq8l" aria-hidden="true"></div><div class="css-qoklea"><div class="css-12dchmx"></div><div data-testid="price-product-tile" class="css-8atqhb"><p class="chakra-text css-0"><span class="chakra-text css-o93gbd" data-testid="sale-price"><span class="css-idkz9h">$6.00</span>$6.00</span><span class="chakra-text css-623q5h" data-testid="was-price"><span class="css-idkz9h">$6.99</span>$6.99</span></p><p class="chakra-text css-1m5a6y8" data-testid="price-descriptor">SAVE $0.99</p></div><a href="/sliced-medium-cheddar-cheese/p/20216643_EA?source=nspt" class="chakra-linkbox__overlay css-1hnz6hu"><div class="css-0"><p class="chakra-text css-1ecdp9w" data-testid="product-brand">President's Choice</p><h3 class="chakra-heading css-6qrhwc" id="20216643_EA" data-testid="product-title">Sliced Medium Cheddar Cheese</h3><p class="chakra-text css-1yftjin" data-testid="product-package-size">170 g, $3.53/100g</p></div></a><div class="css-8keand"></div></div><div class="css-1q5omjq"><div class="css-fcebb8"><div data-testid="atc-compact" class="css-y94ivq" style="width: 45px;"><button disabled="" type="button" class="chakra-button css-mudsm6" data-testid="atc-button"><svg stroke="currentColor" fill="currentColor" stroke-width="0" viewBox="0 0 24 24" focusable="false" class="chakra-icon css-1g3sp7a" data-testid="btn-icon" aria-hidden="true" height="1em" width="1em" xmlns="http://www.w3.org/2000/svg"><path d="M19 13h-6v6h-2v-6H5v-2h6V5h2v6h6v2z"></path></svg><span class="css-idkz9h">Add Sliced Medium Cheddar Cheese to cart</span></button></div></div><div class="css-4saf4a"><p class="chakra-text css-py8788" data-testid="inventory-badge-text">Out of Stock</p></div></div></div></div></div><div class="css-0"><div class="css-f5i5wc"><div class="chakra-linkbox css-vhnn8v"><div data-testid="product-image" class="css-16dr4ly"><img alt="President's Choice Goat Cheese 140 g, $4.49/100g" src="https://assets.shop.loblaws.ca/products/20000584/b3/en/front/20000584_front_a06_@2.png" srcset="https://assets.shop.loblaws.ca/products/20000584/b3/en/front/20000584_front_a06_@2.png 1x, https://assets.shop.loblaws.ca/products/20000584/b3/en/front/20000584_front_a06_@2.png 2x" loading="lazy" class="chakra-image css-oguq8l" aria-hidden="true"></div><div class="css-qoklea"><div class="css-12dchmx"></div><div data-testid="price-product-tile" class="css-8atqhb"><p class="chakra-text css-0"><span class="chakra-text css-pwnbcb" data-testid="regular-price"><span class="css-idkz9h">$6.29</span>$6.29</span></p></div><a href="/goat-cheese/p/20000584_EA?source=nspt" class="chakra-linkbox__overlay css-1hnz6hu"><div class="css-0"><p class="chakra-text css-1ecdp9w" data-testid="product-brand">President's Choice</p><h3 class="chakra-heading css-6qrhwc" id="20000584_EA" data-testid="product-title">Goat Cheese</h3><p class="chakra-text css-1yftjin" data-testid="product-package-size">140 g, $4.49/100g</p></div></a><div class="css-8keand"></div></div><div class="css-1q5omjq"><div class="css-fcebb8"><div data-testid="atc-compact" class="css-y94ivq" style="width: 45px;"><button type="button" class="chakra-button css-mudsm6" data-testid="atc-button"><svg stroke="currentColor" fill="currentColor" stroke-width="0" viewBox="0 0 24 24" focusable="false" class="chakra-icon css-1g3sp7a" data-testid="btn-icon" aria-hidden="true" height="1em" width="1em" xmlns="http://www.w3.org/2000/svg"><path d="M19 13h-6v6h-2v-6H5v-2h6V5h2v6h6v2z"></path></svg><span class="css-idkz9h">Add Goat Cheese to cart</span></button></div></div></div></div></div></div><div class="css-0"><div class="css-f5i5wc"><div class="chakra-linkbox css-vhnn8v"><div data-testid="product-image" class="css-16dr4ly"><img alt="Babybel Light 120 g, $3.08/100g" src="https://assets.shop.loblaws.ca/products/20575904/b3/en/front/20575904_front_a06_@2.png" srcset="https://assets.shop.loblaws.ca/products/20575904/b3/en/front/20575904_front_a06_@2.png 1x, https://assets.shop.loblaws.ca/products/20575904/b3/en/front/20575904_front_a06_@2.png 2x" loading="lazy" class="chakra-image css-oguq8l" aria-hidden="true"></div><div class="css-qoklea"><div class="css-12dchmx"></div><div data-testid="price-product-tile" class="css-8atqhb"><p class="chakra-text css-0"><span class="chakra-text css-o93gbd" data-testid="sale-price"><span class="css-idkz9h">$3.69</span>$3.69</span><span class="chakra-text css-623q5h" data-testid="was-price"><span class="css-idkz9h">$4.99</span>$4.99</span></p><p class="chakra-text css-1m5a6y8" data-testid="price-descriptor">SAVE $1.30</p></div><a href="/light/p/20575904_EA?source=nspt" class="chakra-linkbox__overlay css-1hnz6hu"><div class="css-0"><p class="chakra-text css-1ecdp9w" data-testid="product-brand">Babybel</p><h3 class="chakra-heading css-6qrhwc" id="20575904_EA" data-testid="product-title">Light</h3><p class="chakra-text css-1yftjin" data-testid="product-package-size">120 g, $3.08/100g</p></div></a><div class="css-8keand"></div></div><div class="css-1q5omjq"><div class="css-fcebb8"><div data-testid="atc-compact" class="css-y94ivq" style="width: 45px;"><button type="button" class="chakra-button css-mudsm6" data-testid="atc-button"><svg stroke="currentColor" fill="currentColor" stroke-width="0" viewBox="0 0 24 24" focusable="false" class="chakra-icon css-1g3sp7a" data-testid="btn-icon" aria-hidden="true" height="1em" width="1em" xmlns="http://www.w3.org/2000/svg"><path d="M19 13h-6v6h-2v-6H5v-2h6V5h2v6h6v2z"></path></svg><span class="css-idkz9h">Add Light to cart</span></button></div></div></div></div></div></div><div class="css-0"><div class="css-f5i5wc"><div class="chakra-linkbox css-vhnn8v"><div data-testid="product-image" class="css-16dr4ly"><img alt="Babybel Semi-Soft Ripened Cheese Mini Gouda Taste 24% M.F. 120 g, $3.08/100g" src="https://assets.shop.loblaws.ca/products/21542431/b3/en/front/21542431_front_a06_@2.png" srcset="https://assets.shop.loblaws.ca/products/21542431/b3/en/front/21542431_front_a06_@2.png 1x, https://assets.shop.loblaws.ca/products/21542431/b3/en/front/21542431_front_a06_@2.png 2x" loading="lazy" class="chakra-image css-oguq8l" aria-hidden="true"></div><div class="css-qoklea"><div class="css-12dchmx"></div><div data-testid="price-product-tile" class="css-8atqhb"><p class="chakra-text css-0"><span class="chakra-text css-o93gbd" data-testid="sale-price"><span class="css-idkz9h">$3.69</span>$3.69</span><span class="chakra-text css-623q5h" data-testid="was-price"><span class="css-idkz9h">$5.29</span>$5.29</span></p><p class="chakra-text css-1m5a6y8" data-testid="price-descriptor">SAVE $1.60</p></div><a href="/semi-soft-ripened-cheese-mini-gouda-taste-24-m-f/p/21542431_EA?source=nspt" class="chakra-linkbox__overlay css-1hnz6hu"><div class="css-0"><p class="chakra-text css-1ecdp9w" data-testid="product-brand">Babybel</p><h3 class="chakra-heading css-6qrhwc" id="21542431_EA" data-testid="product-title">Semi-Soft Ripened Cheese Mini Gouda Taste 24% M.F.</h3><p class="chakra-text css-1yftjin" data-testid="product-package-size">120 g, $3.08/100g</p></div></a><div class="css-8keand"></div></div><div class="css-1q5omjq"><div class="css-fcebb8"><div data-testid="atc-compact" class="css-y94ivq" style="width: 45px;"><button type="button" class="chakra-button css-mudsm6" data-testid="atc-button"><svg stroke="currentColor" fill="currentColor" stroke-width="0" viewBox="0 0 24 24" focusable="false" class="chakra-icon css-1g3sp7a" data-testid="btn-icon" aria-hidden="true" height="1em" width="1em" xmlns="http://www.w3.org/2000/svg"><path d="M19 13h-6v6h-2v-6H5v-2h6V5h2v6h6v2z"></path></svg><span class="css-idkz9h">Add Semi-Soft Ripened Cheese Mini Gouda Taste 24% M.F. to cart</span></button></div></div></div></div></div></div><div class="css-0"><div class="css-f5i5wc"><div class="chakra-linkbox css-vhnn8v"><div data-testid="product-image" class="css-16dr4ly"><img alt="Boursin Cranberry &amp; Pepper 150 g, $4.66/100g" src="https://assets.shop.loblaws.ca/products/20591219/b3/en/front/20591219_front_a06_@2.png" srcset="https://assets.shop.loblaws.ca/products/20591219/b3/en/front/20591219_front_a06_@2.png 1x, https://assets.shop.loblaws.ca/products/20591219/b3/en/front/20591219_front_a06_@2.png 2x" loading="lazy" class="chakra-image css-oguq8l" aria-hidden="true"></div><div class="css-qoklea"><div class="css-12dchmx"></div><div data-testid="price-product-tile" class="css-8atqhb"><p class="chakra-text css-0"><span class="chakra-text css-pwnbcb" data-testid="regular-price"><span class="css-idkz9h">$6.99</span>$6.99</span></p></div><a href="/cranberry-pepper/p/20591219_EA?source=nspt" class="chakra-linkbox__overlay css-1hnz6hu"><div class="css-0"><p class="chakra-text css-1ecdp9w" data-testid="product-brand">Boursin</p><h3 class="chakra-heading css-6qrhwc" id="20591219_EA" data-testid="product-title">Cranberry &amp; Pepper</h3><p class="chakra-text css-1yftjin" data-testid="product-package-size">150 g, $4.66/100g</p></div></a><div class="css-8keand"></div></div><div class="css-1q5omjq"><div class="css-fcebb8"><div data-testid="atc-compact" class="css-y94ivq" style="width: 45px;"><button type="button" class="chakra-button css-mudsm6" data-testid="atc-button"><svg stroke="currentColor" fill="currentColor" stroke-width="0" viewBox="0 0 24 24" focusable="false" class="chakra-icon css-1g3sp7a" data-testid="btn-icon" aria-hidden="true" height="1em" width="1em" xmlns="http://www.w3.org/2000/svg"><path d="M19 13h-6v6h-2v-6H5v-2h6V5h2v6h6v2z"></path></svg><span class="css-idkz9h">Add Cranberry &amp; Pepper to cart</span></button></div></div></div></div></div></div><div class="css-0"><div class="css-f5i5wc"><div class="chakra-linkbox css-vhnn8v"><div data-testid="product-image" class="css-16dr4ly"><img alt="Tre Stelle Lactose Free Feta Cheese 200 g, $3.50/100g" src="https://assets.shop.loblaws.ca/products/21364404/b3/en/front/21364404_front_a06_@2.png" srcset="https://assets.shop.loblaws.ca/products/21364404/b3/en/front/21364404_front_a06_@2.png 1x, https://assets.shop.loblaws.ca/products/21364404/b3/en/front/21364404_front_a06_@2.png 2x" loading="lazy" class="chakra-image css-oguq8l" aria-hidden="true"></div><div class="css-qoklea"><div class="css-12dchmx"></div><div data-testid="price-product-tile" class="css-8atqhb"><p class="chakra-text css-0"><span class="chakra-text css-pwnbcb" data-testid="regular-price"><span class="css-idkz9h">$6.99</span>$6.99</span></p></div><a href="/lactose-free-feta-cheese/p/21364404_EA?source=nspt" class="chakra-linkbox__overlay css-1hnz6hu"><div class="css-0"><p class="chakra-text css-1ecdp9w" data-testid="product-brand">Tre Stelle</p><h3 class="chakra-heading css-6qrhwc" id="21364404_EA" data-testid="product-title">Lactose Free Feta Cheese</h3><p class="chakra-text css-1yftjin" data-testid="product-package-size">200 g, $3.50/100g</p></div></a><div class="css-8keand"></div></div><div class="css-1q5omjq"><div class="css-fcebb8"><div data-testid="atc-compact" class="css-y94ivq" style="width: 45px;"><button type="button" class="chakra-button css-mudsm6" data-testid="atc-button"><svg stroke="currentColor" fill="currentColor" stroke-width="0" viewBox="0 0 24 24" focusable="false" class="chakra-icon css-1g3sp7a" data-testid="btn-icon" aria-hidden="true" height="1em" width="1em" xmlns="http://www.w3.org/2000/svg"><path d="M19 13h-6v6h-2v-6H5v-2h6V5h2v6h6v2z"></path></svg><span class="css-idkz9h">Add Lactose Free Feta Cheese to cart</span></button></div></div></div></div></div></div><div class="css-0"><div class="css-f5i5wc"><div class="chakra-linkbox css-vhnn8v"><div data-testid="product-image" class="css-16dr4ly"><img alt="PC Blue Menu Soft Unripened Goat's Milk Cheese 140 g, $4.49/100g" src="https://assets.shop.loblaws.ca/products/20330259/b3/en/front/20330259_front_a06_@2.png" srcset="https://assets.shop.loblaws.ca/products/20330259/b3/en/front/20330259_front_a06_@2.png 1x, https://assets.shop.loblaws.ca/products/20330259/b3/en/front/20330259_front_a06_@2.png 2x" loading="lazy" class="chakra-image css-oguq8l" aria-hidden="true"></div><div class="css-qoklea"><div class="css-12dchmx"></div><div data-testid="price-product-tile" class="css-8atqhb"><p class="chakra-text css-0"><span class="chakra-text css-pwnbcb" data-testid="regular-price"><span class="css-idkz9h">$6.29</span>$6.29</span></p></div><a href="/soft-unripened-goat-s-milk-cheese/p/20330259_EA?source=nspt" class="chakra-linkbox__overlay css-1hnz6hu"><div class="css-0"><p class="chakra-text css-1ecdp9w" data-testid="product-brand">PC Blue Menu</p><h3 class="chakra-heading css-6qrhwc" id="20330259_EA" data-testid="product-title">Soft Unripened Goat's Milk Cheese</h3><p class="chakra-text css-1yftjin" data-testid="product-package-size">140 g, $4.49/100g</p></div></a><div class="css-8keand"></div></div><div class="css-1q5omjq"><div class="css-fcebb8"><div data-testid="atc-compact" class="css-y94ivq" style="width: 45px;"><button type="button" class="chakra-button css-mudsm6" data-testid="atc-button"><svg stroke="currentColor" fill="currentColor" stroke-width="0" viewBox="0 0 24 24" focusable="false" class="chakra-icon css-1g3sp7a" data-testid="btn-icon" aria-hidden="true" height="1em" width="1em" xmlns="http://www.w3.org/2000/svg"><path d="M19 13h-6v6h-2v-6H5v-2h6V5h2v6h6v2z"></path></svg><span class="css-idkz9h">Add Soft Unripened Goat's Milk Cheese to cart</span></button></div></div></div></div></div></div><div class="css-0"><div class="css-f5i5wc"><div class="chakra-linkbox css-vhnn8v"><div data-testid="product-image" class="css-16dr4ly"><img alt="Balderson Cheddar Cheese Extra Old 35% M.F. 250 g, $4.00/100g" src="https://assets.shop.loblaws.ca/products/21495455/b3/en/front/21495455_front_a06_@2.png" srcset="https://assets.shop.loblaws.ca/products/21495455/b3/en/front/21495455_front_a06_@2.png 1x, https://assets.shop.loblaws.ca/products/21495455/b3/en/front/21495455_front_a06_@2.png 2x" loading="lazy" class="chakra-image css-oguq8l" aria-hidden="true"></div><div class="css-qoklea"><div class="css-12dchmx"></div><div data-testid="price-product-tile" class="css-8atqhb"><p class="chakra-text css-0"><span class="chakra-text css-pwnbcb" data-testid="regular-price"><span class="css-idkz9h">$9.99</span>$9.99</span></p></div><a href="/cheddar-cheese-extra-old-35-m-f/p/21495455_EA?source=nspt" class="chakra-linkbox__overlay css-1hnz6hu"><div class="css-0"><p class="chakra-text css-1ecdp9w" data-testid="product-brand">Balderson</p><h3 class="chakra-heading css-6qrhwc" id="21495455_EA" data-testid="product-title">Cheddar Cheese Extra Old 35% M.F.</h3><p class="chakra-text css-1yftjin" data-testid="product-package-size">250 g, $4.00/100g</p></div></a><div class="css-8keand"></div></div><div class="css-1q5omjq"><div class="css-fcebb8"><div data-testid="atc-compact" class="css-y94ivq" style="width: 45px;"><button type="button" class="chakra-button css-mudsm6" data-testid="atc-button"><svg stroke="currentColor" fill="currentColor" stroke-width="0" viewBox="0 0 24 24" focusable="false" class="chakra-icon css-1g3sp7a" data-testid="btn-icon" aria-hidden="true" height="1em" width="1em" xmlns="http://www.w3.org/2000/svg"><path d="M19 13h-6v6h-2v-6H5v-2h6V5h2v6h6v2z"></path></svg><span class="css-idkz9h">Add Cheddar Cheese Extra Old 35% M.F. to cart</span></button></div></div></div></div></div></div><div class="css-0"><div class="css-f5i5wc"><div class="chakra-linkbox css-vhnn8v"><div data-testid="product-image" class="css-16dr4ly"><img alt="President's Choice Sliced Swiss Cheese 150 g, $4.00/100g" src="https://assets.shop.loblaws.ca/products/20250947/b3/en/front/20250947_front_a06_@2.png" srcset="https://assets.shop.loblaws.ca/products/20250947/b3/en/front/20250947_front_a06_@2.png 1x, https://assets.shop.loblaws.ca/products/20250947/b3/en/front/20250947_front_a06_@2.png 2x" loading="lazy" class="chakra-image css-oguq8l" aria-hidden="true"></div><div class="css-qoklea"><div class="css-12dchmx"></div><div data-testid="price-product-tile" class="css-8atqhb"><p class="chakra-text css-0"><span class="chakra-text css-o93gbd" data-testid="sale-price"><span class="css-idkz9h">$6.00</span>$6.00</span><span class="chakra-text css-623q5h" data-testid="was-price"><span class="css-idkz9h">$6.99</span>$6.99</span></p><p class="chakra-text css-1m5a6y8" data-testid="price-descriptor">SAVE $0.99</p></div><a href="/sliced-swiss-cheese/p/20250947_EA?source=nspt" class="chakra-linkbox__overlay css-1hnz6hu"><div class="css-0"><p class="chakra-text css-1ecdp9w" data-testid="product-brand">President's Choice</p><h3 class="chakra-heading css-6qrhwc" id="20250947_EA" data-testid="product-title">Sliced Swiss Cheese</h3><p class="chakra-text css-1yftjin" data-testid="product-package-size">150 g, $4.00/100g</p></div></a><div class="css-8keand"></div></div><div class="css-1q5omjq"><div class="css-fcebb8"><div data-testid="atc-compact" class="css-y94ivq" style="width: 45px;"><button type="button" class="chakra-button css-mudsm6" data-testid="atc-button"><svg stroke="currentColor" fill="currentColor" stroke-width="0" viewBox="0 0 24 24" focusable="false" class="chakra-icon css-1g3sp7a" data-testid="btn-icon" aria-hidden="true" height="1em" width="1em" xmlns="http://www.w3.org/2000/svg"><path d="M19 13h-6v6h-2v-6H5v-2h6V5h2v6h6v2z"></path></svg><span class="css-idkz9h">Add Sliced Swiss Cheese to cart</span></button></div></div></div></div></div></div><div class="css-0"><div class="css-f5i5wc"><div class="chakra-linkbox css-vhnn8v"><div data-testid="product-image" class="css-16dr4ly"><img alt="Tre Stelle Feta, Cubes 200 g, $4.25/100g" src="https://assets.shop.loblaws.ca/products/20599157/b3/en/front/20599157_front_a06_@2.png" srcset="https://assets.shop.loblaws.ca/products/20599157/b3/en/front/20599157_front_a06_@2.png 1x, https://assets.shop.loblaws.ca/products/20599157/b3/en/front/20599157_front_a06_@2.png 2x" loading="lazy" class="chakra-image css-oguq8l" aria-hidden="true"></div><div class="css-qoklea"><div class="css-12dchmx"></div><div data-testid="price-product-tile" class="css-8atqhb"><p class="chakra-text css-0"><span class="chakra-text css-pwnbcb" data-testid="regular-price"><span class="css-idkz9h">$8.49</span>$8.49</span></p></div><a href="/feta-cubes/p/20599157_EA?source=nspt" class="chakra-linkbox__overlay css-1hnz6hu"><div class="css-0"><p class="chakra-text css-1ecdp9w" data-testid="product-brand">Tre Stelle</p><h3 class="chakra-heading css-6qrhwc" id="20599157_EA" data-testid="product-title">Feta, Cubes</h3><p class="chakra-text css-1yftjin" data-testid="product-package-size">200 g, $4.25/100g</p></div></a><div class="css-8keand"></div></div><div class="css-1q5omjq"><div class="css-fcebb8"><div data-testid="atc-compact" class="css-y94ivq" style="width: 45px;"><button type="button" class="chakra-button css-mudsm6" data-testid="atc-button"><svg stroke="currentColor" fill="currentColor" stroke-width="0" viewBox="0 0 24 24" focusable="false" class="chakra-icon css-1g3sp7a" data-testid="btn-icon" aria-hidden="true" height="1em" width="1em" xmlns="http://www.w3.org/2000/svg"><path d="M19 13h-6v6h-2v-6H5v-2h6V5h2v6h6v2z"></path></svg><span class="css-idkz9h">Add Feta, Cubes to cart</span></button></div></div></div></div></div></div><div class="css-0"><div class="css-f5i5wc"><div class="chakra-linkbox css-vhnn8v"><div data-testid="product-image" class="css-16dr4ly"><img alt="Ziggy's Double Cream Brie Cheese 450 g, $2.44/100g" src="https://assets.shop.loblaws.ca/products/21561839/b3/en/front/21561839_front_a06_@2.png" srcset="https://assets.shop.loblaws.ca/products/21561839/b3/en/front/21561839_front_a06_@2.png 1x, https://assets.shop.loblaws.ca/products/21561839/b3/en/front/21561839_front_a06_@2.png 2x" loading="lazy" class="chakra-image css-oguq8l" aria-hidden="true"></div><div class="css-qoklea"><div class="css-12dchmx"></div><div data-testid="price-product-tile" class="css-8atqhb"><p class="chakra-text css-0"><span class="chakra-text css-pwnbcb" data-testid="regular-price"><span class="css-idkz9h">$11.00</span>$11.00</span></p></div><a href="/double-cream-brie-cheese/p/21561839_EA?source=nspt" class="chakra-linkbox__overlay css-1hnz6hu"><div class="css-0"><p class="chakra-text css-1ecdp9w" data-testid="product-brand">Ziggy's</p><h3 class="chakra-heading css-6qrhwc" id="21561839_EA" data-testid="product-title">Double Cream Brie Cheese</h3><p class="chakra-text css-1yftjin" data-testid="product-package-size">450 g, $2.44/100g</p></div></a><div class="css-8keand"></div></div><div class="css-1q5omjq"><div class="css-fcebb8"><div data-testid="atc-compact" class="css-y94ivq" style="width: 45px;"><button type="button" class="chakra-button css-mudsm6" data-testid="atc-button"><svg stroke="currentColor" fill="currentColor" stroke-width="0" viewBox="0 0 24 24" focusable="false" class="chakra-icon css-1g3sp7a" data-testid="btn-icon" aria-hidden="true" height="1em" width="1em" xmlns="http://www.w3.org/2000/svg"><path d="M19 13h-6v6h-2v-6H5v-2h6V5h2v6h6v2z"></path></svg><span class="css-idkz9h">Add Double Cream Brie Cheese to cart</span></button></div></div></div></div></div></div><div class="css-0"><div class="css-f5i5wc"><div class="chakra-linkbox css-vhnn8v"><div data-testid="product-image" class="css-16dr4ly"><img alt="President's Choice Creamy Havarti Cheese Slices 160 g, $3.75/100g" src="https://assets.shop.loblaws.ca/products/20219790/b3/en/front/20219790_front_a06_@2.png" srcset="https://assets.shop.loblaws.ca/products/20219790/b3/en/front/20219790_front_a06_@2.png 1x, https://assets.shop.loblaws.ca/products/20219790/b3/en/front/20219790_front_a06_@2.png 2x" loading="lazy" class="chakra-image css-oguq8l" aria-hidden="true"></div><div class="css-qoklea"><div class="css-12dchmx"></div><div data-testid="price-product-tile" class="css-8atqhb"><p class="chakra-text css-0"><span class="chakra-text css-o93gbd" data-testid="sale-price"><span class="css-idkz9h">$6.00</span>$6.00</span><span class="chakra-text css-623q5h" data-testid="was-price"><span class="css-idkz9h">$6.99</span>$6.99</span></p><p class="chakra-text css-1m5a6y8" data-testid="price-descriptor">SAVE $0.99</p></div><a href="/creamy-havarti-cheese-slices/p/20219790_EA?source=nspt" class="chakra-linkbox__overlay css-1hnz6hu"><div class="css-0"><p class="chakra-text css-1ecdp9w" data-testid="product-brand">President's Choice</p><h3 class="chakra-heading css-6qrhwc" id="20219790_EA" data-testid="product-title">Creamy Havarti Cheese Slices</h3><p class="chakra-text css-1yftjin" data-testid="product-package-size">160 g, $3.75/100g</p></div></a><div class="css-8keand"></div></div><div class="css-1q5omjq"><div class="css-fcebb8"><div data-testid="atc-compact" class="css-y94ivq" style="width: 45px;"><button type="button" class="chakra-button css-mudsm6" data-testid="atc-button"><svg stroke="currentColor" fill="currentColor" stroke-width="0" viewBox="0 0 24 24" focusable="false" class="chakra-icon css-1g3sp7a" data-testid="btn-icon" aria-hidden="true" height="1em" width="1em" xmlns="http://www.w3.org/2000/svg"><path d="M19 13h-6v6h-2v-6H5v-2h6V5h2v6h6v2z"></path></svg><span class="css-idkz9h">Add Creamy Havarti Cheese Slices to cart</span></button></div></div></div></div></div></div><div class="css-0"><div class="css-f5i5wc"><div class="chakra-linkbox css-vhnn8v"><div data-testid="product-image" class="css-16dr4ly"><img alt="President's Choice Double Cream Brie Cheese 450 g, $3.11/100g" src="https://assets.shop.loblaws.ca/products/20787166/b3/en/front/20787166_front_a06_@2.png" srcset="https://assets.shop.loblaws.ca/products/20787166/b3/en/front/20787166_front_a06_@2.png 1x, https://assets.shop.loblaws.ca/products/20787166/b3/en/front/20787166_front_a06_@2.png 2x" loading="lazy" class="chakra-image css-oguq8l" aria-hidden="true"></div><div class="css-qoklea"><div class="css-12dchmx"></div><div data-testid="price-product-tile" class="css-8atqhb"><p class="chakra-text css-0"><span class="chakra-text css-pwnbcb" data-testid="regular-price"><span class="css-idkz9h">$13.99</span>$13.99</span></p></div><a href="/double-cream-brie-cheese/p/20787166_EA?source=nspt" class="chakra-linkbox__overlay css-1hnz6hu"><div class="css-0"><p class="chakra-text css-1ecdp9w" data-testid="product-brand">President's Choice</p><h3 class="chakra-heading css-6qrhwc" id="20787166_EA" data-testid="product-title">Double Cream Brie Cheese</h3><p class="chakra-text css-1yftjin" data-testid="product-package-size">450 g, $3.11/100g</p></div></a><div class="css-8keand"></div></div><div class="css-1q5omjq"><div class="css-fcebb8"><div data-testid="atc-compact" class="css-y94ivq" style="width: 45px;"><button type="button" class="chakra-button css-mudsm6" data-testid="atc-button"><svg stroke="currentColor" fill="currentColor" stroke-width="0" viewBox="0 0 24 24" focusable="false" class="chakra-icon css-1g3sp7a" data-testid="btn-icon" aria-hidden="true" height="1em" width="1em" xmlns="http://www.w3.org/2000/svg"><path d="M19 13h-6v6h-2v-6H5v-2h6V5h2v6h6v2z"></path></svg><span class="css-idkz9h">Add Double Cream Brie Cheese to cart</span></button></div></div></div></div></div></div><div class="css-0"><div class="css-f5i5wc"><div class="chakra-linkbox css-vhnn8v"><div data-testid="product-image" class="css-16dr4ly"><img alt="Saputo Feta Cheese Lactose Free 22 % M.F. 200 g, $2.50/100g" src="https://assets.shop.loblaws.ca/products/21528313/b3/en/front/21528313_front_a06_@2.png" srcset="https://assets.shop.loblaws.ca/products/21528313/b3/en/front/21528313_front_a06_@2.png 1x, https://assets.shop.loblaws.ca/products/21528313/b3/en/front/21528313_front_a06_@2.png 2x" loading="lazy" class="chakra-image css-oguq8l" aria-hidden="true"></div><div class="css-qoklea"><div class="css-12dchmx"></div><div data-testid="price-product-tile" class="css-8atqhb"><p class="chakra-text css-0"><span class="chakra-text css-o93gbd" data-testid="sale-price"><span class="css-idkz9h">$5.00</span>$5.00</span><span class="chakra-text css-623q5h" data-testid="was-price"><span class="css-idkz9h">$5.29</span>$5.29</span></p><p class="chakra-text css-1m5a6y8" data-testid="price-descriptor">SAVE $0.29</p></div><a href="/feta-cheese-lactose-free-22-m-f/p/21528313_EA?source=nspt" class="chakra-linkbox__overlay css-1hnz6hu"><div class="css-0"><p class="chakra-text css-1ecdp9w" data-testid="product-brand">Saputo</p><h3 class="chakra-heading css-6qrhwc" id="21528313_EA" data-testid="product-title">Feta Cheese Lactose Free 22 % M.F.</h3><p class="chakra-text css-1yftjin" data-testid="product-package-size">200 g, $2.50/100g</p></div></a><div class="css-8keand"></div></div><div class="css-1q5omjq"><div class="css-fcebb8"><div data-testid="atc-compact" class="css-y94ivq" style="width: 45px;"><button type="button" class="chakra-button css-mudsm6" data-testid="atc-button"><svg stroke="currentColor" fill="currentColor" stroke-width="0" viewBox="0 0 24 24" focusable="false" class="chakra-icon css-1g3sp7a" data-testid="btn-icon" aria-hidden="true" height="1em" width="1em" xmlns="http://www.w3.org/2000/svg"><path d="M19 13h-6v6h-2v-6H5v-2h6V5h2v6h6v2z"></path></svg><span class="css-idkz9h">Add Feta Cheese Lactose Free 22 % M.F. to cart</span></button></div></div><div class="css-4saf4a"><p class="chakra-text css-py8788" data-testid="inventory-badge-text">Low Stock</p></div></div></div></div></div><div class="css-0"><div class="css-f5i5wc"><div class="chakra-linkbox css-vhnn8v"><div data-testid="product-image" class="css-16dr4ly"><img alt="Tre Stelle Bocconcini Mini Twin Pack 240 g, $3.33/100g" src="https://assets.shop.loblaws.ca/products/21100084/b3/en/front/21100084_front_a06_@2.png" srcset="https://assets.shop.loblaws.ca/products/21100084/b3/en/front/21100084_front_a06_@2.png 1x, https://assets.shop.loblaws.ca/products/21100084/b3/en/front/21100084_front_a06_@2.png 2x" loading="lazy" class="chakra-image css-oguq8l" aria-hidden="true"></div><div class="css-qoklea"><div class="css-12dchmx"></div><div data-testid="price-product-tile" class="css-8atqhb"><p class="chakra-text css-0"><span class="chakra-text css-o93gbd" data-testid="sale-price"><span class="css-idkz9h">$8.00</span>$8.00</span><span class="chakra-text css-623q5h" data-testid="was-price"><span class="css-idkz9h">$8.49</span>$8.49</span></p><p class="chakra-text css-1m5a6y8" data-testid="price-descriptor">SAVE $0.49</p></div><a href="/bocconcini-mini-twin-pack/p/21100084_EA?source=nspt" class="chakra-linkbox__overlay css-1hnz6hu"><div class="css-0"><p class="chakra-text css-1ecdp9w" data-testid="product-brand">Tre Stelle</p><h3 class="chakra-heading css-6qrhwc" id="21100084_EA" data-testid="product-title">Bocconcini Mini Twin Pack</h3><p class="chakra-text css-1yftjin" data-testid="product-package-size">240 g, $3.33/100g</p></div></a><div class="css-8keand"></div></div><div class="css-1q5omjq"><div class="css-fcebb8"><div data-testid="atc-compact" class="css-y94ivq" style="width: 45px;"><button type="button" class="chakra-button css-mudsm6" data-testid="atc-button"><svg stroke="currentColor" fill="currentColor" stroke-width="0" viewBox="0 0 24 24" focusable="false" class="chakra-icon css-1g3sp7a" data-testid="btn-icon" aria-hidden="true" height="1em" width="1em" xmlns="http://www.w3.org/2000/svg"><path d="M19 13h-6v6h-2v-6H5v-2h6V5h2v6h6v2z"></path></svg><span class="css-idkz9h">Add Bocconcini Mini Twin Pack to cart</span></button></div></div></div></div></div></div><div class="css-0"><div class="css-f5i5wc"><div class="chakra-linkbox css-vhnn8v"><div data-testid="product-image" class="css-16dr4ly"><img alt="President's Choice Sliced Marble Cheddar Cheese 170 g, $3.53/100g" src="https://assets.shop.loblaws.ca/products/20250268/b3/en/front/20250268_front_a06_@2.png" srcset="https://assets.shop.loblaws.ca/products/20250268/b3/en/front/20250268_front_a06_@2.png 1x, https://assets.shop.loblaws.ca/products/20250268/b3/en/front/20250268_front_a06_@2.png 2x" loading="lazy" class="chakra-image css-oguq8l" aria-hidden="true"></div><div class="css-qoklea"><div class="css-12dchmx"></div><div data-testid="price-product-tile" class="css-8atqhb"><p class="chakra-text css-0"><span class="chakra-text css-o93gbd" data-testid="sale-price"><span class="css-idkz9h">$6.00</span>$6.00</span><span class="chakra-text css-623q5h" data-testid="was-price"><span class="css-idkz9h">$6.99</span>$6.99</span></p><p class="chakra-text css-1m5a6y8" data-testid="price-descriptor">SAVE $0.99</p></div><a href="/sliced-marble-cheddar-cheese/p/20250268_EA?source=nspt" class="chakra-linkbox__overlay css-1hnz6hu"><div class="css-0"><p class="chakra-text css-1ecdp9w" data-testid="product-brand">President's Choice</p><h3 class="chakra-heading css-6qrhwc" id="20250268_EA" data-testid="product-title">Sliced Marble Cheddar Cheese</h3><p class="chakra-text css-1yftjin" data-testid="product-package-size">170 g, $3.53/100g</p></div></a><div class="css-8keand"></div></div><div class="css-1q5omjq"><div class="css-fcebb8"><div data-testid="atc-compact" class="css-y94ivq" style="width: 45px;"><button type="button" class="chakra-button css-mudsm6" data-testid="atc-button"><svg stroke="currentColor" fill="currentColor" stroke-width="0" viewBox="0 0 24 24" focusable="false" class="chakra-icon css-1g3sp7a" data-testid="btn-icon" aria-hidden="true" height="1em" width="1em" xmlns="http://www.w3.org/2000/svg"><path d="M19 13h-6v6h-2v-6H5v-2h6V5h2v6h6v2z"></path></svg><span class="css-idkz9h">Add Sliced Marble Cheddar Cheese to cart</span></button></div></div></div></div></div></div><div class="css-0"><div class="css-f5i5wc"><div class="chakra-linkbox css-vhnn8v"><div data-testid="product-image" class="css-16dr4ly"><img alt="Saputo Romano, Petals 125 g, $6.07/100g" src="https://assets.shop.loblaws.ca/products/20023274/b3/en/front/20023274_front_a06_@2.png" srcset="https://assets.shop.loblaws.ca/products/20023274/b3/en/front/20023274_front_a06_@2.png 1x, https://assets.shop.loblaws.ca/products/20023274/b3/en/front/20023274_front_a06_@2.png 2x" loading="lazy" class="chakra-image css-oguq8l" aria-hidden="true"></div><div class="css-qoklea"><div class="css-12dchmx"></div><div data-testid="price-product-tile" class="css-8atqhb"><p class="chakra-text css-0"><span class="chakra-text css-pwnbcb" data-testid="regular-price"><span class="css-idkz9h">$7.59</span>$7.59</span></p></div><a href="/romano-petals/p/20023274_EA?source=nspt" class="chakra-linkbox__overlay css-1hnz6hu"><div class="css-0"><p class="chakra-text css-1ecdp9w" data-testid="product-brand">Saputo</p><h3 class="chakra-heading css-6qrhwc" id="20023274_EA" data-testid="product-title">Romano, Petals</h3><p class="chakra-text css-1yftjin" data-testid="product-package-size">125 g, $6.07/100g</p></div></a><div class="css-8keand"></div></div><div class="css-1q5omjq"><div class="css-fcebb8"><div data-testid="atc-compact" class="css-y94ivq" style="width: 45px;"><button type="button" class="chakra-button css-mudsm6" data-testid="atc-button"><svg stroke="currentColor" fill="currentColor" stroke-width="0" viewBox="0 0 24 24" focusable="false" class="chakra-icon css-1g3sp7a" data-testid="btn-icon" aria-hidden="true" height="1em" width="1em" xmlns="http://www.w3.org/2000/svg"><path d="M19 13h-6v6h-2v-6H5v-2h6V5h2v6h6v2z"></path></svg><span class="css-idkz9h">Add Romano, Petals to cart</span></button></div></div></div></div></div></div><div class="css-0"><div class="css-f5i5wc"><div class="chakra-linkbox css-vhnn8v"><div data-testid="product-image" class="css-16dr4ly"><img alt="President's Choice Cocktail Bocconcini Club Size 500 g, $2.50/100g" src="https://assets.shop.loblaws.ca/products/21479609/b3/en/front/21479609_front_a06_@2.png" srcset="https://assets.shop.loblaws.ca/products/21479609/b3/en/front/21479609_front_a06_@2.png 1x, https://assets.shop.loblaws.ca/products/21479609/b3/en/front/21479609_front_a06_@2.png 2x" loading="lazy" class="chakra-image css-oguq8l" aria-hidden="true"></div><div class="css-qoklea"><div class="css-12dchmx"></div><div data-testid="price-product-tile" class="css-8atqhb"><p class="chakra-text css-0"><span class="chakra-text css-pwnbcb" data-testid="regular-price"><span class="css-idkz9h">$12.49</span>$12.49</span></p></div><a href="/cocktail-bocconcini-club-size/p/21479609_EA?source=nspt" class="chakra-linkbox__overlay css-1hnz6hu"><div class="css-0"><p class="chakra-text css-1ecdp9w" data-testid="product-brand">President's Choice</p><h3 class="chakra-heading css-6qrhwc" id="21479609_EA" data-testid="product-title">Cocktail Bocconcini Club Size</h3><p class="chakra-text css-1yftjin" data-testid="product-package-size">500 g, $2.50/100g</p></div></a><div class="css-8keand"></div></div><div class="css-1q5omjq"><div class="css-fcebb8"><div data-testid="atc-compact" class="css-y94ivq" style="width: 45px;"><button type="button" class="chakra-button css-mudsm6" data-testid="atc-button"><svg stroke="currentColor" fill="currentColor" stroke-width="0" viewBox="0 0 24 24" focusable="false" class="chakra-icon css-1g3sp7a" data-testid="btn-icon" aria-hidden="true" height="1em" width="1em" xmlns="http://www.w3.org/2000/svg"><path d="M19 13h-6v6h-2v-6H5v-2h6V5h2v6h6v2z"></path></svg><span class="css-idkz9h">Add Cocktail Bocconcini Club Size to cart</span></button></div></div></div></div></div></div><div class="css-0"><div class="css-f5i5wc"><div class="chakra-linkbox css-vhnn8v"><div data-testid="product-image" class="css-16dr4ly"><img alt="Ziggy's Havarti Cheese Slices 160 g, $2.49/100g" src="https://assets.shop.loblaws.ca/products/21610759/b3/en/front/21610759_front_a06_@2.png" srcset="https://assets.shop.loblaws.ca/products/21610759/b3/en/front/21610759_front_a06_@2.png 1x, https://assets.shop.loblaws.ca/products/21610759/b3/en/front/21610759_front_a06_@2.png 2x" loading="lazy" class="chakra-image css-oguq8l" aria-hidden="true"></div><div class="css-qoklea"><div class="css-12dchmx"><div class="chakra-badge css-34x0wr" data-testid="product-badge"><div class="css-u4p24i">New</div></div></div><div data-testid="price-product-tile" class="css-8atqhb"><p class="chakra-text css-0"><span class="chakra-text css-pwnbcb" data-testid="regular-price"><span class="css-idkz9h">$3.99</span>$3.99</span></p></div><a href="/havarti-cheese-slices/p/21610759_EA?source=nspt" class="chakra-linkbox__overlay css-1hnz6hu"><div class="css-0"><p class="chakra-text css-1ecdp9w" data-testid="product-brand">Ziggy's</p><h3 class="chakra-heading css-6qrhwc" id="21610759_EA" data-testid="product-title">Havarti Cheese Slices</h3><p class="chakra-text css-1yftjin" data-testid="product-package-size">160 g, $2.49/100g</p></div></a><div class="css-8keand"></div></div><div class="css-1q5omjq"><div class="css-fcebb8"><div data-testid="atc-compact" class="css-y94ivq" style="width: 45px;"><button disabled="" type="button" class="chakra-button css-mudsm6" data-testid="atc-button"><svg stroke="currentColor" fill="currentColor" stroke-width="0" viewBox="0 0 24 24" focusable="false" class="chakra-icon css-1g3sp7a" data-testid="btn-icon" aria-hidden="true" height="1em" width="1em" xmlns="http://www.w3.org/2000/svg"><path d="M19 13h-6v6h-2v-6H5v-2h6V5h2v6h6v2z"></path></svg><span class="css-idkz9h">Add Havarti Cheese Slices to cart</span></button></div></div><div class="css-4saf4a"><p class="chakra-text css-py8788" data-testid="inventory-badge-text">Out of Stock</p></div></div></div></div></div><div class="css-0"><div class="css-f5i5wc"><div class="chakra-linkbox css-vhnn8v"><div data-testid="product-image" class="css-16dr4ly"><img alt="Tre Stelle Greek Style Cheese Traditional Feta 22% M.F. 375 g, $2.93/100g" src="https://assets.shop.loblaws.ca/products/21527851/b3/en/front/21527851_front_a06_@2.png" srcset="https://assets.shop.loblaws.ca/products/21527851/b3/en/front/21527851_front_a06_@2.png 1x, https://assets.shop.loblaws.ca/products/21527851/b3/en/front/21527851_front_a06_@2.png 2x" loading="lazy" class="chakra-image css-oguq8l" aria-hidden="true"></div><div class="css-qoklea"><div class="css-12dchmx"></div><div data-testid="price-product-tile" class="css-8atqhb"><p class="chakra-text css-0"><span class="chakra-text css-pwnbcb" data-testid="regular-price"><span class="css-idkz9h">$10.99</span>$10.99</span></p></div><a href="/greek-style-cheese-traditional-feta-22-m-f/p/21527851_EA?source=nspt" class="chakra-linkbox__overlay css-1hnz6hu"><div class="css-0"><p class="chakra-text css-1ecdp9w" data-testid="product-brand">Tre Stelle</p><h3 class="chakra-heading css-6qrhwc" id="21527851_EA" data-testid="product-title">Greek Style Cheese Traditional Feta 22% M.F.</h3><p class="chakra-text css-1yftjin" data-testid="product-package-size">375 g, $2.93/100g</p></div></a><div class="css-8keand"></div></div><div class="css-1q5omjq"><div class="css-fcebb8"><div data-testid="atc-compact" class="css-y94ivq" style="width: 45px;"><button type="button" class="chakra-button css-mudsm6" data-testid="atc-button"><svg stroke="currentColor" fill="currentColor" stroke-width="0" viewBox="0 0 24 24" focusable="false" class="chakra-icon css-1g3sp7a" data-testid="btn-icon" aria-hidden="true" height="1em" width="1em" xmlns="http://www.w3.org/2000/svg"><path d="M19 13h-6v6h-2v-6H5v-2h6V5h2v6h6v2z"></path></svg><span class="css-idkz9h">Add Greek Style Cheese Traditional Feta 22% M.F. to cart</span></button></div></div></div></div></div></div><div class="css-0"><div class="css-f5i5wc"><div class="chakra-linkbox css-vhnn8v"><div data-testid="product-image" class="css-16dr4ly"><img alt="PC Black Label White Stilton With Mango &amp; Ginger Hard Unripened Cheese 200 g, $3.90/100g" src="https://assets.shop.loblaws.ca/products/20816790/b3/en/front/20816790_front_a06_@2.png" srcset="https://assets.shop.loblaws.ca/products/20816790/b3/en/front/20816790_front_a06_@2.png 1x, https://assets.shop.loblaws.ca/products/20816790/b3/en/front/20816790_front_a06_@2.png 2x" loading="lazy" class="chakra-image css-oguq8l" aria-hidden="true"></div><div class="css-qoklea"><div class="css-12dchmx"></div><div data-testid="price-product-tile" class="css-8atqhb"><p class="chakra-text css-0"><span class="chakra-text css-pwnbcb" data-testid="regular-price"><span class="css-idkz9h">$7.79</span>$7.79</span></p></div><a href="/white-stilton-with-mango-ginger-hard-unripened-che/p/20816790_EA?source=nspt" class="chakra-linkbox__overlay css-1hnz6hu"><div class="css-0"><p class="chakra-text css-1ecdp9w" data-testid="product-brand">PC Black Label</p><h3 class="chakra-heading css-6qrhwc" id="20816790_EA" data-testid="product-title">White Stilton With Mango &amp; Ginger Hard Unripened Cheese</h3><p class="chakra-text css-1yftjin" data-testid="product-package-size">200 g, $3.90/100g</p></div></a><div class="css-8keand"></div></div><div class="css-1q5omjq"><div class="css-fcebb8"><div data-testid="atc-compact" class="css-y94ivq" style="width: 45px;"><button type="button" class="chakra-button css-mudsm6" data-testid="atc-button"><svg stroke="currentColor" fill="currentColor" stroke-width="0" viewBox="0 0 24 24" focusable="false" class="chakra-icon css-1g3sp7a" data-testid="btn-icon" aria-hidden="true" height="1em" width="1em" xmlns="http://www.w3.org/2000/svg"><path d="M19 13h-6v6h-2v-6H5v-2h6V5h2v6h6v2z"></path></svg><span class="css-idkz9h">Add White Stilton With Mango &amp; Ginger Hard Unripened Cheese to cart</span></button></div></div></div></div></div></div><div class="css-0"><div class="css-f5i5wc"><div class="chakra-linkbox css-vhnn8v"><div data-testid="product-image" class="css-16dr4ly"><img alt="Ziggy's Creamy Havarti Cheese Slices, Club Pack 500 g, $2.70/100g" src="https://assets.shop.loblaws.ca/products/20318917/b3/en/front/20318917_front_a06_@2.png" srcset="https://assets.shop.loblaws.ca/products/20318917/b3/en/front/20318917_front_a06_@2.png 1x, https://assets.shop.loblaws.ca/products/20318917/b3/en/front/20318917_front_a06_@2.png 2x" loading="lazy" class="chakra-image css-oguq8l" aria-hidden="true"></div><div class="css-qoklea"><div class="css-12dchmx"></div><div data-testid="price-product-tile" class="css-8atqhb"><p class="chakra-text css-0"><span class="chakra-text css-pwnbcb" data-testid="regular-price"><span class="css-idkz9h">$13.49</span>$13.49</span></p></div><a href="/creamy-havarti-cheese-slices-club-pack/p/20318917_EA?source=nspt" class="chakra-linkbox__overlay css-1hnz6hu"><div class="css-0"><p class="chakra-text css-1ecdp9w" data-testid="product-brand">Ziggy's</p><h3 class="chakra-heading css-6qrhwc" id="20318917_EA" data-testid="product-title">Creamy Havarti Cheese Slices, Club Pack</h3><p class="chakra-text css-1yftjin" data-testid="product-package-size">500 g, $2.70/100g</p></div></a><div class="css-8keand"></div></div><div class="css-1q5omjq"><div class="css-fcebb8"><div data-testid="atc-compact" class="css-y94ivq" style="width: 45px;"><button type="button" class="chakra-button css-mudsm6" data-testid="atc-button"><svg stroke="currentColor" fill="currentColor" stroke-width="0" viewBox="0 0 24 24" focusable="false" class="chakra-icon css-1g3sp7a" data-testid="btn-icon" aria-hidden="true" height="1em" width="1em" xmlns="http://www.w3.org/2000/svg"><path d="M19 13h-6v6h-2v-6H5v-2h6V5h2v6h6v2z"></path></svg><span class="css-idkz9h">Add Creamy Havarti Cheese Slices, Club Pack to cart</span></button></div></div></div></div></div></div></div><div data-testid="product-grid" class="css-epcqr3"><div class="css-0"><div class="css-f5i5wc"><div class="chakra-linkbox css-vhnn8v"><div data-testid="product-image" class="css-16dr4ly"><img alt="Tre Stelle Greek Style Cheese Traditional Feta 22% M.F. 375 g, $2.93/100g" src="https://assets.shop.loblaws.ca/products/21527851/b3/en/front/21527851_front_a06_@2.png" srcset="https://assets.shop.loblaws.ca/products/21527851/b3/en/front/21527851_front_a06_@2.png 1x, https://assets.shop.loblaws.ca/products/21527851/b3/en/front/21527851_front_a06_@2.png 2x" loading="lazy" class="chakra-image css-oguq8l" aria-hidden="true"></div><div class="css-qoklea"><div class="css-12dchmx"></div><div data-testid="price-product-tile" class="css-8atqhb"><p class="chakra-text css-0"><span class="chakra-text css-pwnbcb" data-testid="regular-price"><span class="css-idkz9h">$10.99</span>$10.99</span></p></div><a href="/greek-style-cheese-traditional-feta-22-m-f/p/21527851_EA?source=nspt" class="chakra-linkbox__overlay css-1hnz6hu"><div class="css-0"><p class="chakra-text css-1ecdp9w" data-testid="product-brand">Tre Stelle</p><h3 class="chakra-heading css-6qrhwc" id="21527851_EA" data-testid="product-title">Greek Style Cheese Traditional Feta 22% M.F.</h3><p class="chakra-text css-1yftjin" data-testid="product-package-size">375 g, $2.93/100g</p></div></a><div class="css-8keand"></div></div><div class="css-1q5omjq"><div class="css-fcebb8"><div data-testid="atc-compact" class="css-y94ivq" style="width: 45px;"><button type="button" class="chakra-button css-mudsm6" data-testid="atc-button"><svg stroke="currentColor" fill="currentColor" stroke-width="0" viewBox="0 0 24 24" focusable="false" class="chakra-icon css-1g3sp7a" data-testid="btn-icon" aria-hidden="true" height="1em" width="1em" xmlns="http://www.w3.org/2000/svg"><path d="M19 13h-6v6h-2v-6H5v-2h6V5h2v6h6v2z"></path></svg><span class="css-idkz9h">Add Greek Style Cheese Traditional Feta 22% M.F. to cart</span></button></div></div></div></div></div></div><div class="css-0"><div class="css-f5i5wc"><div class="chakra-linkbox css-vhnn8v"><div data-testid="product-image" class="css-16dr4ly"><img alt="PC Black Label White Stilton With Mango &amp; Ginger Hard Unripened Cheese 200 g, $3.90/100g" src="https://assets.shop.loblaws.ca/products/20816790/b3/en/front/20816790_front_a06_@2.png" srcset="https://assets.shop.loblaws.ca/products/20816790/b3/en/front/20816790_front_a06_@2.png 1x, https://assets.shop.loblaws.ca/products/20816790/b3/en/front/20816790_front_a06_@2.png 2x" loading="lazy" class="chakra-image css-oguq8l" aria-hidden="true"></div><div class="css-qoklea"><div class="css-12dchmx"></div><div data-testid="price-product-tile" class="css-8atqhb"><p class="chakra-text css-0"><span class="chakra-text css-pwnbcb" data-testid="regular-price"><span class="css-idkz9h">$7.79</span>$7.79</span></p></div><a href="/white-stilton-with-mango-ginger-hard-unripened-che/p/20816790_EA?source=nspt" class="chakra-linkbox__overlay css-1hnz6hu"><div class="css-0"><p class="chakra-text css-1ecdp9w" data-testid="product-brand">PC Black Label</p><h3 class="chakra-heading css-6qrhwc" id="20816790_EA" data-testid="product-title">White Stilton With Mango &amp; Ginger Hard Unripened Cheese</h3><p class="chakra-text css-1yftjin" data-testid="product-package-size">200 g, $3.90/100g</p></div></a><div class="css-8keand"></div></div><div class="css-1q5omjq"><div class="css-fcebb8"><div data-testid="atc-compact" class="css-y94ivq" style="width: 45px;"><button type="button" class="chakra-button css-mudsm6" data-testid="atc-button"><svg stroke="currentColor" fill="currentColor" stroke-width="0" viewBox="0 0 24 24" focusable="false" class="chakra-icon css-1g3sp7a" data-testid="btn-icon" aria-hidden="true" height="1em" width="1em" xmlns="http://www.w3.org/2000/svg"><path d="M19 13h-6v6h-2v-6H5v-2h6V5h2v6h6v2z"></path></svg><span class="css-idkz9h">Add White Stilton With Mango &amp; Ginger Hard Unripened Cheese to cart</span></button></div></div></div></div></div></div><div class="css-0"><div class="css-f5i5wc"><div class="chakra-linkbox css-vhnn8v"><div data-testid="product-image" class="css-16dr4ly"><img alt="PC Black Label Manchego Sheep's Milk Hard Ripened Cheese Aged 6 Months 150 g, $6.33/100g" src="https://assets.shop.loblaws.ca/products/20857373/b3/en/front/20857373_front_a06_@2.png" srcset="https://assets.shop.loblaws.ca/products/20857373/b3/en/front/20857373_front_a06_@2.png 1x, https://assets.shop.loblaws.ca/products/20857373/b3/en/front/20857373_front_a06_@2.png 2x" loading="lazy" class="chakra-image css-oguq8l" aria-hidden="true"></div><div class="css-qoklea"><div class="css-12dchmx"></div><div data-testid="price-product-tile" class="css-8atqhb"><p class="chakra-text css-0"><span class="chakra-text css-pwnbcb" data-testid="regular-price"><span class="css-idkz9h">$9.49</span>$9.49</span></p></div><a href="/manchego-sheep-s-milk-hard-ripened-cheese-aged-6-m/p/20857373_EA?source=nspt" class="chakra-linkbox__overlay css-1hnz6hu"><div class="css-0"><p class="chakra-text css-1ecdp9w" data-testid="product-brand">PC Black Label</p><h3 class="chakra-heading css-6qrhwc" id="20857373_EA" data-testid="product-title">Manchego Sheep's Milk Hard Ripened Cheese Aged 6 Months</h3><p class="chakra-text css-1yftjin" data-testid="product-package-size">150 g, $6.33/100g</p></div></a><div class="css-8keand"></div></div><div class="css-1q5omjq"><div class="css-fcebb8"><div data-testid="atc-compact" class="css-y94ivq" style="width: 45px;"><button type="button" class="chakra-button css-mudsm6" data-testid="atc-button"><svg stroke="currentColor" fill="currentColor" stroke-width="0" viewBox="0 0 24 24" focusable="false" class="chakra-icon css-1g3sp7a" data-testid="btn-icon" aria-hidden="true" height="1em" width="1em" xmlns="http://www.w3.org/2000/svg"><path d="M19 13h-6v6h-2v-6H5v-2h6V5h2v6h6v2z"></path></svg><span class="css-idkz9h">Add Manchego Sheep's Milk Hard Ripened Cheese Aged 6 Months to cart</span></button></div></div></div></div></div></div><div class="css-0"><div class="css-f5i5wc"><div class="chakra-linkbox css-vhnn8v"><div data-testid="product-image" class="css-16dr4ly"><img alt="President's Choice Herb &amp; Spice Havarti Cheese Block 250 g, $2.80/100g" src="https://assets.shop.loblaws.ca/products/20770654/b3/en/front/20770654_front_a06_@2.png" srcset="https://assets.shop.loblaws.ca/products/20770654/b3/en/front/20770654_front_a06_@2.png 1x, https://assets.shop.loblaws.ca/products/20770654/b3/en/front/20770654_front_a06_@2.png 2x" loading="lazy" class="chakra-image css-oguq8l" aria-hidden="true"></div><div class="css-qoklea"><div class="css-12dchmx"></div><div data-testid="price-product-tile" class="css-8atqhb"><p class="chakra-text css-0"><span class="chakra-text css-o93gbd" data-testid="sale-price"><span class="css-idkz9h">$7.00</span>$7.00</span><span class="chakra-text css-623q5h" data-testid="was-price"><span class="css-idkz9h">$7.49</span>$7.49</span></p><p class="chakra-text css-1m5a6y8" data-testid="price-descriptor">SAVE $0.49</p></div><a href="/herb-spice-havarti-cheese-block/p/20770654_EA?source=nspt" class="chakra-linkbox__overlay css-1hnz6hu"><div class="css-0"><p class="chakra-text css-1ecdp9w" data-testid="product-brand">President's Choice</p><h3 class="chakra-heading css-6qrhwc" id="20770654_EA" data-testid="product-title">Herb &amp; Spice Havarti Cheese Block</h3><p class="chakra-text css-1yftjin" data-testid="product-package-size">250 g, $2.80/100g</p></div></a><div class="css-8keand"></div></div><div class="css-1q5omjq"><div class="css-fcebb8"><div data-testid="atc-compact" class="css-y94ivq" style="width: 45px;"><button type="button" class="chakra-button css-mudsm6" data-testid="atc-button"><svg stroke="currentColor" fill="currentColor" stroke-width="0" viewBox="0 0 24 24" focusable="false" class="chakra-icon css-1g3sp7a" data-testid="btn-icon" aria-hidden="true" height="1em" width="1em" xmlns="http://www.w3.org/2000/svg"><path d="M19 13h-6v6h-2v-6H5v-2h6V5h2v6h6v2z"></path></svg><span class="css-idkz9h">Add Herb &amp; Spice Havarti Cheese Block to cart</span></button></div></div></div></div></div></div><div class="css-0"><div class="css-f5i5wc"><div class="chakra-linkbox css-vhnn8v"><div data-testid="product-image" class="css-16dr4ly"><img alt="President's Choice Spicy Cheddar Cheese  250 g, $3.92/100g" src="https://assets.shop.loblaws.ca/products/21388426/b3/en/front/21388426_front_a06_@2.png" srcset="https://assets.shop.loblaws.ca/products/21388426/b3/en/front/21388426_front_a06_@2.png 1x, https://assets.shop.loblaws.ca/products/21388426/b3/en/front/21388426_front_a06_@2.png 2x" loading="lazy" class="chakra-image css-oguq8l" aria-hidden="true"></div><div class="css-qoklea"><div class="css-12dchmx"></div><div data-testid="price-product-tile" class="css-8atqhb"><p class="chakra-text css-0"><span class="chakra-text css-pwnbcb" data-testid="regular-price"><span class="css-idkz9h">$9.79</span>$9.79</span></p></div><a href="/spicy-cheddar-cheese/p/21388426_EA?source=nspt" class="chakra-linkbox__overlay css-1hnz6hu"><div class="css-0"><p class="chakra-text css-1ecdp9w" data-testid="product-brand">President's Choice</p><h3 class="chakra-heading css-6qrhwc" id="21388426_EA" data-testid="product-title">Spicy Cheddar Cheese </h3><p class="chakra-text css-1yftjin" data-testid="product-package-size">250 g, $3.92/100g</p></div></a><div class="css-8keand"></div></div><div class="css-1q5omjq"><div class="css-fcebb8"><div data-testid="atc-compact" class="css-y94ivq" style="width: 45px;"><button type="button" class="chakra-button css-mudsm6" data-testid="atc-button"><svg stroke="currentColor" fill="currentColor" stroke-width="0" viewBox="0 0 24 24" focusable="false" class="chakra-icon css-1g3sp7a" data-testid="btn-icon" aria-hidden="true" height="1em" width="1em" xmlns="http://www.w3.org/2000/svg"><path d="M19 13h-6v6h-2v-6H5v-2h6V5h2v6h6v2z"></path></svg><span class="css-idkz9h">Add Spicy Cheddar Cheese  to cart</span></button></div></div></div></div></div></div><div class="css-0"><div class="css-f5i5wc"><div class="chakra-linkbox css-vhnn8v"><div data-testid="product-image" class="css-16dr4ly"><img alt="President's Choice Medium Cheddar Cheese 250 g, $2.80/100g" src="https://assets.shop.loblaws.ca/products/20770708/b3/en/front/20770708_front_a06_@2.png" srcset="https://assets.shop.loblaws.ca/products/20770708/b3/en/front/20770708_front_a06_@2.png 1x, https://assets.shop.loblaws.ca/products/20770708/b3/en/front/20770708_front_a06_@2.png 2x" loading="lazy" class="chakra-image css-oguq8l" aria-hidden="true"></div><div class="css-qoklea"><div class="css-12dchmx"></div><div data-testid="price-product-tile" class="css-8atqhb"><p class="chakra-text css-0"><span class="chakra-text css-o93gbd" data-testid="sale-price"><span class="css-idkz9h">$7.00</span>$7.00</span><span class="chakra-text css-623q5h" data-testid="was-price"><span class="css-idkz9h">$7.49</span>$7.49</span></p><p class="chakra-text css-1m5a6y8" data-testid="price-descriptor">SAVE $0.49</p></div><a href="/medium-cheddar-cheese/p/20770708_EA?source=nspt" class="chakra-linkbox__overlay css-1hnz6hu"><div class="css-0"><p class="chakra-text css-1ecdp9w" data-testid="product-brand">President's Choice</p><h3 class="chakra-heading css-6qrhwc" id="20770708_EA" data-testid="product-title">Medium Cheddar Cheese</h3><p class="chakra-text css-1yftjin" data-testid="product-package-size">250 g, $2.80/100g</p></div></a><div class="css-8keand"></div></div><div class="css-1q5omjq"><div class="css-fcebb8"><div data-testid="atc-compact" class="css-y94ivq" style="width: 45px;"><button type="button" class="chakra-button css-mudsm6" data-testid="atc-button"><svg stroke="currentColor" fill="currentColor" stroke-width="0" viewBox="0 0 24 24" focusable="false" class="chakra-icon css-1g3sp7a" data-testid="btn-icon" aria-hidden="true" height="1em" width="1em" xmlns="http://www.w3.org/2000/svg"><path d="M19 13h-6v6h-2v-6H5v-2h6V5h2v6h6v2z"></path></svg><span class="css-idkz9h">Add Medium Cheddar Cheese to cart</span></button></div></div></div></div></div></div><div class="css-0"><div class="css-f5i5wc"><div class="chakra-linkbox css-vhnn8v"><div data-testid="product-image" class="css-16dr4ly"><img alt="Alexis Portneuf Camembert Cheese 300 g, $2.83/100g" src="https://assets.shop.loblaws.ca/products/20817966/b3/en/front/20817966_front_a06_@2.png" srcset="https://assets.shop.loblaws.ca/products/20817966/b3/en/front/20817966_front_a06_@2.png 1x, https://assets.shop.loblaws.ca/products/20817966/b3/en/front/20817966_front_a06_@2.png 2x" loading="lazy" class="chakra-image css-oguq8l" aria-hidden="true"></div><div class="css-qoklea"><div class="css-12dchmx"></div><div data-testid="price-product-tile" class="css-8atqhb"><p class="chakra-text css-0"><span class="chakra-text css-pwnbcb" data-testid="regular-price"><span class="css-idkz9h">$8.49</span>$8.49</span></p></div><a href="/camembert-cheese/p/20817966_EA?source=nspt" class="chakra-linkbox__overlay css-1hnz6hu"><div class="css-0"><p class="chakra-text css-1ecdp9w" data-testid="product-brand">Alexis Portneuf</p><h3 class="chakra-heading css-6qrhwc" id="20817966_EA" data-testid="product-title">Camembert Cheese</h3><p class="chakra-text css-1yftjin" data-testid="product-package-size">300 g, $2.83/100g</p></div></a><div class="css-8keand"></div></div><div class="css-1q5omjq"><div class="css-fcebb8"><div data-testid="atc-compact" class="css-y94ivq" style="width: 45px;"><button type="button" class="chakra-button css-mudsm6" data-testid="atc-button"><svg stroke="currentColor" fill="currentColor" stroke-width="0" viewBox="0 0 24 24" focusable="false" class="chakra-icon css-1g3sp7a" data-testid="btn-icon" aria-hidden="true" height="1em" width="1em" xmlns="http://www.w3.org/2000/svg"><path d="M19 13h-6v6h-2v-6H5v-2h6V5h2v6h6v2z"></path></svg><span class="css-idkz9h">Add Camembert Cheese to cart</span></button></div></div></div></div></div></div><div class="css-0"><div class="css-f5i5wc"><div class="chakra-linkbox css-vhnn8v"><div data-testid="product-image" class="css-16dr4ly"><img alt="PC Black Label Parmesan 200 g, $6.25/100g" src="https://assets.shop.loblaws.ca/products/20626019/b3/en/front/20626019_front_a06_@2.png" srcset="https://assets.shop.loblaws.ca/products/20626019/b3/en/front/20626019_front_a06_@2.png 1x, https://assets.shop.loblaws.ca/products/20626019/b3/en/front/20626019_front_a06_@2.png 2x" loading="lazy" class="chakra-image css-oguq8l" aria-hidden="true"></div><div class="css-qoklea"><div class="css-12dchmx"></div><div data-testid="price-product-tile" class="css-8atqhb"><p class="chakra-text css-0"><span class="chakra-text css-pwnbcb" data-testid="regular-price"><span class="css-idkz9h">$12.49</span>$12.49</span></p></div><a href="/parmesan/p/20626019_EA?source=nspt" class="chakra-linkbox__overlay css-1hnz6hu"><div class="css-0"><p class="chakra-text css-1ecdp9w" data-testid="product-brand">PC Black Label</p><h3 class="chakra-heading css-6qrhwc" id="20626019_EA" data-testid="product-title">Parmesan</h3><p class="chakra-text css-1yftjin" data-testid="product-package-size">200 g, $6.25/100g</p></div></a><div class="css-8keand"></div></div><div class="css-1q5omjq"><div class="css-fcebb8"><div data-testid="atc-compact" class="css-y94ivq" style="width: 45px;"><button type="button" class="chakra-button css-mudsm6" data-testid="atc-button"><svg stroke="currentColor" fill="currentColor" stroke-width="0" viewBox="0 0 24 24" focusable="false" class="chakra-icon css-1g3sp7a" data-testid="btn-icon" aria-hidden="true" height="1em" width="1em" xmlns="http://www.w3.org/2000/svg"><path d="M19 13h-6v6h-2v-6H5v-2h6V5h2v6h6v2z"></path></svg><span class="css-idkz9h">Add Parmesan to cart</span></button></div></div></div></div></div></div><div class="css-0"><div class="css-f5i5wc"><div class="chakra-linkbox css-vhnn8v"><div data-testid="product-image" class="css-16dr4ly"><img alt="The Laughing Cow Original 267 g, $2.81/100g" src="https://assets.shop.loblaws.ca/products/20099999/b3/en/front/20099999_front_a06_@2.png" srcset="https://assets.shop.loblaws.ca/products/20099999/b3/en/front/20099999_front_a06_@2.png 1x, https://assets.shop.loblaws.ca/products/20099999/b3/en/front/20099999_front_a06_@2.png 2x" loading="lazy" class="chakra-image css-oguq8l" aria-hidden="true"></div><div class="css-qoklea"><div class="css-12dchmx"></div><div data-testid="price-product-tile" class="css-8atqhb"><p class="chakra-text css-0"><span class="chakra-text css-pwnbcb" data-testid="regular-price"><span class="css-idkz9h">$7.49</span>$7.49</span></p></div><a href="/original/p/20099999_EA?source=nspt" class="chakra-linkbox__overlay css-1hnz6hu"><div class="css-0"><p class="chakra-text css-1ecdp9w" data-testid="product-brand">The Laughing Cow</p><h3 class="chakra-heading css-6qrhwc" id="20099999_EA" data-testid="product-title">Original</h3><p class="chakra-text css-1yftjin" data-testid="product-package-size">267 g, $2.81/100g</p></div></a><div class="css-8keand"></div></div><div class="css-1q5omjq"><div class="css-fcebb8"><div data-testid="atc-compact" class="css-y94ivq" style="width: 45px;"><button type="button" class="chakra-button css-mudsm6" data-testid="atc-button"><svg stroke="currentColor" fill="currentColor" stroke-width="0" viewBox="0 0 24 24" focusable="false" class="chakra-icon css-1g3sp7a" data-testid="btn-icon" aria-hidden="true" height="1em" width="1em" xmlns="http://www.w3.org/2000/svg"><path d="M19 13h-6v6h-2v-6H5v-2h6V5h2v6h6v2z"></path></svg><span class="css-idkz9h">Add Original to cart</span></button></div></div></div></div></div></div><div class="css-0"><div class="css-f5i5wc"><div class="chakra-linkbox css-vhnn8v"><div data-testid="product-image" class="css-16dr4ly"><img alt="Tre Stelle Feta Cheese Cubes, Light 200 g, $4.25/100g" src="https://assets.shop.loblaws.ca/products/20775294/b3/en/front/20775294_front_a06_@2.png" srcset="https://assets.shop.loblaws.ca/products/20775294/b3/en/front/20775294_front_a06_@2.png 1x, https://assets.shop.loblaws.ca/products/20775294/b3/en/front/20775294_front_a06_@2.png 2x" loading="lazy" class="chakra-image css-oguq8l" aria-hidden="true"></div><div class="css-qoklea"><div class="css-12dchmx"></div><div data-testid="price-product-tile" class="css-8atqhb"><p class="chakra-text css-0"><span class="chakra-text css-pwnbcb" data-testid="regular-price"><span class="css-idkz9h">$8.49</span>$8.49</span></p></div><a href="/feta-cheese-cubes-light/p/20775294_EA?source=nspt" class="chakra-linkbox__overlay css-1hnz6hu"><div class="css-0"><p class="chakra-text css-1ecdp9w" data-testid="product-brand">Tre Stelle</p><h3 class="chakra-heading css-6qrhwc" id="20775294_EA" data-testid="product-title">Feta Cheese Cubes, Light</h3><p class="chakra-text css-1yftjin" data-testid="product-package-size">200 g, $4.25/100g</p></div></a><div class="css-8keand"></div></div><div class="css-1q5omjq"><div class="css-fcebb8"><div data-testid="atc-compact" class="css-y94ivq" style="width: 45px;"><button type="button" class="chakra-button css-mudsm6" data-testid="atc-button"><svg stroke="currentColor" fill="currentColor" stroke-width="0" viewBox="0 0 24 24" focusable="false" class="chakra-icon css-1g3sp7a" data-testid="btn-icon" aria-hidden="true" height="1em" width="1em" xmlns="http://www.w3.org/2000/svg"><path d="M19 13h-6v6h-2v-6H5v-2h6V5h2v6h6v2z"></path></svg><span class="css-idkz9h">Add Feta Cheese Cubes, Light to cart</span></button></div></div></div></div></div></div><div class="css-0"><div class="css-f5i5wc"><div class="chakra-linkbox css-vhnn8v"><div data-testid="product-image" class="css-16dr4ly"><img alt="Balderson Double Smoked Cheddar 250 g, $4.60/100g" src="https://assets.shop.loblaws.ca/products/20751992/b3/en/front/20751992_front_a06_@2.png" srcset="https://assets.shop.loblaws.ca/products/20751992/b3/en/front/20751992_front_a06_@2.png 1x, https://assets.shop.loblaws.ca/products/20751992/b3/en/front/20751992_front_a06_@2.png 2x" loading="lazy" class="chakra-image css-oguq8l" aria-hidden="true"></div><div class="css-qoklea"><div class="css-12dchmx"></div><div data-testid="price-product-tile" class="css-8atqhb"><p class="chakra-text css-0"><span class="chakra-text css-pwnbcb" data-testid="regular-price"><span class="css-idkz9h">$11.49</span>$11.49</span></p></div><a href="/double-smoked-cheddar/p/20751992_EA?source=nspt" class="chakra-linkbox__overlay css-1hnz6hu"><div class="css-0"><p class="chakra-text css-1ecdp9w" data-testid="product-brand">Balderson</p><h3 class="chakra-heading css-6qrhwc" id="20751992_EA" data-testid="product-title">Double Smoked Cheddar</h3><p class="chakra-text css-1yftjin" data-testid="product-package-size">250 g, $4.60/100g</p></div></a><div class="css-8keand"></div></div><div class="css-1q5omjq"><div class="css-fcebb8"><div data-testid="atc-compact" class="css-y94ivq" style="width: 45px;"><button type="button" class="chakra-button css-mudsm6" data-testid="atc-button"><svg stroke="currentColor" fill="currentColor" stroke-width="0" viewBox="0 0 24 24" focusable="false" class="chakra-icon css-1g3sp7a" data-testid="btn-icon" aria-hidden="true" height="1em" width="1em" xmlns="http://www.w3.org/2000/svg"><path d="M19 13h-6v6h-2v-6H5v-2h6V5h2v6h6v2z"></path></svg><span class="css-idkz9h">Add Double Smoked Cheddar to cart</span></button></div></div></div></div></div></div><div class="css-0"><div class="css-f5i5wc"><div class="chakra-linkbox css-vhnn8v"><div data-testid="product-image" class="css-16dr4ly"><img alt="The Laughing Cow Garlic &amp; Herb 133 g, $2.77/100g" src="https://assets.shop.loblaws.ca/products/20312146/b3/en/front/20312146_front_a06_@2.png" srcset="https://assets.shop.loblaws.ca/products/20312146/b3/en/front/20312146_front_a06_@2.png 1x, https://assets.shop.loblaws.ca/products/20312146/b3/en/front/20312146_front_a06_@2.png 2x" loading="lazy" class="chakra-image css-oguq8l" aria-hidden="true"></div><div class="css-qoklea"><div class="css-12dchmx"></div><div data-testid="price-product-tile" class="css-8atqhb"><p class="chakra-text css-0"><span class="chakra-text css-o93gbd" data-testid="sale-price"><span class="css-idkz9h">$3.69</span>$3.69</span><span class="chakra-text css-623q5h" data-testid="was-price"><span class="css-idkz9h">$4.79</span>$4.79</span></p><p class="chakra-text css-1m5a6y8" data-testid="price-descriptor">SAVE $1.10</p></div><a href="/garlic-herb/p/20312146_EA?source=nspt" class="chakra-linkbox__overlay css-1hnz6hu"><div class="css-0"><p class="chakra-text css-1ecdp9w" data-testid="product-brand">The Laughing Cow</p><h3 class="chakra-heading css-6qrhwc" id="20312146_EA" data-testid="product-title">Garlic &amp; Herb</h3><p class="chakra-text css-1yftjin" data-testid="product-package-size">133 g, $2.77/100g</p></div></a><div class="css-8keand"></div></div><div class="css-1q5omjq"><div class="css-fcebb8"><div data-testid="atc-compact" class="css-y94ivq" style="width: 45px;"><button type="button" class="chakra-button css-mudsm6" data-testid="atc-button"><svg stroke="currentColor" fill="currentColor" stroke-width="0" viewBox="0 0 24 24" focusable="false" class="chakra-icon css-1g3sp7a" data-testid="btn-icon" aria-hidden="true" height="1em" width="1em" xmlns="http://www.w3.org/2000/svg"><path d="M19 13h-6v6h-2v-6H5v-2h6V5h2v6h6v2z"></path></svg><span class="css-idkz9h">Add Garlic &amp; Herb to cart</span></button></div></div></div></div></div></div><div class="css-0"><div class="css-f5i5wc"><div class="chakra-linkbox css-vhnn8v"><div data-testid="product-image" class="css-16dr4ly"><img alt="President's Choice Cranberry Soft Unripened Goat’s Milk Cheese 300 g, $3.16/100g" src="https://assets.shop.loblaws.ca/products/20419118/b3/en/front/20419118_front_a06_@2.png" srcset="https://assets.shop.loblaws.ca/products/20419118/b3/en/front/20419118_front_a06_@2.png 1x, https://assets.shop.loblaws.ca/products/20419118/b3/en/front/20419118_front_a06_@2.png 2x" loading="lazy" class="chakra-image css-oguq8l" aria-hidden="true"></div><div class="css-qoklea"><div class="css-12dchmx"></div><div data-testid="price-product-tile" class="css-8atqhb"><p class="chakra-text css-0"><span class="chakra-text css-pwnbcb" data-testid="regular-price"><span class="css-idkz9h">$9.49</span>$9.49</span></p></div><a href="/cranberry-soft-unripened-goat-s-milk-cheese/p/20419118_EA?source=nspt" class="chakra-linkbox__overlay css-1hnz6hu"><div class="css-0"><p class="chakra-text css-1ecdp9w" data-testid="product-brand">President's Choice</p><h3 class="chakra-heading css-6qrhwc" id="20419118_EA" data-testid="product-title">Cranberry Soft Unripened Goat’s Milk Cheese</h3><p class="chakra-text css-1yftjin" data-testid="product-package-size">300 g, $3.16/100g</p></div></a><div class="css-8keand"></div></div><div class="css-1q5omjq"><div class="css-fcebb8"><div data-testid="atc-compact" class="css-y94ivq" style="width: 45px;"><button type="button" class="chakra-button css-mudsm6" data-testid="atc-button"><svg stroke="currentColor" fill="currentColor" stroke-width="0" viewBox="0 0 24 24" focusable="false" class="chakra-icon css-1g3sp7a" data-testid="btn-icon" aria-hidden="true" height="1em" width="1em" xmlns="http://www.w3.org/2000/svg"><path d="M19 13h-6v6h-2v-6H5v-2h6V5h2v6h6v2z"></path></svg><span class="css-idkz9h">Add Cranberry Soft Unripened Goat’s Milk Cheese to cart</span></button></div></div></div></div></div></div><div class="css-0"><div class="css-f5i5wc"><div class="chakra-linkbox css-vhnn8v"><div data-testid="product-image" class="css-16dr4ly"><img alt="Castello Cream Cheese Spread, Pineapple 125 g, $4.79/100g" src="https://assets.shop.loblaws.ca/products/20986112/b3/en/front/20986112_front_a06_@2.png" srcset="https://assets.shop.loblaws.ca/products/20986112/b3/en/front/20986112_front_a06_@2.png 1x, https://assets.shop.loblaws.ca/products/20986112/b3/en/front/20986112_front_a06_@2.png 2x" loading="lazy" class="chakra-image css-oguq8l" aria-hidden="true"></div><div class="css-qoklea"><div class="css-12dchmx"></div><div data-testid="price-product-tile" class="css-8atqhb"><p class="chakra-text css-0"><span class="chakra-text css-pwnbcb" data-testid="regular-price"><span class="css-idkz9h">$5.99</span>$5.99</span></p></div><a href="/cream-cheese-spread-pineapple/p/20986112_EA?source=nspt" class="chakra-linkbox__overlay css-1hnz6hu"><div class="css-0"><p class="chakra-text css-1ecdp9w" data-testid="product-brand">Castello</p><h3 class="chakra-heading css-6qrhwc" id="20986112_EA" data-testid="product-title">Cream Cheese Spread, Pineapple</h3><p class="chakra-text css-1yftjin" data-testid="product-package-size">125 g, $4.79/100g</p></div></a><div class="css-8keand"></div></div><div class="css-1q5omjq"><div class="css-fcebb8"><div data-testid="atc-compact" class="css-y94ivq" style="width: 45px;"><button type="button" class="chakra-button css-mudsm6" data-testid="atc-button"><svg stroke="currentColor" fill="currentColor" stroke-width="0" viewBox="0 0 24 24" focusable="false" class="chakra-icon css-1g3sp7a" data-testid="btn-icon" aria-hidden="true" height="1em" width="1em" xmlns="http://www.w3.org/2000/svg"><path d="M19 13h-6v6h-2v-6H5v-2h6V5h2v6h6v2z"></path></svg><span class="css-idkz9h">Add Cream Cheese Spread, Pineapple to cart</span></button></div></div></div></div></div></div><div class="css-0"><div class="css-f5i5wc"><div class="chakra-linkbox css-vhnn8v"><div data-testid="product-image" class="css-16dr4ly"><img alt="President's Choice Original Soft Unripened Goat’s Milk Cheese  300 g, $3.16/100g" src="https://assets.shop.loblaws.ca/products/20569735/b3/en/front/20569735_front_a06_@2.png" srcset="https://assets.shop.loblaws.ca/products/20569735/b3/en/front/20569735_front_a06_@2.png 1x, https://assets.shop.loblaws.ca/products/20569735/b3/en/front/20569735_front_a06_@2.png 2x" loading="lazy" class="chakra-image css-oguq8l" aria-hidden="true"></div><div class="css-qoklea"><div class="css-12dchmx"></div><div data-testid="price-product-tile" class="css-8atqhb"><p class="chakra-text css-0"><span class="chakra-text css-pwnbcb" data-testid="regular-price"><span class="css-idkz9h">$9.49</span>$9.49</span></p></div><a href="/original-soft-unripened-goat-s-milk-cheese/p/20569735_EA?source=nspt" class="chakra-linkbox__overlay css-1hnz6hu"><div class="css-0"><p class="chakra-text css-1ecdp9w" data-testid="product-brand">President's Choice</p><h3 class="chakra-heading css-6qrhwc" id="20569735_EA" data-testid="product-title">Original Soft Unripened Goat’s Milk Cheese </h3><p class="chakra-text css-1yftjin" data-testid="product-package-size">300 g, $3.16/100g</p></div></a><div class="css-8keand"></div></div><div class="css-1q5omjq"><div class="css-fcebb8"><div data-testid="atc-compact" class="css-y94ivq" style="width: 45px;"><button type="button" class="chakra-button css-mudsm6" data-testid="atc-button"><svg stroke="currentColor" fill="currentColor" stroke-width="0" viewBox="0 0 24 24" focusable="false" class="chakra-icon css-1g3sp7a" data-testid="btn-icon" aria-hidden="true" height="1em" width="1em" xmlns="http://www.w3.org/2000/svg"><path d="M19 13h-6v6h-2v-6H5v-2h6V5h2v6h6v2z"></path></svg><span class="css-idkz9h">Add Original Soft Unripened Goat’s Milk Cheese  to cart</span></button></div></div></div></div></div></div><div class="css-0"><div class="css-f5i5wc"><div class="chakra-linkbox css-vhnn8v"><div data-testid="product-image" class="css-16dr4ly"><img alt="Ziggy's Feta, Light 400 g, $2.37/100g" src="https://assets.shop.loblaws.ca/products/20592954/b3/en/front/20592954_front_a06_@2.png" srcset="https://assets.shop.loblaws.ca/products/20592954/b3/en/front/20592954_front_a06_@2.png 1x, https://assets.shop.loblaws.ca/products/20592954/b3/en/front/20592954_front_a06_@2.png 2x" loading="lazy" class="chakra-image css-oguq8l" aria-hidden="true"></div><div class="css-qoklea"><div class="css-12dchmx"></div><div data-testid="price-product-tile" class="css-8atqhb"><p class="chakra-text css-0"><span class="chakra-text css-pwnbcb" data-testid="regular-price"><span class="css-idkz9h">$9.49</span>$9.49</span></p></div><a href="/feta-light/p/20592954_EA?source=nspt" class="chakra-linkbox__overlay css-1hnz6hu"><div class="css-0"><p class="chakra-text css-1ecdp9w" data-testid="product-brand">Ziggy's</p><h3 class="chakra-heading css-6qrhwc" id="20592954_EA" data-testid="product-title">Feta, Light</h3><p class="chakra-text css-1yftjin" data-testid="product-package-size">400 g, $2.37/100g</p></div></a><div class="css-8keand"></div></div><div class="css-1q5omjq"><div class="css-fcebb8"><div data-testid="atc-compact" class="css-y94ivq" style="width: 45px;"><button type="button" class="chakra-button css-mudsm6" data-testid="atc-button"><svg stroke="currentColor" fill="currentColor" stroke-width="0" viewBox="0 0 24 24" focusable="false" class="chakra-icon css-1g3sp7a" data-testid="btn-icon" aria-hidden="true" height="1em" width="1em" xmlns="http://www.w3.org/2000/svg"><path d="M19 13h-6v6h-2v-6H5v-2h6V5h2v6h6v2z"></path></svg><span class="css-idkz9h">Add Feta, Light to cart</span></button></div></div></div></div></div></div><div class="css-0"><div class="css-f5i5wc"><div class="chakra-linkbox css-vhnn8v"><div data-testid="product-image" class="css-16dr4ly"><img alt="President's Choice Sliced Gouda Cheese 160 g, $3.75/100g" src="https://assets.shop.loblaws.ca/products/20250505/b3/en/front/20250505_front_a06_@2.png" srcset="https://assets.shop.loblaws.ca/products/20250505/b3/en/front/20250505_front_a06_@2.png 1x, https://assets.shop.loblaws.ca/products/20250505/b3/en/front/20250505_front_a06_@2.png 2x" loading="lazy" class="chakra-image css-oguq8l" aria-hidden="true"></div><div class="css-qoklea"><div class="css-12dchmx"></div><div data-testid="price-product-tile" class="css-8atqhb"><p class="chakra-text css-0"><span class="chakra-text css-o93gbd" data-testid="sale-price"><span class="css-idkz9h">$6.00</span>$6.00</span><span class="chakra-text css-623q5h" data-testid="was-price"><span class="css-idkz9h">$6.99</span>$6.99</span></p><p class="chakra-text css-1m5a6y8" data-testid="price-descriptor">SAVE $0.99</p></div><a href="/sliced-gouda-cheese/p/20250505_EA?source=nspt" class="chakra-linkbox__overlay css-1hnz6hu"><div class="css-0"><p class="chakra-text css-1ecdp9w" data-testid="product-brand">President's Choice</p><h3 class="chakra-heading css-6qrhwc" id="20250505_EA" data-testid="product-title">Sliced Gouda Cheese</h3><p class="chakra-text css-1yftjin" data-testid="product-package-size">160 g, $3.75/100g</p></div></a><div class="css-8keand"></div></div><div class="css-1q5omjq"><div class="css-fcebb8"><div data-testid="atc-compact" class="css-y94ivq" style="width: 45px;"><button type="button" class="chakra-button css-mudsm6" data-testid="atc-button"><svg stroke="currentColor" fill="currentColor" stroke-width="0" viewBox="0 0 24 24" focusable="false" class="chakra-icon css-1g3sp7a" data-testid="btn-icon" aria-hidden="true" height="1em" width="1em" xmlns="http://www.w3.org/2000/svg"><path d="M19 13h-6v6h-2v-6H5v-2h6V5h2v6h6v2z"></path></svg><span class="css-idkz9h">Add Sliced Gouda Cheese to cart</span></button></div></div></div></div></div></div><div class="css-0"><div class="css-f5i5wc"><div class="chakra-linkbox css-vhnn8v"><div data-testid="product-image" class="css-16dr4ly"><img alt="Oka Mushroom and Truffles Cheese 190 g, $4.21/100g" src="https://assets.shop.loblaws.ca/products/21495878/b3/en/front/21495878_front_a06_@2.png" srcset="https://assets.shop.loblaws.ca/products/21495878/b3/en/front/21495878_front_a06_@2.png 1x, https://assets.shop.loblaws.ca/products/21495878/b3/en/front/21495878_front_a06_@2.png 2x" loading="lazy" class="chakra-image css-oguq8l" aria-hidden="true"></div><div class="css-qoklea"><div class="css-12dchmx"></div><div data-testid="price-product-tile" class="css-8atqhb"><p class="chakra-text css-0"><span class="chakra-text css-pwnbcb" data-testid="regular-price"><span class="css-idkz9h">$7.99</span>$7.99</span></p></div><a href="/mushroom-and-truffles-cheese/p/21495878_EA?source=nspt" class="chakra-linkbox__overlay css-1hnz6hu"><div class="css-0"><p class="chakra-text css-1ecdp9w" data-testid="product-brand">Oka</p><h3 class="chakra-heading css-6qrhwc" id="21495878_EA" data-testid="product-title">Mushroom and Truffles Cheese</h3><p class="chakra-text css-1yftjin" data-testid="product-package-size">190 g, $4.21/100g</p></div></a><div class="css-8keand"></div></div><div class="css-1q5omjq"><div class="css-fcebb8"><div data-testid="atc-compact" class="css-y94ivq" style="width: 45px;"><button type="button" class="chakra-button css-mudsm6" data-testid="atc-button"><svg stroke="currentColor" fill="currentColor" stroke-width="0" viewBox="0 0 24 24" focusable="false" class="chakra-icon css-1g3sp7a" data-testid="btn-icon" aria-hidden="true" height="1em" width="1em" xmlns="http://www.w3.org/2000/svg"><path d="M19 13h-6v6h-2v-6H5v-2h6V5h2v6h6v2z"></path></svg><span class="css-idkz9h">Add Mushroom and Truffles Cheese to cart</span></button></div></div></div></div></div></div><div class="css-0"><div class="css-f5i5wc"><div class="chakra-linkbox css-vhnn8v"><div data-testid="product-image" class="css-16dr4ly"><img alt="Balderson Marble Cheddar 280 g, $3.57/100g" src="https://assets.shop.loblaws.ca/products/20415944/b3/en/front/20415944_front_a06_@2.png" srcset="https://assets.shop.loblaws.ca/products/20415944/b3/en/front/20415944_front_a06_@2.png 1x, https://assets.shop.loblaws.ca/products/20415944/b3/en/front/20415944_front_a06_@2.png 2x" loading="lazy" class="chakra-image css-oguq8l" aria-hidden="true"></div><div class="css-qoklea"><div class="css-12dchmx"></div><div data-testid="price-product-tile" class="css-8atqhb"><p class="chakra-text css-0"><span class="chakra-text css-pwnbcb" data-testid="regular-price"><span class="css-idkz9h">$9.99</span>$9.99</span></p></div><a href="/marble-cheddar/p/20415944_EA?source=nspt" class="chakra-linkbox__overlay css-1hnz6hu"><div class="css-0"><p class="chakra-text css-1ecdp9w" data-testid="product-brand">Balderson</p><h3 class="chakra-heading css-6qrhwc" id="20415944_EA" data-testid="product-title">Marble Cheddar</h3><p class="chakra-text css-1yftjin" data-testid="product-package-size">280 g, $3.57/100g</p></div></a><div class="css-8keand"></div></div><div class="css-1q5omjq"><div class="css-fcebb8"><div data-testid="atc-compact" class="css-y94ivq" style="width: 45px;"><button type="button" class="chakra-button css-mudsm6" data-testid="atc-button"><svg stroke="currentColor" fill="currentColor" stroke-width="0" viewBox="0 0 24 24" focusable="false" class="chakra-icon css-1g3sp7a" data-testid="btn-icon" aria-hidden="true" height="1em" width="1em" xmlns="http://www.w3.org/2000/svg"><path d="M19 13h-6v6h-2v-6H5v-2h6V5h2v6h6v2z"></path></svg><span class="css-idkz9h">Add Marble Cheddar to cart</span></button></div></div></div></div></div></div><div class="css-0"><div class="css-f5i5wc"><div class="chakra-linkbox css-vhnn8v"><div data-testid="product-image" class="css-16dr4ly"><img alt="President's Choice Coloured Old Cheddar Cheese, Club Pack 500 g, $2.60/100g" src="https://assets.shop.loblaws.ca/products/20249328/b3/en/front/20249328_front_a06_@2.png" srcset="https://assets.shop.loblaws.ca/products/20249328/b3/en/front/20249328_front_a06_@2.png 1x, https://assets.shop.loblaws.ca/products/20249328/b3/en/front/20249328_front_a06_@2.png 2x" loading="lazy" class="chakra-image css-oguq8l" aria-hidden="true"></div><div class="css-qoklea"><div class="css-12dchmx"></div><div data-testid="price-product-tile" class="css-8atqhb"><p class="chakra-text css-0"><span class="chakra-text css-pwnbcb" data-testid="regular-price"><span class="css-idkz9h">$12.99</span>$12.99</span></p></div><a href="/coloured-old-cheddar-cheese-club-pack/p/20249328_EA?source=nspt" class="chakra-linkbox__overlay css-1hnz6hu"><div class="css-0"><p class="chakra-text css-1ecdp9w" data-testid="product-brand">President's Choice</p><h3 class="chakra-heading css-6qrhwc" id="20249328_EA" data-testid="product-title">Coloured Old Cheddar Cheese, Club Pack</h3><p class="chakra-text css-1yftjin" data-testid="product-package-size">500 g, $2.60/100g</p></div></a><div class="css-8keand"></div></div><div class="css-1q5omjq"><div class="css-fcebb8"><div data-testid="atc-compact" class="css-y94ivq" style="width: 45px;"><button type="button" class="chakra-button css-mudsm6" data-testid="atc-button"><svg stroke="currentColor" fill="currentColor" stroke-width="0" viewBox="0 0 24 24" focusable="false" class="chakra-icon css-1g3sp7a" data-testid="btn-icon" aria-hidden="true" height="1em" width="1em" xmlns="http://www.w3.org/2000/svg"><path d="M19 13h-6v6h-2v-6H5v-2h6V5h2v6h6v2z"></path></svg><span class="css-idkz9h">Add Coloured Old Cheddar Cheese, Club Pack to cart</span></button></div></div></div></div></div></div><div class="css-0"><div class="css-f5i5wc"><div class="chakra-linkbox css-vhnn8v"><div data-testid="product-image" class="css-16dr4ly"><img alt="Castello Traditional Blue Wedge 125 g, $5.19/100g" src="https://assets.shop.loblaws.ca/products/20428574/b3/en/front/20428574_front_a06_@2.png" srcset="https://assets.shop.loblaws.ca/products/20428574/b3/en/front/20428574_front_a06_@2.png 1x, https://assets.shop.loblaws.ca/products/20428574/b3/en/front/20428574_front_a06_@2.png 2x" loading="lazy" class="chakra-image css-oguq8l" aria-hidden="true"></div><div class="css-qoklea"><div class="css-12dchmx"></div><div data-testid="price-product-tile" class="css-8atqhb"><p class="chakra-text css-0"><span class="chakra-text css-pwnbcb" data-testid="regular-price"><span class="css-idkz9h">$6.49</span>$6.49</span></p></div><a href="/traditional-blue-wedge/p/20428574_EA?source=nspt" class="chakra-linkbox__overlay css-1hnz6hu"><div class="css-0"><p class="chakra-text css-1ecdp9w" data-testid="product-brand">Castello</p><h3 class="chakra-heading css-6qrhwc" id="20428574_EA" data-testid="product-title">Traditional Blue Wedge</h3><p class="chakra-text css-1yftjin" data-testid="product-package-size">125 g, $5.19/100g</p></div></a><div class="css-8keand"></div></div><div class="css-1q5omjq"><div class="css-fcebb8"><div data-testid="atc-compact" class="css-y94ivq" style="width: 45px;"><button type="button" class="chakra-button css-mudsm6" data-testid="atc-button"><svg stroke="currentColor" fill="currentColor" stroke-width="0" viewBox="0 0 24 24" focusable="false" class="chakra-icon css-1g3sp7a" data-testid="btn-icon" aria-hidden="true" height="1em" width="1em" xmlns="http://www.w3.org/2000/svg"><path d="M19 13h-6v6h-2v-6H5v-2h6V5h2v6h6v2z"></path></svg><span class="css-idkz9h">Add Traditional Blue Wedge to cart</span></button></div></div></div></div></div></div><div class="css-0"><div class="css-f5i5wc"><div class="chakra-linkbox css-vhnn8v"><div data-testid="product-image" class="css-16dr4ly"><img alt="BelGioioso Fresh Mozzarella Cheese Filled With Shreds Of Mozzarella Soaked In Cream Burrata 21% M.F. 226 g, $5.53/100g" src="https://assets.shop.loblaws.ca/products/21515442/b3/en/front/21515442_front_a06_@2.png" srcset="https://assets.shop.loblaws.ca/products/21515442/b3/en/front/21515442_front_a06_@2.png 1x, https://assets.shop.loblaws.ca/products/21515442/b3/en/front/21515442_front_a06_@2.png 2x" loading="lazy" class="chakra-image css-oguq8l" aria-hidden="true"></div><div class="css-qoklea"><div class="css-12dchmx"></div><div data-testid="price-product-tile" class="css-8atqhb"><p class="chakra-text css-0"><span class="chakra-text css-pwnbcb" data-testid="regular-price"><span class="css-idkz9h">$12.49</span>$12.49</span></p></div><a href="/fresh-mozzarella-cheese-filled-with-shreds-of-mozz/p/21515442_EA?source=nspt" class="chakra-linkbox__overlay css-1hnz6hu"><div class="css-0"><p class="chakra-text css-1ecdp9w" data-testid="product-brand">BelGioioso</p><h3 class="chakra-heading css-6qrhwc" id="21515442_EA" data-testid="product-title">Fresh Mozzarella Cheese Filled With Shreds Of Mozzarella Soaked In Cream Burrata 21% M.F.</h3><p class="chakra-text css-1yftjin" data-testid="product-package-size">226 g, $5.53/100g</p></div></a><div class="css-8keand"></div></div><div class="css-1q5omjq"><div class="css-fcebb8"><div data-testid="atc-compact" class="css-y94ivq" style="width: 45px;"><button disabled="" type="button" class="chakra-button css-mudsm6" data-testid="atc-button"><svg stroke="currentColor" fill="currentColor" stroke-width="0" viewBox="0 0 24 24" focusable="false" class="chakra-icon css-1g3sp7a" data-testid="btn-icon" aria-hidden="true" height="1em" width="1em" xmlns="http://www.w3.org/2000/svg"><path d="M19 13h-6v6h-2v-6H5v-2h6V5h2v6h6v2z"></path></svg><span class="css-idkz9h">Add Fresh Mozzarella Cheese Filled With Shreds Of Mozzarella Soaked In Cream Burrata 21% M.F. to cart</span></button></div></div><div class="css-4saf4a"><p class="chakra-text css-py8788" data-testid="inventory-badge-text">Out of Stock</p></div></div></div></div></div><div class="css-0"><div class="css-f5i5wc"><div class="chakra-linkbox css-vhnn8v"><div data-testid="product-image" class="css-16dr4ly"><img alt="Saputo Feta Cheese Olives 22 % M.F. 170 g, $2.94/100g" src="https://assets.shop.loblaws.ca/products/21051061/b3/en/front/21051061_front_a06_@2.png" srcset="https://assets.shop.loblaws.ca/products/21051061/b3/en/front/21051061_front_a06_@2.png 1x, https://assets.shop.loblaws.ca/products/21051061/b3/en/front/21051061_front_a06_@2.png 2x" loading="lazy" class="chakra-image css-oguq8l" aria-hidden="true"></div><div class="css-qoklea"><div class="css-12dchmx"></div><div data-testid="price-product-tile" class="css-8atqhb"><p class="chakra-text css-0"><span class="chakra-text css-o93gbd" data-testid="sale-price"><span class="css-idkz9h">$5.00</span>$5.00</span><span class="chakra-text css-623q5h" data-testid="was-price"><span class="css-idkz9h">$6.99</span>$6.99</span></p><p class="chakra-text css-1m5a6y8" data-testid="price-descriptor">SAVE $1.99</p></div><a href="/feta-cheese-olives-22-m-f/p/21051061_EA?source=nspt" class="chakra-linkbox__overlay css-1hnz6hu"><div class="css-0"><p class="chakra-text css-1ecdp9w" data-testid="product-brand">Saputo</p><h3 class="chakra-heading css-6qrhwc" id="21051061_EA" data-testid="product-title">Feta Cheese Olives 22 % M.F.</h3><p class="chakra-text css-1yftjin" data-testid="product-package-size">170 g, $2.94/100g</p></div></a><div class="css-8keand"></div></div><div class="css-1q5omjq"><div class="css-fcebb8"><div data-testid="atc-compact" class="css-y94ivq" style="width: 45px;"><button type="button" class="chakra-button css-mudsm6" data-testid="atc-button"><svg stroke="currentColor" fill="currentColor" stroke-width="0" viewBox="0 0 24 24" focusable="false" class="chakra-icon css-1g3sp7a" data-testid="btn-icon" aria-hidden="true" height="1em" width="1em" xmlns="http://www.w3.org/2000/svg"><path d="M19 13h-6v6h-2v-6H5v-2h6V5h2v6h6v2z"></path></svg><span class="css-idkz9h">Add Feta Cheese Olives 22 % M.F. to cart</span></button></div></div><div class="css-4saf4a"><p class="chakra-text css-py8788" data-testid="inventory-badge-text">Low Stock</p></div></div></div></div></div><div class="css-0"><div class="css-f5i5wc"><div class="chakra-linkbox css-vhnn8v"><div data-testid="product-image" class="css-16dr4ly"><img alt="PC Blue Menu Light Swiss Cheese Sliced 18% M.F. Club Size 500 g, $3.10/100g" src="https://assets.shop.loblaws.ca/products/20250536/b3/en/front/20250536_front_a06_@2.png" srcset="https://assets.shop.loblaws.ca/products/20250536/b3/en/front/20250536_front_a06_@2.png 1x, https://assets.shop.loblaws.ca/products/20250536/b3/en/front/20250536_front_a06_@2.png 2x" loading="lazy" class="chakra-image css-oguq8l" aria-hidden="true"></div><div class="css-qoklea"><div class="css-12dchmx"></div><div data-testid="price-product-tile" class="css-8atqhb"><p class="chakra-text css-0"><span class="chakra-text css-pwnbcb" data-testid="regular-price"><span class="css-idkz9h">$15.49</span>$15.49</span></p></div><a href="/light-swiss-cheese-sliced-18-m-f-club-size/p/20250536_EA?source=nspt" class="chakra-linkbox__overlay css-1hnz6hu"><div class="css-0"><p class="chakra-text css-1ecdp9w" data-testid="product-brand">PC Blue Menu</p><h3 class="chakra-heading css-6qrhwc" id="20250536_EA" data-testid="product-title">Light Swiss Cheese Sliced 18% M.F. Club Size</h3><p class="chakra-text css-1yftjin" data-testid="product-package-size">500 g, $3.10/100g</p></div></a><div class="css-8keand"></div></div><div class="css-1q5omjq"><div class="css-fcebb8"><div data-testid="atc-compact" class="css-y94ivq" style="width: 45px;"><button type="button" class="chakra-button css-mudsm6" data-testid="atc-button"><svg stroke="currentColor" fill="currentColor" stroke-width="0" viewBox="0 0 24 24" focusable="false" class="chakra-icon css-1g3sp7a" data-testid="btn-icon" aria-hidden="true" height="1em" width="1em" xmlns="http://www.w3.org/2000/svg"><path d="M19 13h-6v6h-2v-6H5v-2h6V5h2v6h6v2z"></path></svg><span class="css-idkz9h">Add Light Swiss Cheese Sliced 18% M.F. Club Size to cart</span></button></div></div></div></div></div></div><div class="css-0"><div class="css-f5i5wc"><div class="chakra-linkbox css-vhnn8v"><div data-testid="product-image" class="css-16dr4ly"><img alt="Boursin Apple And Maple, Fresh Soft White Cheese 150 g, $4.66/100g" src="https://assets.shop.loblaws.ca/products/21170802/b3/en/front/21170802_front_a06_@2.png" srcset="https://assets.shop.loblaws.ca/products/21170802/b3/en/front/21170802_front_a06_@2.png 1x, https://assets.shop.loblaws.ca/products/21170802/b3/en/front/21170802_front_a06_@2.png 2x" loading="lazy" class="chakra-image css-oguq8l" aria-hidden="true"></div><div class="css-qoklea"><div class="css-12dchmx"></div><div data-testid="price-product-tile" class="css-8atqhb"><p class="chakra-text css-0"><span class="chakra-text css-pwnbcb" data-testid="regular-price"><span class="css-idkz9h">$6.99</span>$6.99</span></p></div><a href="/apple-and-maple-fresh-soft-white-cheese/p/21170802_EA?source=nspt" class="chakra-linkbox__overlay css-1hnz6hu"><div class="css-0"><p class="chakra-text css-1ecdp9w" data-testid="product-brand">Boursin</p><h3 class="chakra-heading css-6qrhwc" id="21170802_EA" data-testid="product-title">Apple And Maple, Fresh Soft White Cheese</h3><p class="chakra-text css-1yftjin" data-testid="product-package-size">150 g, $4.66/100g</p></div></a><div class="css-8keand"></div></div><div class="css-1q5omjq"><div class="css-fcebb8"><div data-testid="atc-compact" class="css-y94ivq" style="width: 45px;"><button type="button" class="chakra-button css-mudsm6" data-testid="atc-button"><svg stroke="currentColor" fill="currentColor" stroke-width="0" viewBox="0 0 24 24" focusable="false" class="chakra-icon css-1g3sp7a" data-testid="btn-icon" aria-hidden="true" height="1em" width="1em" xmlns="http://www.w3.org/2000/svg"><path d="M19 13h-6v6h-2v-6H5v-2h6V5h2v6h6v2z"></path></svg><span class="css-idkz9h">Add Apple And Maple, Fresh Soft White Cheese to cart</span></button></div></div></div></div></div></div><div class="css-0"><div class="css-f5i5wc"><div class="chakra-linkbox css-vhnn8v"><div data-testid="product-image" class="css-16dr4ly"><img alt="President's Choice Sliced Monterey Jack with Jalapeno Cheese 170 g, $3.53/100g" src="https://assets.shop.loblaws.ca/products/20249223/b3/en/front/20249223_front_a06_@2.png" srcset="https://assets.shop.loblaws.ca/products/20249223/b3/en/front/20249223_front_a06_@2.png 1x, https://assets.shop.loblaws.ca/products/20249223/b3/en/front/20249223_front_a06_@2.png 2x" loading="lazy" class="chakra-image css-oguq8l" aria-hidden="true"></div><div class="css-qoklea"><div class="css-12dchmx"></div><div data-testid="price-product-tile" class="css-8atqhb"><p class="chakra-text css-0"><span class="chakra-text css-o93gbd" data-testid="sale-price"><span class="css-idkz9h">$6.00</span>$6.00</span><span class="chakra-text css-623q5h" data-testid="was-price"><span class="css-idkz9h">$6.99</span>$6.99</span></p><p class="chakra-text css-1m5a6y8" data-testid="price-descriptor">SAVE $0.99</p></div><a href="/sliced-monterey-jack-with-jalapeno-cheese/p/20249223_EA?source=nspt" class="chakra-linkbox__overlay css-1hnz6hu"><div class="css-0"><p class="chakra-text css-1ecdp9w" data-testid="product-brand">President's Choice</p><h3 class="chakra-heading css-6qrhwc" id="20249223_EA" data-testid="product-title">Sliced Monterey Jack with Jalapeno Cheese</h3><p class="chakra-text css-1yftjin" data-testid="product-package-size">170 g, $3.53/100g</p></div></a><div class="css-8keand"></div></div><div class="css-1q5omjq"><div class="css-fcebb8"><div data-testid="atc-compact" class="css-y94ivq" style="width: 45px;"><button type="button" class="chakra-button css-mudsm6" data-testid="atc-button"><svg stroke="currentColor" fill="currentColor" stroke-width="0" viewBox="0 0 24 24" focusable="false" class="chakra-icon css-1g3sp7a" data-testid="btn-icon" aria-hidden="true" height="1em" width="1em" xmlns="http://www.w3.org/2000/svg"><path d="M19 13h-6v6h-2v-6H5v-2h6V5h2v6h6v2z"></path></svg><span class="css-idkz9h">Add Sliced Monterey Jack with Jalapeno Cheese to cart</span></button></div></div></div></div></div></div><div class="css-0"><div class="css-f5i5wc"><div class="chakra-linkbox css-vhnn8v"><div data-testid="product-image" class="css-16dr4ly"><img alt="Santa Lucia Ricotta Soft White Cheese 10% M.F. 500 g, $1.70/100g" src="https://assets.shop.loblaws.ca/products/20904988/b3/en/front/20904988_front_a06_@2.png" srcset="https://assets.shop.loblaws.ca/products/20904988/b3/en/front/20904988_front_a06_@2.png 1x, https://assets.shop.loblaws.ca/products/20904988/b3/en/front/20904988_front_a06_@2.png 2x" loading="lazy" class="chakra-image css-oguq8l" aria-hidden="true"></div><div class="css-qoklea"><div class="css-12dchmx"></div><div data-testid="price-product-tile" class="css-8atqhb"><p class="chakra-text css-0"><span class="chakra-text css-pwnbcb" data-testid="regular-price"><span class="css-idkz9h">$8.49</span>$8.49</span></p></div><a href="/ricotta-soft-white-cheese-10-m-f/p/20904988_EA?source=nspt" class="chakra-linkbox__overlay css-1hnz6hu"><div class="css-0"><p class="chakra-text css-1ecdp9w" data-testid="product-brand">Santa Lucia</p><h3 class="chakra-heading css-6qrhwc" id="20904988_EA" data-testid="product-title">Ricotta Soft White Cheese 10% M.F.</h3><p class="chakra-text css-1yftjin" data-testid="product-package-size">500 g, $1.70/100g</p></div></a><div class="css-8keand"></div></div><div class="css-1q5omjq"><div class="css-fcebb8"><div data-testid="atc-compact" class="css-y94ivq" style="width: 45px;"><button disabled="" type="button" class="chakra-button css-mudsm6" data-testid="atc-button"><svg stroke="currentColor" fill="currentColor" stroke-width="0" viewBox="0 0 24 24" focusable="false" class="chakra-icon css-1g3sp7a" data-testid="btn-icon" aria-hidden="true" height="1em" width="1em" xmlns="http://www.w3.org/2000/svg"><path d="M19 13h-6v6h-2v-6H5v-2h6V5h2v6h6v2z"></path></svg><span class="css-idkz9h">Add Ricotta Soft White Cheese 10% M.F. to cart</span></button></div></div><div class="css-4saf4a"><p class="chakra-text css-py8788" data-testid="inventory-badge-text">Out of Stock</p></div></div></div></div></div><div class="css-0"><div class="css-f5i5wc"><div class="chakra-linkbox css-vhnn8v"><div data-testid="product-image" class="css-16dr4ly"><img alt="St Lucia Mascarpone Fresh Soft Cheese 30% M.F. 475 g, $2.90/100g" src="https://assets.shop.loblaws.ca/products/20679608/b3/en/front/20679608_front_a06_@2.png" srcset="https://assets.shop.loblaws.ca/products/20679608/b3/en/front/20679608_front_a06_@2.png 1x, https://assets.shop.loblaws.ca/products/20679608/b3/en/front/20679608_front_a06_@2.png 2x" loading="lazy" class="chakra-image css-oguq8l" aria-hidden="true"></div><div class="css-qoklea"><div class="css-12dchmx"></div><div data-testid="price-product-tile" class="css-8atqhb"><p class="chakra-text css-0"><span class="chakra-text css-pwnbcb" data-testid="regular-price"><span class="css-idkz9h">$13.79</span>$13.79</span></p></div><a href="/mascarpone-fresh-soft-cheese-30-m-f/p/20679608_EA?source=nspt" class="chakra-linkbox__overlay css-1hnz6hu"><div class="css-0"><p class="chakra-text css-1ecdp9w" data-testid="product-brand">St Lucia</p><h3 class="chakra-heading css-6qrhwc" id="20679608_EA" data-testid="product-title">Mascarpone Fresh Soft Cheese 30% M.F.</h3><p class="chakra-text css-1yftjin" data-testid="product-package-size">475 g, $2.90/100g</p></div></a><div class="css-8keand"></div></div><div class="css-1q5omjq"><div class="css-fcebb8"><div data-testid="atc-compact" class="css-y94ivq" style="width: 45px;"><button type="button" class="chakra-button css-mudsm6" data-testid="atc-button"><svg stroke="currentColor" fill="currentColor" stroke-width="0" viewBox="0 0 24 24" focusable="false" class="chakra-icon css-1g3sp7a" data-testid="btn-icon" aria-hidden="true" height="1em" width="1em" xmlns="http://www.w3.org/2000/svg"><path d="M19 13h-6v6h-2v-6H5v-2h6V5h2v6h6v2z"></path></svg><span class="css-idkz9h">Add Mascarpone Fresh Soft Cheese 30% M.F. to cart</span></button></div></div></div></div></div></div><div class="css-0"><div class="css-f5i5wc"><div class="chakra-linkbox css-vhnn8v"><div data-testid="product-image" class="css-16dr4ly"><img alt="Krinos Feta Cheese, Pail 3 kg, $1.67/100g" src="https://assets.shop.loblaws.ca/products/20165721/b3/en/front/20165721_front_a06_@2.png" srcset="https://assets.shop.loblaws.ca/products/20165721/b3/en/front/20165721_front_a06_@2.png 1x, https://assets.shop.loblaws.ca/products/20165721/b3/en/front/20165721_front_a06_@2.png 2x" loading="lazy" class="chakra-image css-oguq8l" aria-hidden="true"></div><div class="css-qoklea"><div class="css-12dchmx"></div><div data-testid="price-product-tile" class="css-8atqhb"><p class="chakra-text css-0"><span class="chakra-text css-pwnbcb" data-testid="regular-price"><span class="css-idkz9h">$49.99</span>$49.99</span></p></div><a href="/feta-cheese-pail/p/20165721_EA?source=nspt" class="chakra-linkbox__overlay css-1hnz6hu"><div class="css-0"><p class="chakra-text css-1ecdp9w" data-testid="product-brand">Krinos</p><h3 class="chakra-heading css-6qrhwc" id="20165721_EA" data-testid="product-title">Feta Cheese, Pail</h3><p class="chakra-text css-1yftjin" data-testid="product-package-size">3 kg, $1.67/100g</p></div></a><div class="css-8keand"></div></div><div class="css-1q5omjq"><div class="css-fcebb8"><div data-testid="atc-compact" class="css-y94ivq" style="width: 45px;"><button type="button" class="chakra-button css-mudsm6" data-testid="atc-button"><svg stroke="currentColor" fill="currentColor" stroke-width="0" viewBox="0 0 24 24" focusable="false" class="chakra-icon css-1g3sp7a" data-testid="btn-icon" aria-hidden="true" height="1em" width="1em" xmlns="http://www.w3.org/2000/svg"><path d="M19 13h-6v6h-2v-6H5v-2h6V5h2v6h6v2z"></path></svg><span class="css-idkz9h">Add Feta Cheese, Pail to cart</span></button></div></div><div class="css-4saf4a"><p class="chakra-text css-py8788" data-testid="inventory-badge-text">Low Stock</p></div></div></div></div></div><div class="css-0"><div class="css-f5i5wc"><div class="chakra-linkbox css-vhnn8v"><div data-testid="product-image" class="css-16dr4ly"><img alt="President's Choice Canadian White Cheddar, Aged 2 Years 250 g, $3.80/100g" src="https://assets.shop.loblaws.ca/products/20009748/b3/en/front/20009748_front_a06_@2.png" srcset="https://assets.shop.loblaws.ca/products/20009748/b3/en/front/20009748_front_a06_@2.png 1x, https://assets.shop.loblaws.ca/products/20009748/b3/en/front/20009748_front_a06_@2.png 2x" loading="lazy" class="chakra-image css-oguq8l" aria-hidden="true"></div><div class="css-qoklea"><div class="css-12dchmx"></div><div data-testid="price-product-tile" class="css-8atqhb"><p class="chakra-text css-0"><span class="chakra-text css-pwnbcb" data-testid="regular-price"><span class="css-idkz9h">$9.49</span>$9.49</span></p></div><a href="/canadian-white-cheddar-aged-2-years/p/20009748_EA?source=nspt" class="chakra-linkbox__overlay css-1hnz6hu"><div class="css-0"><p class="chakra-text css-1ecdp9w" data-testid="product-brand">President's Choice</p><h3 class="chakra-heading css-6qrhwc" id="20009748_EA" data-testid="product-title">Canadian White Cheddar, Aged 2 Years</h3><p class="chakra-text css-1yftjin" data-testid="product-package-size">250 g, $3.80/100g</p></div></a><div class="css-8keand"></div></div><div class="css-1q5omjq"><div class="css-fcebb8"><div data-testid="atc-compact" class="css-y94ivq" style="width: 45px;"><button type="button" class="chakra-button css-mudsm6" data-testid="atc-button"><svg stroke="currentColor" fill="currentColor" stroke-width="0" viewBox="0 0 24 24" focusable="false" class="chakra-icon css-1g3sp7a" data-testid="btn-icon" aria-hidden="true" height="1em" width="1em" xmlns="http://www.w3.org/2000/svg"><path d="M19 13h-6v6h-2v-6H5v-2h6V5h2v6h6v2z"></path></svg><span class="css-idkz9h">Add Canadian White Cheddar, Aged 2 Years to cart</span></button></div></div></div></div></div></div><div class="css-0"><div class="css-f5i5wc"><div class="chakra-linkbox css-vhnn8v"><div data-testid="product-image" class="css-16dr4ly"><img alt="Agropur Signature Notre-Dame Brie Cheese 170 g, $4.41/100g" src="https://assets.shop.loblaws.ca/products/20177193/b3/en/front/20177193_front_a06_@2.png" srcset="https://assets.shop.loblaws.ca/products/20177193/b3/en/front/20177193_front_a06_@2.png 1x, https://assets.shop.loblaws.ca/products/20177193/b3/en/front/20177193_front_a06_@2.png 2x" loading="lazy" class="chakra-image css-oguq8l" aria-hidden="true"></div><div class="css-qoklea"><div class="css-12dchmx"></div><div data-testid="price-product-tile" class="css-8atqhb"><p class="chakra-text css-0"><span class="chakra-text css-pwnbcb" data-testid="regular-price"><span class="css-idkz9h">$7.49</span>$7.49</span></p></div><a href="/notre-dame-brie-cheese/p/20177193_EA?source=nspt" class="chakra-linkbox__overlay css-1hnz6hu"><div class="css-0"><p class="chakra-text css-1ecdp9w" data-testid="product-brand">Agropur Signature</p><h3 class="chakra-heading css-6qrhwc" id="20177193_EA" data-testid="product-title">Notre-Dame Brie Cheese</h3><p class="chakra-text css-1yftjin" data-testid="product-package-size">170 g, $4.41/100g</p></div></a><div class="css-8keand"></div></div><div class="css-1q5omjq"><div class="css-fcebb8"><div data-testid="atc-compact" class="css-y94ivq" style="width: 45px;"><button type="button" class="chakra-button css-mudsm6" data-testid="atc-button"><svg stroke="currentColor" fill="currentColor" stroke-width="0" viewBox="0 0 24 24" focusable="false" class="chakra-icon css-1g3sp7a" data-testid="btn-icon" aria-hidden="true" height="1em" width="1em" xmlns="http://www.w3.org/2000/svg"><path d="M19 13h-6v6h-2v-6H5v-2h6V5h2v6h6v2z"></path></svg><span class="css-idkz9h">Add Notre-Dame Brie Cheese to cart</span></button></div></div></div></div></div></div><div class="css-0"><div class="css-f5i5wc"><div class="chakra-linkbox css-vhnn8v"><div data-testid="product-image" class="css-16dr4ly"><img alt="President's Choice Garlic &amp; Herb Crumbled Goat's Milk Chèvre 165 g, $4.72/100g" src="https://assets.shop.loblaws.ca/products/20889580/b3/en/front/20889580_front_a06_@2.png" srcset="https://assets.shop.loblaws.ca/products/20889580/b3/en/front/20889580_front_a06_@2.png 1x, https://assets.shop.loblaws.ca/products/20889580/b3/en/front/20889580_front_a06_@2.png 2x" loading="lazy" class="chakra-image css-oguq8l" aria-hidden="true"></div><div class="css-qoklea"><div class="css-12dchmx"></div><div data-testid="price-product-tile" class="css-8atqhb"><p class="chakra-text css-0"><span class="chakra-text css-pwnbcb" data-testid="regular-price"><span class="css-idkz9h">$7.79</span>$7.79</span></p></div><a href="/garlic-herb-crumbled-goat-s-milk-ch-vre/p/20889580_EA?source=nspt" class="chakra-linkbox__overlay css-1hnz6hu"><div class="css-0"><p class="chakra-text css-1ecdp9w" data-testid="product-brand">President's Choice</p><h3 class="chakra-heading css-6qrhwc" id="20889580_EA" data-testid="product-title">Garlic &amp; Herb Crumbled Goat's Milk Chèvre</h3><p class="chakra-text css-1yftjin" data-testid="product-package-size">165 g, $4.72/100g</p></div></a><div class="css-8keand"></div></div><div class="css-1q5omjq"><div class="css-fcebb8"><div data-testid="atc-compact" class="css-y94ivq" style="width: 45px;"><button type="button" class="chakra-button css-mudsm6" data-testid="atc-button"><svg stroke="currentColor" fill="currentColor" stroke-width="0" viewBox="0 0 24 24" focusable="false" class="chakra-icon css-1g3sp7a" data-testid="btn-icon" aria-hidden="true" height="1em" width="1em" xmlns="http://www.w3.org/2000/svg"><path d="M19 13h-6v6h-2v-6H5v-2h6V5h2v6h6v2z"></path></svg><span class="css-idkz9h">Add Garlic &amp; Herb Crumbled Goat's Milk Chèvre to cart</span></button></div></div></div></div></div></div><div class="css-0"><div class="css-f5i5wc"><div class="chakra-linkbox css-vhnn8v"><div data-testid="product-image" class="css-16dr4ly"><img alt="Balderson 2-Year Old Royal Canadian White Cheddar, Snack Size 126 g, $6.34/100g" src="https://assets.shop.loblaws.ca/products/20016394/b3/en/front/20016394_front_a06_@2.png" srcset="https://assets.shop.loblaws.ca/products/20016394/b3/en/front/20016394_front_a06_@2.png 1x, https://assets.shop.loblaws.ca/products/20016394/b3/en/front/20016394_front_a06_@2.png 2x" loading="lazy" class="chakra-image css-oguq8l" aria-hidden="true"></div><div class="css-qoklea"><div class="css-12dchmx"></div><div data-testid="price-product-tile" class="css-8atqhb"><p class="chakra-text css-0"><span class="chakra-text css-pwnbcb" data-testid="regular-price"><span class="css-idkz9h">$7.99</span>$7.99</span></p></div><a href="/2-year-old-royal-canadian-white-cheddar-snack-size/p/20016394_EA?source=nspt" class="chakra-linkbox__overlay css-1hnz6hu"><div class="css-0"><p class="chakra-text css-1ecdp9w" data-testid="product-brand">Balderson</p><h3 class="chakra-heading css-6qrhwc" id="20016394_EA" data-testid="product-title">2-Year Old Royal Canadian White Cheddar, Snack Size</h3><p class="chakra-text css-1yftjin" data-testid="product-package-size">126 g, $6.34/100g</p></div></a><div class="css-8keand"></div></div><div class="css-1q5omjq"><div class="css-fcebb8"><div data-testid="atc-compact" class="css-y94ivq" style="width: 45px;"><button type="button" class="chakra-button css-mudsm6" data-testid="atc-button"><svg stroke="currentColor" fill="currentColor" stroke-width="0" viewBox="0 0 24 24" focusable="false" class="chakra-icon css-1g3sp7a" data-testid="btn-icon" aria-hidden="true" height="1em" width="1em" xmlns="http://www.w3.org/2000/svg"><path d="M19 13h-6v6h-2v-6H5v-2h6V5h2v6h6v2z"></path></svg><span class="css-idkz9h">Add 2-Year Old Royal Canadian White Cheddar, Snack Size to cart</span></button></div></div></div></div></div></div><div class="css-0"><div class="css-f5i5wc"><div class="chakra-linkbox css-vhnn8v"><div data-testid="product-image" class="css-16dr4ly"><img alt="President's Choice Canadian Cheddar Aged 1 Year  500 g, $2.80/100g" src="https://assets.shop.loblaws.ca/products/20056226/b3/en/front/20056226_front_a06_@2.png" srcset="https://assets.shop.loblaws.ca/products/20056226/b3/en/front/20056226_front_a06_@2.png 1x, https://assets.shop.loblaws.ca/products/20056226/b3/en/front/20056226_front_a06_@2.png 2x" loading="lazy" class="chakra-image css-oguq8l" aria-hidden="true"></div><div class="css-qoklea"><div class="css-12dchmx"></div><div data-testid="price-product-tile" class="css-8atqhb"><p class="chakra-text css-0"><span class="chakra-text css-pwnbcb" data-testid="regular-price"><span class="css-idkz9h">$13.99</span>$13.99</span></p></div><a href="/canadian-cheddar-aged-1-year/p/20056226_EA?source=nspt" class="chakra-linkbox__overlay css-1hnz6hu"><div class="css-0"><p class="chakra-text css-1ecdp9w" data-testid="product-brand">President's Choice</p><h3 class="chakra-heading css-6qrhwc" id="20056226_EA" data-testid="product-title">Canadian Cheddar Aged 1 Year </h3><p class="chakra-text css-1yftjin" data-testid="product-package-size">500 g, $2.80/100g</p></div></a><div class="css-8keand"></div></div><div class="css-1q5omjq"><div class="css-fcebb8"><div data-testid="atc-compact" class="css-y94ivq" style="width: 45px;"><button type="button" class="chakra-button css-mudsm6" data-testid="atc-button"><svg stroke="currentColor" fill="currentColor" stroke-width="0" viewBox="0 0 24 24" focusable="false" class="chakra-icon css-1g3sp7a" data-testid="btn-icon" aria-hidden="true" height="1em" width="1em" xmlns="http://www.w3.org/2000/svg"><path d="M19 13h-6v6h-2v-6H5v-2h6V5h2v6h6v2z"></path></svg><span class="css-idkz9h">Add Canadian Cheddar Aged 1 Year  to cart</span></button></div></div></div></div></div></div><div class="css-0"><div class="css-f5i5wc"><div class="chakra-linkbox css-vhnn8v"><div data-testid="product-image" class="css-16dr4ly"><img alt="Alexis Portneuf Cheese Double Cream  Brie 32% M.F. 125 g, $5.19/100g" src="https://assets.shop.loblaws.ca/products/20315135/b3/en/front/20315135_front_a06_@2.png" srcset="https://assets.shop.loblaws.ca/products/20315135/b3/en/front/20315135_front_a06_@2.png 1x, https://assets.shop.loblaws.ca/products/20315135/b3/en/front/20315135_front_a06_@2.png 2x" loading="lazy" class="chakra-image css-oguq8l" aria-hidden="true"></div><div class="css-qoklea"><div class="css-12dchmx"></div><div data-testid="price-product-tile" class="css-8atqhb"><p class="chakra-text css-0"><span class="chakra-text css-pwnbcb" data-testid="regular-price"><span class="css-idkz9h">$6.49</span>$6.49</span></p></div><a href="/cheese-double-cream-brie-32-m-f/p/20315135_EA?source=nspt" class="chakra-linkbox__overlay css-1hnz6hu"><div class="css-0"><p class="chakra-text css-1ecdp9w" data-testid="product-brand">Alexis Portneuf</p><h3 class="chakra-heading css-6qrhwc" id="20315135_EA" data-testid="product-title">Cheese Double Cream  Brie 32% M.F.</h3><p class="chakra-text css-1yftjin" data-testid="product-package-size">125 g, $5.19/100g</p></div></a><div class="css-8keand"></div></div><div class="css-1q5omjq"><div class="css-fcebb8"><div data-testid="atc-compact" class="css-y94ivq" style="width: 45px;"><button type="button" class="chakra-button css-mudsm6" data-testid="atc-button"><svg stroke="currentColor" fill="currentColor" stroke-width="0" viewBox="0 0 24 24" focusable="false" class="chakra-icon css-1g3sp7a" data-testid="btn-icon" aria-hidden="true" height="1em" width="1em" xmlns="http://www.w3.org/2000/svg"><path d="M19 13h-6v6h-2v-6H5v-2h6V5h2v6h6v2z"></path></svg><span class="css-idkz9h">Add Cheese Double Cream  Brie 32% M.F. to cart</span></button></div></div></div></div></div></div><div class="css-0"><div class="css-f5i5wc"><div class="chakra-linkbox css-vhnn8v"><div data-testid="product-image" class="css-16dr4ly"><img alt="Bergeron Classique Smoked Ripened Firm Cheese 29% M.F. 125 g, $4.79/100g" src="https://assets.shop.loblaws.ca/products/21562870/b3/en/front/21562870_front_a06_@2.png" srcset="https://assets.shop.loblaws.ca/products/21562870/b3/en/front/21562870_front_a06_@2.png 1x, https://assets.shop.loblaws.ca/products/21562870/b3/en/front/21562870_front_a06_@2.png 2x" loading="lazy" class="chakra-image css-oguq8l" aria-hidden="true"></div><div class="css-qoklea"><div class="css-12dchmx"></div><div data-testid="price-product-tile" class="css-8atqhb"><p class="chakra-text css-0"><span class="chakra-text css-pwnbcb" data-testid="regular-price"><span class="css-idkz9h">$5.99</span>$5.99</span></p></div><a href="/classique-smoked-ripened-firm-cheese-29-m-f/p/21562870_EA?source=nspt" class="chakra-linkbox__overlay css-1hnz6hu"><div class="css-0"><p class="chakra-text css-1ecdp9w" data-testid="product-brand">Bergeron</p><h3 class="chakra-heading css-6qrhwc" id="21562870_EA" data-testid="product-title">Classique Smoked Ripened Firm Cheese 29% M.F.</h3><p class="chakra-text css-1yftjin" data-testid="product-package-size">125 g, $4.79/100g</p></div></a><div class="css-8keand"></div></div><div class="css-1q5omjq"><div class="css-fcebb8"><div data-testid="atc-compact" class="css-y94ivq" style="width: 45px;"><button type="button" class="chakra-button css-mudsm6" data-testid="atc-button"><svg stroke="currentColor" fill="currentColor" stroke-width="0" viewBox="0 0 24 24" focusable="false" class="chakra-icon css-1g3sp7a" data-testid="btn-icon" aria-hidden="true" height="1em" width="1em" xmlns="http://www.w3.org/2000/svg"><path d="M19 13h-6v6h-2v-6H5v-2h6V5h2v6h6v2z"></path></svg><span class="css-idkz9h">Add Classique Smoked Ripened Firm Cheese 29% M.F. to cart</span></button></div></div></div></div></div></div><div class="css-0"><div class="css-f5i5wc"><div class="chakra-linkbox css-vhnn8v"><div data-testid="product-image" class="css-16dr4ly"><img alt="Ile De France Petit Brie Cheese 125 g, $5.43/100g" src="https://assets.shop.loblaws.ca/products/21547562/b3/en/front/21547562_front_a06_@2.png" srcset="https://assets.shop.loblaws.ca/products/21547562/b3/en/front/21547562_front_a06_@2.png 1x, https://assets.shop.loblaws.ca/products/21547562/b3/en/front/21547562_front_a06_@2.png 2x" loading="lazy" class="chakra-image css-oguq8l" aria-hidden="true"></div><div class="css-qoklea"><div class="css-12dchmx"></div><div data-testid="price-product-tile" class="css-8atqhb"><p class="chakra-text css-0"><span class="chakra-text css-pwnbcb" data-testid="regular-price"><span class="css-idkz9h">$6.79</span>$6.79</span></p></div><a href="/petit-brie-cheese/p/21547562_EA?source=nspt" class="chakra-linkbox__overlay css-1hnz6hu"><div class="css-0"><p class="chakra-text css-1ecdp9w" data-testid="product-brand">Ile De France</p><h3 class="chakra-heading css-6qrhwc" id="21547562_EA" data-testid="product-title">Petit Brie Cheese</h3><p class="chakra-text css-1yftjin" data-testid="product-package-size">125 g, $5.43/100g</p></div></a><div class="css-8keand"></div></div><div class="css-1q5omjq"><div class="css-fcebb8"><div data-testid="atc-compact" class="css-y94ivq" style="width: 45px;"><button type="button" class="chakra-button css-mudsm6" data-testid="atc-button"><svg stroke="currentColor" fill="currentColor" stroke-width="0" viewBox="0 0 24 24" focusable="false" class="chakra-icon css-1g3sp7a" data-testid="btn-icon" aria-hidden="true" height="1em" width="1em" xmlns="http://www.w3.org/2000/svg"><path d="M19 13h-6v6h-2v-6H5v-2h6V5h2v6h6v2z"></path></svg><span class="css-idkz9h">Add Petit Brie Cheese to cart</span></button></div></div></div></div></div></div><div class="css-0"><div class="css-f5i5wc"><div class="chakra-linkbox css-vhnn8v"><div data-testid="product-image" class="css-16dr4ly"><img alt="Santa Lucia Bocconcini Soft Cheese 24% M.F. 500 g, $2.80/100g" src="https://assets.shop.loblaws.ca/products/20807453/b3/en/front/20807453_front_a06_@2.png" srcset="https://assets.shop.loblaws.ca/products/20807453/b3/en/front/20807453_front_a06_@2.png 1x, https://assets.shop.loblaws.ca/products/20807453/b3/en/front/20807453_front_a06_@2.png 2x" loading="lazy" class="chakra-image css-oguq8l" aria-hidden="true"></div><div class="css-qoklea"><div class="css-12dchmx"></div><div data-testid="price-product-tile" class="css-8atqhb"><p class="chakra-text css-0"><span class="chakra-text css-pwnbcb" data-testid="regular-price"><span class="css-idkz9h">$13.99</span>$13.99</span></p></div><a href="/bocconcini-soft-cheese-24-m-f/p/20807453_EA?source=nspt" class="chakra-linkbox__overlay css-1hnz6hu"><div class="css-0"><p class="chakra-text css-1ecdp9w" data-testid="product-brand">Santa Lucia</p><h3 class="chakra-heading css-6qrhwc" id="20807453_EA" data-testid="product-title">Bocconcini Soft Cheese 24% M.F.</h3><p class="chakra-text css-1yftjin" data-testid="product-package-size">500 g, $2.80/100g</p></div></a><div class="css-8keand"></div></div><div class="css-1q5omjq"><div class="css-fcebb8"><div data-testid="atc-compact" class="css-y94ivq" style="width: 45px;"><button type="button" class="chakra-button css-mudsm6" data-testid="atc-button"><svg stroke="currentColor" fill="currentColor" stroke-width="0" viewBox="0 0 24 24" focusable="false" class="chakra-icon css-1g3sp7a" data-testid="btn-icon" aria-hidden="true" height="1em" width="1em" xmlns="http://www.w3.org/2000/svg"><path d="M19 13h-6v6h-2v-6H5v-2h6V5h2v6h6v2z"></path></svg><span class="css-idkz9h">Add Bocconcini Soft Cheese 24% M.F. to cart</span></button></div></div></div></div></div></div><div class="css-0"><div class="css-f5i5wc"><div class="chakra-linkbox css-vhnn8v"><div data-testid="product-image" class="css-16dr4ly"><img alt="PC Black Label Le Gruyère Antique Hard Ripened Cheese Aged 12 Months 200 g, $5.00/100g" src="https://assets.shop.loblaws.ca/products/20814360/b3/en/front/20814360_front_a06_@2.png" srcset="https://assets.shop.loblaws.ca/products/20814360/b3/en/front/20814360_front_a06_@2.png 1x, https://assets.shop.loblaws.ca/products/20814360/b3/en/front/20814360_front_a06_@2.png 2x" loading="lazy" class="chakra-image css-oguq8l" aria-hidden="true"></div><div class="css-qoklea"><div class="css-12dchmx"></div><div data-testid="price-product-tile" class="css-8atqhb"><p class="chakra-text css-0"><span class="chakra-text css-pwnbcb" data-testid="regular-price"><span class="css-idkz9h">$9.99</span>$9.99</span></p></div><a href="/le-gruy-re-antique-hard-ripened-cheese-aged-12-mon/p/20814360_EA?source=nspt" class="chakra-linkbox__overlay css-1hnz6hu"><div class="css-0"><p class="chakra-text css-1ecdp9w" data-testid="product-brand">PC Black Label</p><h3 class="chakra-heading css-6qrhwc" id="20814360_EA" data-testid="product-title">Le Gruyère Antique Hard Ripened Cheese Aged 12 Months</h3><p class="chakra-text css-1yftjin" data-testid="product-package-size">200 g, $5.00/100g</p></div></a><div class="css-8keand"></div></div><div class="css-1q5omjq"><div class="css-fcebb8"><div data-testid="atc-compact" class="css-y94ivq" style="width: 45px;"><button type="button" class="chakra-button css-mudsm6" data-testid="atc-button"><svg stroke="currentColor" fill="currentColor" stroke-width="0" viewBox="0 0 24 24" focusable="false" class="chakra-icon css-1g3sp7a" data-testid="btn-icon" aria-hidden="true" height="1em" width="1em" xmlns="http://www.w3.org/2000/svg"><path d="M19 13h-6v6h-2v-6H5v-2h6V5h2v6h6v2z"></path></svg><span class="css-idkz9h">Add Le Gruyère Antique Hard Ripened Cheese Aged 12 Months to cart</span></button></div></div></div></div></div></div><div class="css-0"><div class="css-f5i5wc"><div class="chakra-linkbox css-vhnn8v"><div data-testid="product-image" class="css-16dr4ly"><img alt="Woolwich Original 600 g, $2.50/100g" src="https://assets.shop.loblaws.ca/products/20715527/b3/en/front/20715527_front_a06_@2.png" srcset="https://assets.shop.loblaws.ca/products/20715527/b3/en/front/20715527_front_a06_@2.png 1x, https://assets.shop.loblaws.ca/products/20715527/b3/en/front/20715527_front_a06_@2.png 2x" loading="lazy" class="chakra-image css-oguq8l" aria-hidden="true"></div><div class="css-qoklea"><div class="css-12dchmx"></div><div data-testid="price-product-tile" class="css-8atqhb"><p class="chakra-text css-0"><span class="chakra-text css-pwnbcb" data-testid="regular-price"><span class="css-idkz9h">$14.99</span>$14.99</span></p></div><a href="/original/p/20715527_EA?source=nspt" class="chakra-linkbox__overlay css-1hnz6hu"><div class="css-0"><p class="chakra-text css-1ecdp9w" data-testid="product-brand">Woolwich</p><h3 class="chakra-heading css-6qrhwc" id="20715527_EA" data-testid="product-title">Original</h3><p class="chakra-text css-1yftjin" data-testid="product-package-size">600 g, $2.50/100g</p></div></a><div class="css-8keand"></div></div><div class="css-1q5omjq"><div class="css-fcebb8"><div data-testid="atc-compact" class="css-y94ivq" style="width: 45px;"><button type="button" class="chakra-button css-mudsm6" data-testid="atc-button"><svg stroke="currentColor" fill="currentColor" stroke-width="0" viewBox="0 0 24 24" focusable="false" class="chakra-icon css-1g3sp7a" data-testid="btn-icon" aria-hidden="true" height="1em" width="1em" xmlns="http://www.w3.org/2000/svg"><path d="M19 13h-6v6h-2v-6H5v-2h6V5h2v6h6v2z"></path></svg><span class="css-idkz9h">Add Original to cart</span></button></div></div></div></div></div></div><div class="css-0"><div class="css-f5i5wc"><div class="chakra-linkbox css-vhnn8v"><div data-testid="product-image" class="css-16dr4ly"><img alt="President's Choice Gouda Cheese 250 g, $2.80/100g" src="https://assets.shop.loblaws.ca/products/20770656/b3/en/front/20770656_front_a06_@2.png" srcset="https://assets.shop.loblaws.ca/products/20770656/b3/en/front/20770656_front_a06_@2.png 1x, https://assets.shop.loblaws.ca/products/20770656/b3/en/front/20770656_front_a06_@2.png 2x" loading="lazy" class="chakra-image css-oguq8l" aria-hidden="true"></div><div class="css-qoklea"><div class="css-12dchmx"></div><div data-testid="price-product-tile" class="css-8atqhb"><p class="chakra-text css-0"><span class="chakra-text css-o93gbd" data-testid="sale-price"><span class="css-idkz9h">$7.00</span>$7.00</span><span class="chakra-text css-623q5h" data-testid="was-price"><span class="css-idkz9h">$7.49</span>$7.49</span></p><p class="chakra-text css-1m5a6y8" data-testid="price-descriptor">SAVE $0.49</p></div><a href="/gouda-cheese/p/20770656_EA?source=nspt" class="chakra-linkbox__overlay css-1hnz6hu"><div class="css-0"><p class="chakra-text css-1ecdp9w" data-testid="product-brand">President's Choice</p><h3 class="chakra-heading css-6qrhwc" id="20770656_EA" data-testid="product-title">Gouda Cheese</h3><p class="chakra-text css-1yftjin" data-testid="product-package-size">250 g, $2.80/100g</p></div></a><div class="css-8keand"></div></div><div class="css-1q5omjq"><div class="css-fcebb8"><div data-testid="atc-compact" class="css-y94ivq" style="width: 45px;"><button type="button" class="chakra-button css-mudsm6" data-testid="atc-button"><svg stroke="currentColor" fill="currentColor" stroke-width="0" viewBox="0 0 24 24" focusable="false" class="chakra-icon css-1g3sp7a" data-testid="btn-icon" aria-hidden="true" height="1em" width="1em" xmlns="http://www.w3.org/2000/svg"><path d="M19 13h-6v6h-2v-6H5v-2h6V5h2v6h6v2z"></path></svg><span class="css-idkz9h">Add Gouda Cheese to cart</span></button></div></div></div></div></div></div><div class="css-0"><div class="css-f5i5wc"><div class="chakra-linkbox css-vhnn8v"><div data-testid="product-image" class="css-16dr4ly"><img alt="PC Splendido Grana Padano Wedge, Large 800 g, $2.88/100g" src="https://assets.shop.loblaws.ca/products/21050354/b3/en/front/21050354_front_a06_@2.png" srcset="https://assets.shop.loblaws.ca/products/21050354/b3/en/front/21050354_front_a06_@2.png 1x, https://assets.shop.loblaws.ca/products/21050354/b3/en/front/21050354_front_a06_@2.png 2x" loading="lazy" class="chakra-image css-oguq8l" aria-hidden="true"></div><div class="css-qoklea"><div class="css-12dchmx"></div><div data-testid="price-product-tile" class="css-8atqhb"><p class="chakra-text css-0"><span class="chakra-text css-pwnbcb" data-testid="regular-price"><span class="css-idkz9h">$23.00</span>$23.00</span></p></div><a href="/grana-padano-wedge-large/p/21050354_EA?source=nspt" class="chakra-linkbox__overlay css-1hnz6hu"><div class="css-0"><p class="chakra-text css-1ecdp9w" data-testid="product-brand">PC Splendido</p><h3 class="chakra-heading css-6qrhwc" id="21050354_EA" data-testid="product-title">Grana Padano Wedge, Large</h3><p class="chakra-text css-1yftjin" data-testid="product-package-size">800 g, $2.88/100g</p></div></a><div class="css-8keand"></div></div><div class="css-1q5omjq"><div class="css-fcebb8"><div data-testid="atc-compact" class="css-y94ivq" style="width: 45px;"><button type="button" class="chakra-button css-mudsm6" data-testid="atc-button"><svg stroke="currentColor" fill="currentColor" stroke-width="0" viewBox="0 0 24 24" focusable="false" class="chakra-icon css-1g3sp7a" data-testid="btn-icon" aria-hidden="true" height="1em" width="1em" xmlns="http://www.w3.org/2000/svg"><path d="M19 13h-6v6h-2v-6H5v-2h6V5h2v6h6v2z"></path></svg><span class="css-idkz9h">Add Grana Padano Wedge, Large to cart</span></button></div></div></div></div></div></div><div class="css-0"><div class="css-f5i5wc"><div class="chakra-linkbox css-vhnn8v"><div data-testid="product-image" class="css-16dr4ly"><img alt="PC Splendido Grana Padano Hard Ripened Cheese Aged 14 Months 250 g, $4.00/100g" src="https://assets.shop.loblaws.ca/products/21051031/b3/en/front/21051031_front_a06_@2.png" srcset="https://assets.shop.loblaws.ca/products/21051031/b3/en/front/21051031_front_a06_@2.png 1x, https://assets.shop.loblaws.ca/products/21051031/b3/en/front/21051031_front_a06_@2.png 2x" loading="lazy" class="chakra-image css-oguq8l" aria-hidden="true"></div><div class="css-qoklea"><div class="css-12dchmx"></div><div data-testid="price-product-tile" class="css-8atqhb"><p class="chakra-text css-0"><span class="chakra-text css-pwnbcb" data-testid="regular-price"><span class="css-idkz9h">$9.99</span>$9.99</span></p></div><a href="/grana-padano-hard-ripened-cheese-aged-14-months/p/21051031_EA?source=nspt" class="chakra-linkbox__overlay css-1hnz6hu"><div class="css-0"><p class="chakra-text css-1ecdp9w" data-testid="product-brand">PC Splendido</p><h3 class="chakra-heading css-6qrhwc" id="21051031_EA" data-testid="product-title">Grana Padano Hard Ripened Cheese Aged 14 Months</h3><p class="chakra-text css-1yftjin" data-testid="product-package-size">250 g, $4.00/100g</p></div></a><div class="css-8keand"></div></div><div class="css-1q5omjq"><div class="css-fcebb8"><div data-testid="atc-compact" class="css-y94ivq" style="width: 45px;"><button type="button" class="chakra-button css-mudsm6" data-testid="atc-button"><svg stroke="currentColor" fill="currentColor" stroke-width="0" viewBox="0 0 24 24" focusable="false" class="chakra-icon css-1g3sp7a" data-testid="btn-icon" aria-hidden="true" height="1em" width="1em" xmlns="http://www.w3.org/2000/svg"><path d="M19 13h-6v6h-2v-6H5v-2h6V5h2v6h6v2z"></path></svg><span class="css-idkz9h">Add Grana Padano Hard Ripened Cheese Aged 14 Months to cart</span></button></div></div></div></div></div></div><div class="css-0"><div class="css-f5i5wc"><div class="chakra-linkbox css-vhnn8v"><div data-testid="product-image" class="css-16dr4ly"><img alt="Santa Lucia Fresh Mozzarella 2x125.0 g, $3.40/100g" src="https://assets.shop.loblaws.ca/products/21029092/b3/en/front/21029092_front_a06_@2.png" srcset="https://assets.shop.loblaws.ca/products/21029092/b3/en/front/21029092_front_a06_@2.png 1x, https://assets.shop.loblaws.ca/products/21029092/b3/en/front/21029092_front_a06_@2.png 2x" loading="lazy" class="chakra-image css-oguq8l" aria-hidden="true"></div><div class="css-qoklea"><div class="css-12dchmx"></div><div data-testid="price-product-tile" class="css-8atqhb"><p class="chakra-text css-0"><span class="chakra-text css-pwnbcb" data-testid="regular-price"><span class="css-idkz9h">$8.49</span>$8.49</span></p></div><a href="/fresh-mozzarella/p/21029092_EA?source=nspt" class="chakra-linkbox__overlay css-1hnz6hu"><div class="css-0"><p class="chakra-text css-1ecdp9w" data-testid="product-brand">Santa Lucia</p><h3 class="chakra-heading css-6qrhwc" id="21029092_EA" data-testid="product-title">Fresh Mozzarella</h3><p class="chakra-text css-1yftjin" data-testid="product-package-size">2x125.0 g, $3.40/100g</p></div></a><div class="css-8keand"></div></div><div class="css-1q5omjq"><div class="css-fcebb8"><div data-testid="atc-compact" class="css-y94ivq" style="width: 45px;"><button type="button" class="chakra-button css-mudsm6" data-testid="atc-button"><svg stroke="currentColor" fill="currentColor" stroke-width="0" viewBox="0 0 24 24" focusable="false" class="chakra-icon css-1g3sp7a" data-testid="btn-icon" aria-hidden="true" height="1em" width="1em" xmlns="http://www.w3.org/2000/svg"><path d="M19 13h-6v6h-2v-6H5v-2h6V5h2v6h6v2z"></path></svg><span class="css-idkz9h">Add Fresh Mozzarella to cart</span></button></div></div></div></div></div></div><div class="css-0"><div class="css-f5i5wc"><div class="chakra-linkbox css-vhnn8v"><div data-testid="product-image" class="css-16dr4ly"><img alt="Monsieur Gustav Mild Gouda 170 g, $4.11/100g" src="https://assets.shop.loblaws.ca/products/21397352/b3/en/front/21397352_front_a06_@2.png" srcset="https://assets.shop.loblaws.ca/products/21397352/b3/en/front/21397352_front_a06_@2.png 1x, https://assets.shop.loblaws.ca/products/21397352/b3/en/front/21397352_front_a06_@2.png 2x" loading="lazy" class="chakra-image css-oguq8l" aria-hidden="true"></div><div class="css-qoklea"><div class="css-12dchmx"></div><div data-testid="price-product-tile" class="css-8atqhb"><p class="chakra-text css-0"><span class="chakra-text css-pwnbcb" data-testid="regular-price"><span class="css-idkz9h">$6.99</span>$6.99</span></p></div><a href="/mild-gouda/p/21397352_EA?source=nspt" class="chakra-linkbox__overlay css-1hnz6hu"><div class="css-0"><p class="chakra-text css-1ecdp9w" data-testid="product-brand">Monsieur Gustav</p><h3 class="chakra-heading css-6qrhwc" id="21397352_EA" data-testid="product-title">Mild Gouda</h3><p class="chakra-text css-1yftjin" data-testid="product-package-size">170 g, $4.11/100g</p></div></a><div class="css-8keand"></div></div><div class="css-1q5omjq"><div class="css-fcebb8"><div data-testid="atc-compact" class="css-y94ivq" style="width: 45px;"><button type="button" class="chakra-button css-mudsm6" data-testid="atc-button"><svg stroke="currentColor" fill="currentColor" stroke-width="0" viewBox="0 0 24 24" focusable="false" class="chakra-icon css-1g3sp7a" data-testid="btn-icon" aria-hidden="true" height="1em" width="1em" xmlns="http://www.w3.org/2000/svg"><path d="M19 13h-6v6h-2v-6H5v-2h6V5h2v6h6v2z"></path></svg><span class="css-idkz9h">Add Mild Gouda to cart</span></button></div></div><div class="css-4saf4a"><p class="chakra-text css-py8788" data-testid="inventory-badge-text">Low Stock</p></div></div></div></div></div><div class="css-0"><div class="css-f5i5wc"><div class="chakra-linkbox css-vhnn8v"><div data-testid="product-image" class="css-16dr4ly"><img alt="Tre Stelle 100% Romano 27% M.F. Cheese Grated 80 g, $4.99/100g" src="https://assets.shop.loblaws.ca/products/21311220/b3/en/front/21311220_front_a06_@2.png" srcset="https://assets.shop.loblaws.ca/products/21311220/b3/en/front/21311220_front_a06_@2.png 1x, https://assets.shop.loblaws.ca/products/21311220/b3/en/front/21311220_front_a06_@2.png 2x" loading="lazy" class="chakra-image css-oguq8l" aria-hidden="true"></div><div class="css-qoklea"><div class="css-12dchmx"></div><div data-testid="price-product-tile" class="css-8atqhb"><p class="chakra-text css-0"><span class="chakra-text css-pwnbcb" data-testid="regular-price"><span class="css-idkz9h">$3.99</span>$3.99</span></p></div><a href="/100-romano-27-m-f-cheese-grated/p/21311220_EA?source=nspt" class="chakra-linkbox__overlay css-1hnz6hu"><div class="css-0"><p class="chakra-text css-1ecdp9w" data-testid="product-brand">Tre Stelle</p><h3 class="chakra-heading css-6qrhwc" id="21311220_EA" data-testid="product-title">100% Romano 27% M.F. Cheese Grated</h3><p class="chakra-text css-1yftjin" data-testid="product-package-size">80 g, $4.99/100g</p></div></a><div class="css-8keand"></div></div><div class="css-1q5omjq"><div class="css-fcebb8"><div data-testid="atc-compact" class="css-y94ivq" style="width: 45px;"><button type="button" class="chakra-button css-mudsm6" data-testid="atc-button"><svg stroke="currentColor" fill="currentColor" stroke-width="0" viewBox="0 0 24 24" focusable="false" class="chakra-icon css-1g3sp7a" data-testid="btn-icon" aria-hidden="true" height="1em" width="1em" xmlns="http://www.w3.org/2000/svg"><path d="M19 13h-6v6h-2v-6H5v-2h6V5h2v6h6v2z"></path></svg><span class="css-idkz9h">Add 100% Romano 27% M.F. Cheese Grated to cart</span></button></div></div></div></div></div></div></div><div data-testid="product-grid" class="css-epcqr3"><div class="css-0"><div class="css-f5i5wc"><div class="chakra-linkbox css-vhnn8v"><div data-testid="product-image" class="css-16dr4ly"><img alt="Saputo Firm Ripened Cheese Mini Friulano 27 % M.F. 500 g, $2.80/100g" src="https://assets.shop.loblaws.ca/products/20708981/b3/en/front/20708981_front_a06_@2.png" srcset="https://assets.shop.loblaws.ca/products/20708981/b3/en/front/20708981_front_a06_@2.png 1x, https://assets.shop.loblaws.ca/products/20708981/b3/en/front/20708981_front_a06_@2.png 2x" loading="lazy" class="chakra-image css-oguq8l" aria-hidden="true"></div><div class="css-qoklea"><div class="css-12dchmx"></div><div data-testid="price-product-tile" class="css-8atqhb"><p class="chakra-text css-0"><span class="chakra-text css-pwnbcb" data-testid="regular-price"><span class="css-idkz9h">$13.99</span>$13.99</span></p></div><a href="/firm-ripened-cheese-mini-friulano-27-m-f/p/20708981_EA?source=nspt" class="chakra-linkbox__overlay css-1hnz6hu"><div class="css-0"><p class="chakra-text css-1ecdp9w" data-testid="product-brand">Saputo</p><h3 class="chakra-heading css-6qrhwc" id="20708981_EA" data-testid="product-title">Firm Ripened Cheese Mini Friulano 27 % M.F.</h3><p class="chakra-text css-1yftjin" data-testid="product-package-size">500 g, $2.80/100g</p></div></a><div class="css-8keand"></div></div><div class="css-1q5omjq"><div class="css-fcebb8"><div data-testid="atc-compact" class="css-y94ivq" style="width: 45px;"><button type="button" class="chakra-button css-mudsm6" data-testid="atc-button"><svg stroke="currentColor" fill="currentColor" stroke-width="0" viewBox="0 0 24 24" focusable="false" class="chakra-icon css-1g3sp7a" data-testid="btn-icon" aria-hidden="true" height="1em" width="1em" xmlns="http://www.w3.org/2000/svg"><path d="M19 13h-6v6h-2v-6H5v-2h6V5h2v6h6v2z"></path></svg><span class="css-idkz9h">Add Firm Ripened Cheese Mini Friulano 27 % M.F. to cart</span></button></div></div></div></div></div></div><div class="css-0"><div class="css-f5i5wc"><div class="chakra-linkbox css-vhnn8v"><div data-testid="product-image" class="css-16dr4ly"><img alt="Monsieur Gustav Mild Gouda 170 g, $4.11/100g" src="https://assets.shop.loblaws.ca/products/21397352/b3/en/front/21397352_front_a06_@2.png" srcset="https://assets.shop.loblaws.ca/products/21397352/b3/en/front/21397352_front_a06_@2.png 1x, https://assets.shop.loblaws.ca/products/21397352/b3/en/front/21397352_front_a06_@2.png 2x" loading="lazy" class="chakra-image css-oguq8l" aria-hidden="true"></div><div class="css-qoklea"><div class="css-12dchmx"></div><div data-testid="price-product-tile" class="css-8atqhb"><p class="chakra-text css-0"><span class="chakra-text css-pwnbcb" data-testid="regular-price"><span class="css-idkz9h">$6.99</span>$6.99</span></p></div><a href="/mild-gouda/p/21397352_EA?source=nspt" class="chakra-linkbox__overlay css-1hnz6hu"><div class="css-0"><p class="chakra-text css-1ecdp9w" data-testid="product-brand">Monsieur Gustav</p><h3 class="chakra-heading css-6qrhwc" id="21397352_EA" data-testid="product-title">Mild Gouda</h3><p class="chakra-text css-1yftjin" data-testid="product-package-size">170 g, $4.11/100g</p></div></a><div class="css-8keand"></div></div><div class="css-1q5omjq"><div class="css-fcebb8"><div data-testid="atc-compact" class="css-y94ivq" style="width: 45px;"><button type="button" class="chakra-button css-mudsm6" data-testid="atc-button"><svg stroke="currentColor" fill="currentColor" stroke-width="0" viewBox="0 0 24 24" focusable="false" class="chakra-icon css-1g3sp7a" data-testid="btn-icon" aria-hidden="true" height="1em" width="1em" xmlns="http://www.w3.org/2000/svg"><path d="M19 13h-6v6h-2v-6H5v-2h6V5h2v6h6v2z"></path></svg><span class="css-idkz9h">Add Mild Gouda to cart</span></button></div></div><div class="css-4saf4a"><p class="chakra-text css-py8788" data-testid="inventory-badge-text">Low Stock</p></div></div></div></div></div><div class="css-0"><div class="css-f5i5wc"><div class="chakra-linkbox css-vhnn8v"><div data-testid="product-image" class="css-16dr4ly"><img alt="Ile De France Ile de France Creamy &amp; Ripened Camembert 250 g, $4.00/100g" src="https://assets.shop.loblaws.ca/products/21337134/b3/en/front/21337134_front_a06_@2.png" srcset="https://assets.shop.loblaws.ca/products/21337134/b3/en/front/21337134_front_a06_@2.png 1x, https://assets.shop.loblaws.ca/products/21337134/b3/en/front/21337134_front_a06_@2.png 2x" loading="lazy" class="chakra-image css-oguq8l" aria-hidden="true"></div><div class="css-qoklea"><div class="css-12dchmx"></div><div data-testid="price-product-tile" class="css-8atqhb"><p class="chakra-text css-0"><span class="chakra-text css-pwnbcb" data-testid="regular-price"><span class="css-idkz9h">$9.99</span>$9.99</span></p></div><a href="/ile-de-france-creamy-ripened-camembert/p/21337134_EA?source=nspt" class="chakra-linkbox__overlay css-1hnz6hu"><div class="css-0"><p class="chakra-text css-1ecdp9w" data-testid="product-brand">Ile De France</p><h3 class="chakra-heading css-6qrhwc" id="21337134_EA" data-testid="product-title">Ile de France Creamy &amp; Ripened Camembert</h3><p class="chakra-text css-1yftjin" data-testid="product-package-size">250 g, $4.00/100g</p></div></a><div class="css-8keand"></div></div><div class="css-1q5omjq"><div class="css-fcebb8"><div data-testid="atc-compact" class="css-y94ivq" style="width: 45px;"><button type="button" class="chakra-button css-mudsm6" data-testid="atc-button"><svg stroke="currentColor" fill="currentColor" stroke-width="0" viewBox="0 0 24 24" focusable="false" class="chakra-icon css-1g3sp7a" data-testid="btn-icon" aria-hidden="true" height="1em" width="1em" xmlns="http://www.w3.org/2000/svg"><path d="M19 13h-6v6h-2v-6H5v-2h6V5h2v6h6v2z"></path></svg><span class="css-idkz9h">Add Ile de France Creamy &amp; Ripened Camembert to cart</span></button></div></div></div></div></div></div><div class="css-0"><div class="css-f5i5wc"><div class="chakra-linkbox css-vhnn8v"><div data-testid="product-image" class="css-16dr4ly"><img alt="Jarlsberg Cheese 250 g, $4.80/100g" src="https://assets.shop.loblaws.ca/products/21387012/b3/en/front/21387012_front_a06_@2.png" srcset="https://assets.shop.loblaws.ca/products/21387012/b3/en/front/21387012_front_a06_@2.png 1x, https://assets.shop.loblaws.ca/products/21387012/b3/en/front/21387012_front_a06_@2.png 2x" loading="lazy" class="chakra-image css-oguq8l" aria-hidden="true"></div><div class="css-qoklea"><div class="css-12dchmx"></div><div data-testid="price-product-tile" class="css-8atqhb"><p class="chakra-text css-0"><span class="chakra-text css-pwnbcb" data-testid="regular-price"><span class="css-idkz9h">$11.99</span>$11.99</span></p></div><a href="/cheese/p/21387012_EA?source=nspt" class="chakra-linkbox__overlay css-1hnz6hu"><div class="css-0"><p class="chakra-text css-1ecdp9w" data-testid="product-brand">Jarlsberg</p><h3 class="chakra-heading css-6qrhwc" id="21387012_EA" data-testid="product-title">Cheese</h3><p class="chakra-text css-1yftjin" data-testid="product-package-size">250 g, $4.80/100g</p></div></a><div class="css-8keand"></div></div><div class="css-1q5omjq"><div class="css-fcebb8"><div data-testid="atc-compact" class="css-y94ivq" style="width: 45px;"><button type="button" class="chakra-button css-mudsm6" data-testid="atc-button"><svg stroke="currentColor" fill="currentColor" stroke-width="0" viewBox="0 0 24 24" focusable="false" class="chakra-icon css-1g3sp7a" data-testid="btn-icon" aria-hidden="true" height="1em" width="1em" xmlns="http://www.w3.org/2000/svg"><path d="M19 13h-6v6h-2v-6H5v-2h6V5h2v6h6v2z"></path></svg><span class="css-idkz9h">Add Cheese to cart</span></button></div></div></div></div></div></div><div class="css-0"><div class="css-f5i5wc"><div class="chakra-linkbox css-vhnn8v"><div data-testid="product-image" class="css-16dr4ly"><img alt="Saputo Bocconcini Cheese, 18% MF 200 g, $2.50/100g" src="https://assets.shop.loblaws.ca/products/21051214/b3/en/front/21051214_front_a06_@2.png" srcset="https://assets.shop.loblaws.ca/products/21051214/b3/en/front/21051214_front_a06_@2.png 1x, https://assets.shop.loblaws.ca/products/21051214/b3/en/front/21051214_front_a06_@2.png 2x" loading="lazy" class="chakra-image css-oguq8l" aria-hidden="true"></div><div class="css-qoklea"><div class="css-12dchmx"></div><div data-testid="price-product-tile" class="css-8atqhb"><p class="chakra-text css-0"><span class="chakra-text css-o93gbd" data-testid="sale-price"><span class="css-idkz9h">$5.00</span>$5.00</span><span class="chakra-text css-623q5h" data-testid="was-price"><span class="css-idkz9h">$7.49</span>$7.49</span></p><p class="chakra-text css-1m5a6y8" data-testid="price-descriptor">SAVE $2.49</p></div><a href="/bocconcini-cheese-18-mf/p/21051214_EA?source=nspt" class="chakra-linkbox__overlay css-1hnz6hu"><div class="css-0"><p class="chakra-text css-1ecdp9w" data-testid="product-brand">Saputo</p><h3 class="chakra-heading css-6qrhwc" id="21051214_EA" data-testid="product-title">Bocconcini Cheese, 18% MF</h3><p class="chakra-text css-1yftjin" data-testid="product-package-size">200 g, $2.50/100g</p></div></a><div class="css-8keand"></div></div><div class="css-1q5omjq"><div class="css-fcebb8"><div data-testid="atc-compact" class="css-y94ivq" style="width: 45px;"><button disabled="" type="button" class="chakra-button css-mudsm6" data-testid="atc-button"><svg stroke="currentColor" fill="currentColor" stroke-width="0" viewBox="0 0 24 24" focusable="false" class="chakra-icon css-1g3sp7a" data-testid="btn-icon" aria-hidden="true" height="1em" width="1em" xmlns="http://www.w3.org/2000/svg"><path d="M19 13h-6v6h-2v-6H5v-2h6V5h2v6h6v2z"></path></svg><span class="css-idkz9h">Add Bocconcini Cheese, 18% MF to cart</span></button></div></div><div class="css-4saf4a"><p class="chakra-text css-py8788" data-testid="inventory-badge-text">Out of Stock</p></div></div></div></div></div><div class="css-0"><div class="css-f5i5wc"><div class="chakra-linkbox css-vhnn8v"><div data-testid="product-image" class="css-16dr4ly"><img alt="President's Choice Brie Triple Crème Brie Cheese 200 g, $4.50/100g" src="https://assets.shop.loblaws.ca/products/20583715/b3/en/front/20583715_front_a06_@2.png" srcset="https://assets.shop.loblaws.ca/products/20583715/b3/en/front/20583715_front_a06_@2.png 1x, https://assets.shop.loblaws.ca/products/20583715/b3/en/front/20583715_front_a06_@2.png 2x" loading="lazy" class="chakra-image css-oguq8l" aria-hidden="true"></div><div class="css-qoklea"><div class="css-12dchmx"></div><div data-testid="price-product-tile" class="css-8atqhb"><p class="chakra-text css-0"><span class="chakra-text css-pwnbcb" data-testid="regular-price"><span class="css-idkz9h">$8.99</span>$8.99</span></p></div><a href="/brie-triple-cr-me-brie-cheese/p/20583715_EA?source=nspt" class="chakra-linkbox__overlay css-1hnz6hu"><div class="css-0"><p class="chakra-text css-1ecdp9w" data-testid="product-brand">President's Choice</p><h3 class="chakra-heading css-6qrhwc" id="20583715_EA" data-testid="product-title">Brie Triple Crème Brie Cheese</h3><p class="chakra-text css-1yftjin" data-testid="product-package-size">200 g, $4.50/100g</p></div></a><div class="css-8keand"></div></div><div class="css-1q5omjq"><div class="css-fcebb8"><div data-testid="atc-compact" class="css-y94ivq" style="width: 45px;"><button type="button" class="chakra-button css-mudsm6" data-testid="atc-button"><svg stroke="currentColor" fill="currentColor" stroke-width="0" viewBox="0 0 24 24" focusable="false" class="chakra-icon css-1g3sp7a" data-testid="btn-icon" aria-hidden="true" height="1em" width="1em" xmlns="http://www.w3.org/2000/svg"><path d="M19 13h-6v6h-2v-6H5v-2h6V5h2v6h6v2z"></path></svg><span class="css-idkz9h">Add Brie Triple Crème Brie Cheese to cart</span></button></div></div></div></div></div></div><div class="css-0"><div class="css-f5i5wc"><div class="chakra-linkbox css-vhnn8v"><div data-testid="product-image" class="css-16dr4ly"><img alt="President's Choice Sliced Provolone Cheese, Club Pack 500 g, $3.10/100g" src="https://assets.shop.loblaws.ca/products/20251914/b3/en/front/20251914_front_a06_@2.png" srcset="https://assets.shop.loblaws.ca/products/20251914/b3/en/front/20251914_front_a06_@2.png 1x, https://assets.shop.loblaws.ca/products/20251914/b3/en/front/20251914_front_a06_@2.png 2x" loading="lazy" class="chakra-image css-oguq8l" aria-hidden="true"></div><div class="css-qoklea"><div class="css-12dchmx"></div><div data-testid="price-product-tile" class="css-8atqhb"><p class="chakra-text css-0"><span class="chakra-text css-pwnbcb" data-testid="regular-price"><span class="css-idkz9h">$15.49</span>$15.49</span></p></div><a href="/sliced-provolone-cheese-club-pack/p/20251914_EA?source=nspt" class="chakra-linkbox__overlay css-1hnz6hu"><div class="css-0"><p class="chakra-text css-1ecdp9w" data-testid="product-brand">President's Choice</p><h3 class="chakra-heading css-6qrhwc" id="20251914_EA" data-testid="product-title">Sliced Provolone Cheese, Club Pack</h3><p class="chakra-text css-1yftjin" data-testid="product-package-size">500 g, $3.10/100g</p></div></a><div class="css-8keand"></div></div><div class="css-1q5omjq"><div class="css-fcebb8"><div data-testid="atc-compact" class="css-y94ivq" style="width: 45px;"><button type="button" class="chakra-button css-mudsm6" data-testid="atc-button"><svg stroke="currentColor" fill="currentColor" stroke-width="0" viewBox="0 0 24 24" focusable="false" class="chakra-icon css-1g3sp7a" data-testid="btn-icon" aria-hidden="true" height="1em" width="1em" xmlns="http://www.w3.org/2000/svg"><path d="M19 13h-6v6h-2v-6H5v-2h6V5h2v6h6v2z"></path></svg><span class="css-idkz9h">Add Sliced Provolone Cheese, Club Pack to cart</span></button></div></div></div></div></div></div><div class="css-0"><div class="css-f5i5wc"><div class="chakra-linkbox css-vhnn8v"><div data-testid="product-image" class="css-16dr4ly"><img alt="Castello Havarti Jalapeno FW 200 g, $3.65/100g" src="https://assets.shop.loblaws.ca/products/20573910/b3/en/front/20573910_front_a06_@2.png" srcset="https://assets.shop.loblaws.ca/products/20573910/b3/en/front/20573910_front_a06_@2.png 1x, https://assets.shop.loblaws.ca/products/20573910/b3/en/front/20573910_front_a06_@2.png 2x" loading="lazy" class="chakra-image css-oguq8l" aria-hidden="true"></div><div class="css-qoklea"><div class="css-12dchmx"></div><div data-testid="price-product-tile" class="css-8atqhb"><p class="chakra-text css-0"><span class="chakra-text css-pwnbcb" data-testid="regular-price"><span class="css-idkz9h">$7.29</span>$7.29</span></p></div><a href="/havarti-jalapeno-fw/p/20573910_EA?source=nspt" class="chakra-linkbox__overlay css-1hnz6hu"><div class="css-0"><p class="chakra-text css-1ecdp9w" data-testid="product-brand">Castello</p><h3 class="chakra-heading css-6qrhwc" id="20573910_EA" data-testid="product-title">Havarti Jalapeno FW</h3><p class="chakra-text css-1yftjin" data-testid="product-package-size">200 g, $3.65/100g</p></div></a><div class="css-8keand"></div></div><div class="css-1q5omjq"><div class="css-fcebb8"><div data-testid="atc-compact" class="css-y94ivq" style="width: 45px;"><button type="button" class="chakra-button css-mudsm6" data-testid="atc-button"><svg stroke="currentColor" fill="currentColor" stroke-width="0" viewBox="0 0 24 24" focusable="false" class="chakra-icon css-1g3sp7a" data-testid="btn-icon" aria-hidden="true" height="1em" width="1em" xmlns="http://www.w3.org/2000/svg"><path d="M19 13h-6v6h-2v-6H5v-2h6V5h2v6h6v2z"></path></svg><span class="css-idkz9h">Add Havarti Jalapeno FW to cart</span></button></div></div></div></div></div></div><div class="css-0"><div class="css-f5i5wc"><div class="chakra-linkbox css-vhnn8v"><div data-testid="product-image" class="css-16dr4ly"><img alt="Boursin Cuisine Garlic &amp; Fine Herbs 12 % M.F. 220 g, $3.18/100g" src="https://assets.shop.loblaws.ca/products/21510642/b3/en/front/21510642_front_a06_@2.png" srcset="https://assets.shop.loblaws.ca/products/21510642/b3/en/front/21510642_front_a06_@2.png 1x, https://assets.shop.loblaws.ca/products/21510642/b3/en/front/21510642_front_a06_@2.png 2x" loading="lazy" class="chakra-image css-oguq8l" aria-hidden="true"></div><div class="css-qoklea"><div class="css-12dchmx"></div><div data-testid="price-product-tile" class="css-8atqhb"><p class="chakra-text css-0"><span class="chakra-text css-pwnbcb" data-testid="regular-price"><span class="css-idkz9h">$6.99</span>$6.99</span></p></div><a href="/cuisine-garlic-fine-herbs-12-m-f/p/21510642_EA?source=nspt" class="chakra-linkbox__overlay css-1hnz6hu"><div class="css-0"><p class="chakra-text css-1ecdp9w" data-testid="product-brand">Boursin</p><h3 class="chakra-heading css-6qrhwc" id="21510642_EA" data-testid="product-title">Cuisine Garlic &amp; Fine Herbs 12 % M.F.</h3><p class="chakra-text css-1yftjin" data-testid="product-package-size">220 g, $3.18/100g</p></div></a><div class="css-8keand"></div></div><div class="css-1q5omjq"><div class="css-fcebb8"><div data-testid="atc-compact" class="css-y94ivq" style="width: 45px;"><button type="button" class="chakra-button css-mudsm6" data-testid="atc-button"><svg stroke="currentColor" fill="currentColor" stroke-width="0" viewBox="0 0 24 24" focusable="false" class="chakra-icon css-1g3sp7a" data-testid="btn-icon" aria-hidden="true" height="1em" width="1em" xmlns="http://www.w3.org/2000/svg"><path d="M19 13h-6v6h-2v-6H5v-2h6V5h2v6h6v2z"></path></svg><span class="css-idkz9h">Add Cuisine Garlic &amp; Fine Herbs 12 % M.F. to cart</span></button></div></div></div></div></div></div><div class="css-0"><div class="css-f5i5wc"><div class="chakra-linkbox css-vhnn8v"><div data-testid="product-image" class="css-16dr4ly"><img alt="President's Choice Canadian Cheddar Aged 5 Years  300 g, $5.33/100g" src="https://assets.shop.loblaws.ca/products/20184165/b3/en/front/20184165_front_a06_@2.png" srcset="https://assets.shop.loblaws.ca/products/20184165/b3/en/front/20184165_front_a06_@2.png 1x, https://assets.shop.loblaws.ca/products/20184165/b3/en/front/20184165_front_a06_@2.png 2x" loading="lazy" class="chakra-image css-oguq8l" aria-hidden="true"></div><div class="css-qoklea"><div class="css-12dchmx"></div><div data-testid="price-product-tile" class="css-8atqhb"><p class="chakra-text css-0"><span class="chakra-text css-pwnbcb" data-testid="regular-price"><span class="css-idkz9h">$15.99</span>$15.99</span></p></div><a href="/canadian-cheddar-aged-5-years/p/20184165_EA?source=nspt" class="chakra-linkbox__overlay css-1hnz6hu"><div class="css-0"><p class="chakra-text css-1ecdp9w" data-testid="product-brand">President's Choice</p><h3 class="chakra-heading css-6qrhwc" id="20184165_EA" data-testid="product-title">Canadian Cheddar Aged 5 Years </h3><p class="chakra-text css-1yftjin" data-testid="product-package-size">300 g, $5.33/100g</p></div></a><div class="css-8keand"></div></div><div class="css-1q5omjq"><div class="css-fcebb8"><div data-testid="atc-compact" class="css-y94ivq" style="width: 45px;"><button type="button" class="chakra-button css-mudsm6" data-testid="atc-button"><svg stroke="currentColor" fill="currentColor" stroke-width="0" viewBox="0 0 24 24" focusable="false" class="chakra-icon css-1g3sp7a" data-testid="btn-icon" aria-hidden="true" height="1em" width="1em" xmlns="http://www.w3.org/2000/svg"><path d="M19 13h-6v6h-2v-6H5v-2h6V5h2v6h6v2z"></path></svg><span class="css-idkz9h">Add Canadian Cheddar Aged 5 Years  to cart</span></button></div></div></div></div></div></div><div class="css-0"><div class="css-f5i5wc"><div class="chakra-linkbox css-vhnn8v"><div data-testid="product-image" class="css-16dr4ly"><img alt="Oka Aged Cheese 190 g, $4.21/100g" src="https://assets.shop.loblaws.ca/products/20921279/b3/en/front/20921279_front_a06_@2.png" srcset="https://assets.shop.loblaws.ca/products/20921279/b3/en/front/20921279_front_a06_@2.png 1x, https://assets.shop.loblaws.ca/products/20921279/b3/en/front/20921279_front_a06_@2.png 2x" loading="lazy" class="chakra-image css-oguq8l" aria-hidden="true"></div><div class="css-qoklea"><div class="css-12dchmx"></div><div data-testid="price-product-tile" class="css-8atqhb"><p class="chakra-text css-0"><span class="chakra-text css-pwnbcb" data-testid="regular-price"><span class="css-idkz9h">$7.99</span>$7.99</span></p></div><a href="/aged-cheese/p/20921279_EA?source=nspt" class="chakra-linkbox__overlay css-1hnz6hu"><div class="css-0"><p class="chakra-text css-1ecdp9w" data-testid="product-brand">Oka</p><h3 class="chakra-heading css-6qrhwc" id="20921279_EA" data-testid="product-title">Aged Cheese</h3><p class="chakra-text css-1yftjin" data-testid="product-package-size">190 g, $4.21/100g</p></div></a><div class="css-8keand"></div></div><div class="css-1q5omjq"><div class="css-fcebb8"><div data-testid="atc-compact" class="css-y94ivq" style="width: 45px;"><button type="button" class="chakra-button css-mudsm6" data-testid="atc-button"><svg stroke="currentColor" fill="currentColor" stroke-width="0" viewBox="0 0 24 24" focusable="false" class="chakra-icon css-1g3sp7a" data-testid="btn-icon" aria-hidden="true" height="1em" width="1em" xmlns="http://www.w3.org/2000/svg"><path d="M19 13h-6v6h-2v-6H5v-2h6V5h2v6h6v2z"></path></svg><span class="css-idkz9h">Add Aged Cheese to cart</span></button></div></div></div></div></div></div><div class="css-0"><div class="css-f5i5wc"><div class="chakra-linkbox css-vhnn8v"><div data-testid="product-image" class="css-16dr4ly"><img alt="Saputo Parmesan, Petals 125 g, $4.00/100g" src="https://assets.shop.loblaws.ca/products/20125339/b3/en/front/20125339_front_a06_@2.png" srcset="https://assets.shop.loblaws.ca/products/20125339/b3/en/front/20125339_front_a06_@2.png 1x, https://assets.shop.loblaws.ca/products/20125339/b3/en/front/20125339_front_a06_@2.png 2x" loading="lazy" class="chakra-image css-oguq8l" aria-hidden="true"></div><div class="css-qoklea"><div class="css-12dchmx"></div><div data-testid="price-product-tile" class="css-8atqhb"><p class="chakra-text css-0"><span class="chakra-text css-o93gbd" data-testid="sale-price"><span class="css-idkz9h">$5.00</span>$5.00</span><span class="chakra-text css-623q5h" data-testid="was-price"><span class="css-idkz9h">$6.49</span>$6.49</span></p><p class="chakra-text css-1m5a6y8" data-testid="price-descriptor">SAVE $1.49</p></div><a href="/parmesan-petals/p/20125339_EA?source=nspt" class="chakra-linkbox__overlay css-1hnz6hu"><div class="css-0"><p class="chakra-text css-1ecdp9w" data-testid="product-brand">Saputo</p><h3 class="chakra-heading css-6qrhwc" id="20125339_EA" data-testid="product-title">Parmesan, Petals</h3><p class="chakra-text css-1yftjin" data-testid="product-package-size">125 g, $4.00/100g</p></div></a><div class="css-8keand"></div></div><div class="css-1q5omjq"><div class="css-fcebb8"><div data-testid="atc-compact" class="css-y94ivq" style="width: 45px;"><button type="button" class="chakra-button css-mudsm6" data-testid="atc-button"><svg stroke="currentColor" fill="currentColor" stroke-width="0" viewBox="0 0 24 24" focusable="false" class="chakra-icon css-1g3sp7a" data-testid="btn-icon" aria-hidden="true" height="1em" width="1em" xmlns="http://www.w3.org/2000/svg"><path d="M19 13h-6v6h-2v-6H5v-2h6V5h2v6h6v2z"></path></svg><span class="css-idkz9h">Add Parmesan, Petals to cart</span></button></div></div><div class="css-4saf4a"><p class="chakra-text css-py8788" data-testid="inventory-badge-text">Low Stock</p></div></div></div></div></div><div class="css-0"><div class="css-f5i5wc"><div class="chakra-linkbox css-vhnn8v"><div data-testid="product-image" class="css-16dr4ly"><img alt="PC Blue Menu Goat Cheese 300 g, $3.16/100g" src="https://assets.shop.loblaws.ca/products/20824850/b3/en/front/20824850_front_a06_@2.png" srcset="https://assets.shop.loblaws.ca/products/20824850/b3/en/front/20824850_front_a06_@2.png 1x, https://assets.shop.loblaws.ca/products/20824850/b3/en/front/20824850_front_a06_@2.png 2x" loading="lazy" class="chakra-image css-oguq8l" aria-hidden="true"></div><div class="css-qoklea"><div class="css-12dchmx"></div><div data-testid="price-product-tile" class="css-8atqhb"><p class="chakra-text css-0"><span class="chakra-text css-pwnbcb" data-testid="regular-price"><span class="css-idkz9h">$9.49</span>$9.49</span></p></div><a href="/goat-cheese/p/20824850_EA?source=nspt" class="chakra-linkbox__overlay css-1hnz6hu"><div class="css-0"><p class="chakra-text css-1ecdp9w" data-testid="product-brand">PC Blue Menu</p><h3 class="chakra-heading css-6qrhwc" id="20824850_EA" data-testid="product-title">Goat Cheese</h3><p class="chakra-text css-1yftjin" data-testid="product-package-size">300 g, $3.16/100g</p></div></a><div class="css-8keand"></div></div><div class="css-1q5omjq"><div class="css-fcebb8"><div data-testid="atc-compact" class="css-y94ivq" style="width: 45px;"><button type="button" class="chakra-button css-mudsm6" data-testid="atc-button"><svg stroke="currentColor" fill="currentColor" stroke-width="0" viewBox="0 0 24 24" focusable="false" class="chakra-icon css-1g3sp7a" data-testid="btn-icon" aria-hidden="true" height="1em" width="1em" xmlns="http://www.w3.org/2000/svg"><path d="M19 13h-6v6h-2v-6H5v-2h6V5h2v6h6v2z"></path></svg><span class="css-idkz9h">Add Goat Cheese to cart</span></button></div></div></div></div></div></div><div class="css-0"><div class="css-f5i5wc"><div class="chakra-linkbox css-vhnn8v"><div data-testid="product-image" class="css-16dr4ly"><img alt="Boursin Cuisine Shallot &amp; Chive 12 % M.F. 220 g, $3.18/100g" src="https://assets.shop.loblaws.ca/products/21507661/b3/en/front/21507661_front_a06_@2.png" srcset="https://assets.shop.loblaws.ca/products/21507661/b3/en/front/21507661_front_a06_@2.png 1x, https://assets.shop.loblaws.ca/products/21507661/b3/en/front/21507661_front_a06_@2.png 2x" loading="lazy" class="chakra-image css-oguq8l" aria-hidden="true"></div><div class="css-qoklea"><div class="css-12dchmx"></div><div data-testid="price-product-tile" class="css-8atqhb"><p class="chakra-text css-0"><span class="chakra-text css-pwnbcb" data-testid="regular-price"><span class="css-idkz9h">$6.99</span>$6.99</span></p></div><a href="/cuisine-shallot-chive-12-m-f/p/21507661_EA?source=nspt" class="chakra-linkbox__overlay css-1hnz6hu"><div class="css-0"><p class="chakra-text css-1ecdp9w" data-testid="product-brand">Boursin</p><h3 class="chakra-heading css-6qrhwc" id="21507661_EA" data-testid="product-title">Cuisine Shallot &amp; Chive 12 % M.F.</h3><p class="chakra-text css-1yftjin" data-testid="product-package-size">220 g, $3.18/100g</p></div></a><div class="css-8keand"></div></div><div class="css-1q5omjq"><div class="css-fcebb8"><div data-testid="atc-compact" class="css-y94ivq" style="width: 45px;"><button type="button" class="chakra-button css-mudsm6" data-testid="atc-button"><svg stroke="currentColor" fill="currentColor" stroke-width="0" viewBox="0 0 24 24" focusable="false" class="chakra-icon css-1g3sp7a" data-testid="btn-icon" aria-hidden="true" height="1em" width="1em" xmlns="http://www.w3.org/2000/svg"><path d="M19 13h-6v6h-2v-6H5v-2h6V5h2v6h6v2z"></path></svg><span class="css-idkz9h">Add Cuisine Shallot &amp; Chive 12 % M.F. to cart</span></button></div></div></div></div></div></div><div class="css-0"><div class="css-f5i5wc"><div class="chakra-linkbox css-vhnn8v"><div data-testid="product-image" class="css-16dr4ly"><img alt="President's Choice Marble Cheddar Cheese Block, Club Size 500 g, $2.60/100g" src="https://assets.shop.loblaws.ca/products/20251044/b3/en/front/20251044_front_a06_@2.png" srcset="https://assets.shop.loblaws.ca/products/20251044/b3/en/front/20251044_front_a06_@2.png 1x, https://assets.shop.loblaws.ca/products/20251044/b3/en/front/20251044_front_a06_@2.png 2x" loading="lazy" class="chakra-image css-oguq8l" aria-hidden="true"></div><div class="css-qoklea"><div class="css-12dchmx"></div><div data-testid="price-product-tile" class="css-8atqhb"><p class="chakra-text css-0"><span class="chakra-text css-pwnbcb" data-testid="regular-price"><span class="css-idkz9h">$12.99</span>$12.99</span></p></div><a href="/marble-cheddar-cheese-block-club-size/p/20251044_EA?source=nspt" class="chakra-linkbox__overlay css-1hnz6hu"><div class="css-0"><p class="chakra-text css-1ecdp9w" data-testid="product-brand">President's Choice</p><h3 class="chakra-heading css-6qrhwc" id="20251044_EA" data-testid="product-title">Marble Cheddar Cheese Block, Club Size</h3><p class="chakra-text css-1yftjin" data-testid="product-package-size">500 g, $2.60/100g</p></div></a><div class="css-8keand"></div></div><div class="css-1q5omjq"><div class="css-fcebb8"><div data-testid="atc-compact" class="css-y94ivq" style="width: 45px;"><button type="button" class="chakra-button css-mudsm6" data-testid="atc-button"><svg stroke="currentColor" fill="currentColor" stroke-width="0" viewBox="0 0 24 24" focusable="false" class="chakra-icon css-1g3sp7a" data-testid="btn-icon" aria-hidden="true" height="1em" width="1em" xmlns="http://www.w3.org/2000/svg"><path d="M19 13h-6v6h-2v-6H5v-2h6V5h2v6h6v2z"></path></svg><span class="css-idkz9h">Add Marble Cheddar Cheese Block, Club Size to cart</span></button></div></div></div></div></div></div><div class="css-0"><div class="css-f5i5wc"><div class="chakra-linkbox css-vhnn8v"><div data-testid="product-image" class="css-16dr4ly"><img alt="Puck Halloumi 180 g, $4.05/100g" src="https://assets.shop.loblaws.ca/products/21586261/b3/en/front/21586261_front_a06_@2.png" srcset="https://assets.shop.loblaws.ca/products/21586261/b3/en/front/21586261_front_a06_@2.png 1x, https://assets.shop.loblaws.ca/products/21586261/b3/en/front/21586261_front_a06_@2.png 2x" loading="lazy" class="chakra-image css-oguq8l" aria-hidden="true"></div><div class="css-qoklea"><div class="css-12dchmx"></div><div data-testid="price-product-tile" class="css-8atqhb"><p class="chakra-text css-0"><span class="chakra-text css-pwnbcb" data-testid="regular-price"><span class="css-idkz9h">$7.29</span>$7.29</span></p></div><a href="/halloumi/p/21586261_EA?source=nspt" class="chakra-linkbox__overlay css-1hnz6hu"><div class="css-0"><p class="chakra-text css-1ecdp9w" data-testid="product-brand">Puck</p><h3 class="chakra-heading css-6qrhwc" id="21586261_EA" data-testid="product-title">Halloumi</h3><p class="chakra-text css-1yftjin" data-testid="product-package-size">180 g, $4.05/100g</p></div></a><div class="css-8keand"></div></div><div class="css-1q5omjq"><div class="css-fcebb8"><div data-testid="atc-compact" class="css-y94ivq" style="width: 45px;"><button type="button" class="chakra-button css-mudsm6" data-testid="atc-button"><svg stroke="currentColor" fill="currentColor" stroke-width="0" viewBox="0 0 24 24" focusable="false" class="chakra-icon css-1g3sp7a" data-testid="btn-icon" aria-hidden="true" height="1em" width="1em" xmlns="http://www.w3.org/2000/svg"><path d="M19 13h-6v6h-2v-6H5v-2h6V5h2v6h6v2z"></path></svg><span class="css-idkz9h">Add Halloumi to cart</span></button></div></div></div></div></div></div><div class="css-0"><div class="css-f5i5wc"><div class="chakra-linkbox css-vhnn8v"><div data-testid="product-image" class="css-16dr4ly"><img alt="Balderson Old Cheddar 280 g, $3.57/100g" src="https://assets.shop.loblaws.ca/products/20416277/b3/en/front/20416277_front_a06_@2.png" srcset="https://assets.shop.loblaws.ca/products/20416277/b3/en/front/20416277_front_a06_@2.png 1x, https://assets.shop.loblaws.ca/products/20416277/b3/en/front/20416277_front_a06_@2.png 2x" loading="lazy" class="chakra-image css-oguq8l" aria-hidden="true"></div><div class="css-qoklea"><div class="css-12dchmx"></div><div data-testid="price-product-tile" class="css-8atqhb"><p class="chakra-text css-0"><span class="chakra-text css-pwnbcb" data-testid="regular-price"><span class="css-idkz9h">$9.99</span>$9.99</span></p></div><a href="/old-cheddar/p/20416277_EA?source=nspt" class="chakra-linkbox__overlay css-1hnz6hu"><div class="css-0"><p class="chakra-text css-1ecdp9w" data-testid="product-brand">Balderson</p><h3 class="chakra-heading css-6qrhwc" id="20416277_EA" data-testid="product-title">Old Cheddar</h3><p class="chakra-text css-1yftjin" data-testid="product-package-size">280 g, $3.57/100g</p></div></a><div class="css-8keand"></div></div><div class="css-1q5omjq"><div class="css-fcebb8"><div data-testid="atc-compact" class="css-y94ivq" style="width: 45px;"><button type="button" class="chakra-button css-mudsm6" data-testid="atc-button"><svg stroke="currentColor" fill="currentColor" stroke-width="0" viewBox="0 0 24 24" focusable="false" class="chakra-icon css-1g3sp7a" data-testid="btn-icon" aria-hidden="true" height="1em" width="1em" xmlns="http://www.w3.org/2000/svg"><path d="M19 13h-6v6h-2v-6H5v-2h6V5h2v6h6v2z"></path></svg><span class="css-idkz9h">Add Old Cheddar to cart</span></button></div></div></div></div></div></div><div class="css-0"><div class="css-f5i5wc"><div class="chakra-linkbox css-vhnn8v"><div data-testid="product-image" class="css-16dr4ly"><img alt="Krinos Cow &amp; Goat Feta Cheese 200 g, $3.75/100g" src="https://assets.shop.loblaws.ca/products/20633586/b3/en/front/20633586_front_a06_@2.png" srcset="https://assets.shop.loblaws.ca/products/20633586/b3/en/front/20633586_front_a06_@2.png 1x, https://assets.shop.loblaws.ca/products/20633586/b3/en/front/20633586_front_a06_@2.png 2x" loading="lazy" class="chakra-image css-oguq8l" aria-hidden="true"></div><div class="css-qoklea"><div class="css-12dchmx"></div><div data-testid="price-product-tile" class="css-8atqhb"><p class="chakra-text css-0"><span class="chakra-text css-pwnbcb" data-testid="regular-price"><span class="css-idkz9h">$7.49</span>$7.49</span></p></div><a href="/cow-goat-feta-cheese/p/20633586_EA?source=nspt" class="chakra-linkbox__overlay css-1hnz6hu"><div class="css-0"><p class="chakra-text css-1ecdp9w" data-testid="product-brand">Krinos</p><h3 class="chakra-heading css-6qrhwc" id="20633586_EA" data-testid="product-title">Cow &amp; Goat Feta Cheese</h3><p class="chakra-text css-1yftjin" data-testid="product-package-size">200 g, $3.75/100g</p></div></a><div class="css-8keand"></div></div><div class="css-1q5omjq"><div class="css-fcebb8"><div data-testid="atc-compact" class="css-y94ivq" style="width: 45px;"><button type="button" class="chakra-button css-mudsm6" data-testid="atc-button"><svg stroke="currentColor" fill="currentColor" stroke-width="0" viewBox="0 0 24 24" focusable="false" class="chakra-icon css-1g3sp7a" data-testid="btn-icon" aria-hidden="true" height="1em" width="1em" xmlns="http://www.w3.org/2000/svg"><path d="M19 13h-6v6h-2v-6H5v-2h6V5h2v6h6v2z"></path></svg><span class="css-idkz9h">Add Cow &amp; Goat Feta Cheese to cart</span></button></div></div></div></div></div></div><div class="css-0"><div class="css-f5i5wc"><div class="chakra-linkbox css-vhnn8v"><div data-testid="product-image" class="css-16dr4ly"><img alt="Woolwich Goat Milk Feta Cheese 600 g, $3.63/100g" src="https://assets.shop.loblaws.ca/products/21091455/b3/en/front/21091455_front_a06_@2.png" srcset="https://assets.shop.loblaws.ca/products/21091455/b3/en/front/21091455_front_a06_@2.png 1x, https://assets.shop.loblaws.ca/products/21091455/b3/en/front/21091455_front_a06_@2.png 2x" loading="lazy" class="chakra-image css-oguq8l" aria-hidden="true"></div><div class="css-qoklea"><div class="css-12dchmx"></div><div data-testid="price-product-tile" class="css-8atqhb"><p class="chakra-text css-0"><span class="chakra-text css-pwnbcb" data-testid="regular-price"><span class="css-idkz9h">$21.79</span>$21.79</span></p></div><a href="/goat-milk-feta-cheese/p/21091455_EA?source=nspt" class="chakra-linkbox__overlay css-1hnz6hu"><div class="css-0"><p class="chakra-text css-1ecdp9w" data-testid="product-brand">Woolwich</p><h3 class="chakra-heading css-6qrhwc" id="21091455_EA" data-testid="product-title">Goat Milk Feta Cheese</h3><p class="chakra-text css-1yftjin" data-testid="product-package-size">600 g, $3.63/100g</p></div></a><div class="css-8keand"></div></div><div class="css-1q5omjq"><div class="css-fcebb8"><div data-testid="atc-compact" class="css-y94ivq" style="width: 45px;"><button type="button" class="chakra-button css-mudsm6" data-testid="atc-button"><svg stroke="currentColor" fill="currentColor" stroke-width="0" viewBox="0 0 24 24" focusable="false" class="chakra-icon css-1g3sp7a" data-testid="btn-icon" aria-hidden="true" height="1em" width="1em" xmlns="http://www.w3.org/2000/svg"><path d="M19 13h-6v6h-2v-6H5v-2h6V5h2v6h6v2z"></path></svg><span class="css-idkz9h">Add Goat Milk Feta Cheese to cart</span></button></div></div></div></div></div></div><div class="css-0"><div class="css-f5i5wc"><div class="chakra-linkbox css-vhnn8v"><div data-testid="product-image" class="css-16dr4ly"><img alt="The Laughing Cow Jalapeno 133 g, $2.77/100g" src="https://assets.shop.loblaws.ca/products/20559023/b3/en/front/20559023_front_a06_@2.png" srcset="https://assets.shop.loblaws.ca/products/20559023/b3/en/front/20559023_front_a06_@2.png 1x, https://assets.shop.loblaws.ca/products/20559023/b3/en/front/20559023_front_a06_@2.png 2x" loading="lazy" class="chakra-image css-oguq8l" aria-hidden="true"></div><div class="css-qoklea"><div class="css-12dchmx"></div><div data-testid="price-product-tile" class="css-8atqhb"><p class="chakra-text css-0"><span class="chakra-text css-o93gbd" data-testid="sale-price"><span class="css-idkz9h">$3.69</span>$3.69</span><span class="chakra-text css-623q5h" data-testid="was-price"><span class="css-idkz9h">$4.79</span>$4.79</span></p><p class="chakra-text css-1m5a6y8" data-testid="price-descriptor">SAVE $1.10</p></div><a href="/jalapeno/p/20559023_EA?source=nspt" class="chakra-linkbox__overlay css-1hnz6hu"><div class="css-0"><p class="chakra-text css-1ecdp9w" data-testid="product-brand">The Laughing Cow</p><h3 class="chakra-heading css-6qrhwc" id="20559023_EA" data-testid="product-title">Jalapeno</h3><p class="chakra-text css-1yftjin" data-testid="product-package-size">133 g, $2.77/100g</p></div></a><div class="css-8keand"></div></div><div class="css-1q5omjq"><div class="css-fcebb8"><div data-testid="atc-compact" class="css-y94ivq" style="width: 45px;"><button type="button" class="chakra-button css-mudsm6" data-testid="atc-button"><svg stroke="currentColor" fill="currentColor" stroke-width="0" viewBox="0 0 24 24" focusable="false" class="chakra-icon css-1g3sp7a" data-testid="btn-icon" aria-hidden="true" height="1em" width="1em" xmlns="http://www.w3.org/2000/svg"><path d="M19 13h-6v6h-2v-6H5v-2h6V5h2v6h6v2z"></path></svg><span class="css-idkz9h">Add Jalapeno to cart</span></button></div></div></div></div></div></div><div class="css-0"><div class="css-f5i5wc"><div class="chakra-linkbox css-vhnn8v"><div data-testid="product-image" class="css-16dr4ly"><img alt="President's Choice Herbed Goat's Milk Cheese 140 g, $4.49/100g" src="https://assets.shop.loblaws.ca/products/20296631/b3/en/front/20296631_front_a06_@2.png" srcset="https://assets.shop.loblaws.ca/products/20296631/b3/en/front/20296631_front_a06_@2.png 1x, https://assets.shop.loblaws.ca/products/20296631/b3/en/front/20296631_front_a06_@2.png 2x" loading="lazy" class="chakra-image css-oguq8l" aria-hidden="true"></div><div class="css-qoklea"><div class="css-12dchmx"></div><div data-testid="price-product-tile" class="css-8atqhb"><p class="chakra-text css-0"><span class="chakra-text css-pwnbcb" data-testid="regular-price"><span class="css-idkz9h">$6.29</span>$6.29</span></p></div><a href="/herbed-goat-s-milk-cheese/p/20296631_EA?source=nspt" class="chakra-linkbox__overlay css-1hnz6hu"><div class="css-0"><p class="chakra-text css-1ecdp9w" data-testid="product-brand">President's Choice</p><h3 class="chakra-heading css-6qrhwc" id="20296631_EA" data-testid="product-title">Herbed Goat's Milk Cheese</h3><p class="chakra-text css-1yftjin" data-testid="product-package-size">140 g, $4.49/100g</p></div></a><div class="css-8keand"></div></div><div class="css-1q5omjq"><div class="css-fcebb8"><div data-testid="atc-compact" class="css-y94ivq" style="width: 45px;"><button type="button" class="chakra-button css-mudsm6" data-testid="atc-button"><svg stroke="currentColor" fill="currentColor" stroke-width="0" viewBox="0 0 24 24" focusable="false" class="chakra-icon css-1g3sp7a" data-testid="btn-icon" aria-hidden="true" height="1em" width="1em" xmlns="http://www.w3.org/2000/svg"><path d="M19 13h-6v6h-2v-6H5v-2h6V5h2v6h6v2z"></path></svg><span class="css-idkz9h">Add Herbed Goat's Milk Cheese to cart</span></button></div></div></div></div></div></div><div class="css-0"><div class="css-f5i5wc"><div class="chakra-linkbox css-vhnn8v"><div data-testid="product-image" class="css-16dr4ly"><img alt="Tre Stelle Mozzarella Cheese, Club Pack 750 g, $2.27/100g" src="https://assets.shop.loblaws.ca/products/21062477/b3/en/front/21062477_front_a06_@2.png" srcset="https://assets.shop.loblaws.ca/products/21062477/b3/en/front/21062477_front_a06_@2.png 1x, https://assets.shop.loblaws.ca/products/21062477/b3/en/front/21062477_front_a06_@2.png 2x" loading="lazy" class="chakra-image css-oguq8l" aria-hidden="true"></div><div class="css-qoklea"><div class="css-12dchmx"></div><div data-testid="price-product-tile" class="css-8atqhb"><p class="chakra-text css-0"><span class="chakra-text css-pwnbcb" data-testid="regular-price"><span class="css-idkz9h">$16.99</span>$16.99</span></p></div><a href="/mozzarella-cheese-club-pack/p/21062477_EA?source=nspt" class="chakra-linkbox__overlay css-1hnz6hu"><div class="css-0"><p class="chakra-text css-1ecdp9w" data-testid="product-brand">Tre Stelle</p><h3 class="chakra-heading css-6qrhwc" id="21062477_EA" data-testid="product-title">Mozzarella Cheese, Club Pack</h3><p class="chakra-text css-1yftjin" data-testid="product-package-size">750 g, $2.27/100g</p></div></a><div class="css-8keand"></div></div><div class="css-1q5omjq"><div class="css-fcebb8"><div data-testid="atc-compact" class="css-y94ivq" style="width: 45px;"><button type="button" class="chakra-button css-mudsm6" data-testid="atc-button"><svg stroke="currentColor" fill="currentColor" stroke-width="0" viewBox="0 0 24 24" focusable="false" class="chakra-icon css-1g3sp7a" data-testid="btn-icon" aria-hidden="true" height="1em" width="1em" xmlns="http://www.w3.org/2000/svg"><path d="M19 13h-6v6h-2v-6H5v-2h6V5h2v6h6v2z"></path></svg><span class="css-idkz9h">Add Mozzarella Cheese, Club Pack to cart</span></button></div></div></div></div></div></div><div class="css-0"><div class="css-f5i5wc"><div class="chakra-linkbox css-vhnn8v"><div data-testid="product-image" class="css-16dr4ly"><img alt="President's Choice Soft Unripened Goat's Milk Cheese Honey &amp; Hot Pepper Medium 22% M.F. 140 g, $4.49/100g" src="https://assets.shop.loblaws.ca/products/21396426/b3/en/front/21396426_front_a06_@2.png" srcset="https://assets.shop.loblaws.ca/products/21396426/b3/en/front/21396426_front_a06_@2.png 1x, https://assets.shop.loblaws.ca/products/21396426/b3/en/front/21396426_front_a06_@2.png 2x" loading="lazy" class="chakra-image css-oguq8l" aria-hidden="true"></div><div class="css-qoklea"><div class="css-12dchmx"></div><div data-testid="price-product-tile" class="css-8atqhb"><p class="chakra-text css-0"><span class="chakra-text css-pwnbcb" data-testid="regular-price"><span class="css-idkz9h">$6.29</span>$6.29</span></p></div><a href="/soft-unripened-goat-s-milk-cheese-honey-hot-pepper/p/21396426_EA?source=nspt" class="chakra-linkbox__overlay css-1hnz6hu"><div class="css-0"><p class="chakra-text css-1ecdp9w" data-testid="product-brand">President's Choice</p><h3 class="chakra-heading css-6qrhwc" id="21396426_EA" data-testid="product-title">Soft Unripened Goat's Milk Cheese Honey &amp; Hot Pepper Medium 22% M.F.</h3><p class="chakra-text css-1yftjin" data-testid="product-package-size">140 g, $4.49/100g</p></div></a><div class="css-8keand"></div></div><div class="css-1q5omjq"><div class="css-fcebb8"><div data-testid="atc-compact" class="css-y94ivq" style="width: 45px;"><button type="button" class="chakra-button css-mudsm6" data-testid="atc-button"><svg stroke="currentColor" fill="currentColor" stroke-width="0" viewBox="0 0 24 24" focusable="false" class="chakra-icon css-1g3sp7a" data-testid="btn-icon" aria-hidden="true" height="1em" width="1em" xmlns="http://www.w3.org/2000/svg"><path d="M19 13h-6v6h-2v-6H5v-2h6V5h2v6h6v2z"></path></svg><span class="css-idkz9h">Add Soft Unripened Goat's Milk Cheese Honey &amp; Hot Pepper Medium 22% M.F. to cart</span></button></div></div></div></div></div></div><div class="css-0"><div class="css-f5i5wc"><div class="chakra-linkbox css-vhnn8v"><div data-testid="product-image" class="css-16dr4ly"><img alt="President's Choice Sliced Old White Cheddar Cheese 160 g, $3.75/100g" src="https://assets.shop.loblaws.ca/products/20219419/b3/en/front/20219419_front_a06_@2.png" srcset="https://assets.shop.loblaws.ca/products/20219419/b3/en/front/20219419_front_a06_@2.png 1x, https://assets.shop.loblaws.ca/products/20219419/b3/en/front/20219419_front_a06_@2.png 2x" loading="lazy" class="chakra-image css-oguq8l" aria-hidden="true"></div><div class="css-qoklea"><div class="css-12dchmx"></div><div data-testid="price-product-tile" class="css-8atqhb"><p class="chakra-text css-0"><span class="chakra-text css-o93gbd" data-testid="sale-price"><span class="css-idkz9h">$6.00</span>$6.00</span><span class="chakra-text css-623q5h" data-testid="was-price"><span class="css-idkz9h">$6.99</span>$6.99</span></p><p class="chakra-text css-1m5a6y8" data-testid="price-descriptor">SAVE $0.99</p></div><a href="/sliced-old-white-cheddar-cheese/p/20219419_EA?source=nspt" class="chakra-linkbox__overlay css-1hnz6hu"><div class="css-0"><p class="chakra-text css-1ecdp9w" data-testid="product-brand">President's Choice</p><h3 class="chakra-heading css-6qrhwc" id="20219419_EA" data-testid="product-title">Sliced Old White Cheddar Cheese</h3><p class="chakra-text css-1yftjin" data-testid="product-package-size">160 g, $3.75/100g</p></div></a><div class="css-8keand"></div></div><div class="css-1q5omjq"><div class="css-fcebb8"><div data-testid="atc-compact" class="css-y94ivq" style="width: 45px;"><button type="button" class="chakra-button css-mudsm6" data-testid="atc-button"><svg stroke="currentColor" fill="currentColor" stroke-width="0" viewBox="0 0 24 24" focusable="false" class="chakra-icon css-1g3sp7a" data-testid="btn-icon" aria-hidden="true" height="1em" width="1em" xmlns="http://www.w3.org/2000/svg"><path d="M19 13h-6v6h-2v-6H5v-2h6V5h2v6h6v2z"></path></svg><span class="css-idkz9h">Add Sliced Old White Cheddar Cheese to cart</span></button></div></div></div></div></div></div><div class="css-0"><div class="css-f5i5wc"><div class="chakra-linkbox css-vhnn8v"><div data-testid="product-image" class="css-16dr4ly"><img alt="Balderson Medium Cheddar 280 g, $3.57/100g" src="https://assets.shop.loblaws.ca/products/20415811/b3/en/front/20415811_front_a06_@2.png" srcset="https://assets.shop.loblaws.ca/products/20415811/b3/en/front/20415811_front_a06_@2.png 1x, https://assets.shop.loblaws.ca/products/20415811/b3/en/front/20415811_front_a06_@2.png 2x" loading="lazy" class="chakra-image css-oguq8l" aria-hidden="true"></div><div class="css-qoklea"><div class="css-12dchmx"></div><div data-testid="price-product-tile" class="css-8atqhb"><p class="chakra-text css-0"><span class="chakra-text css-pwnbcb" data-testid="regular-price"><span class="css-idkz9h">$9.99</span>$9.99</span></p></div><a href="/medium-cheddar/p/20415811_EA?source=nspt" class="chakra-linkbox__overlay css-1hnz6hu"><div class="css-0"><p class="chakra-text css-1ecdp9w" data-testid="product-brand">Balderson</p><h3 class="chakra-heading css-6qrhwc" id="20415811_EA" data-testid="product-title">Medium Cheddar</h3><p class="chakra-text css-1yftjin" data-testid="product-package-size">280 g, $3.57/100g</p></div></a><div class="css-8keand"></div></div><div class="css-1q5omjq"><div class="css-fcebb8"><div data-testid="atc-compact" class="css-y94ivq" style="width: 45px;"><button type="button" class="chakra-button css-mudsm6" data-testid="atc-button"><svg stroke="currentColor" fill="currentColor" stroke-width="0" viewBox="0 0 24 24" focusable="false" class="chakra-icon css-1g3sp7a" data-testid="btn-icon" aria-hidden="true" height="1em" width="1em" xmlns="http://www.w3.org/2000/svg"><path d="M19 13h-6v6h-2v-6H5v-2h6V5h2v6h6v2z"></path></svg><span class="css-idkz9h">Add Medium Cheddar to cart</span></button></div></div></div></div></div></div><div class="css-0"><div class="css-f5i5wc"><div class="chakra-linkbox css-vhnn8v"><div data-testid="product-image" class="css-16dr4ly"><img alt="Santa Lucia Soft Cheese Mozzarella Mf 20 % 250 g, $3.48/100g" src="https://assets.shop.loblaws.ca/products/20104533/b3/en/front/20104533_front_a06_@2.png" srcset="https://assets.shop.loblaws.ca/products/20104533/b3/en/front/20104533_front_a06_@2.png 1x, https://assets.shop.loblaws.ca/products/20104533/b3/en/front/20104533_front_a06_@2.png 2x" loading="lazy" class="chakra-image css-oguq8l" aria-hidden="true"></div><div class="css-qoklea"><div class="css-12dchmx"></div><div data-testid="price-product-tile" class="css-8atqhb"><p class="chakra-text css-0"><span class="chakra-text css-pwnbcb" data-testid="regular-price"><span class="css-idkz9h">$8.69</span>$8.69</span></p></div><a href="/soft-cheese-mozzarella-mf-20/p/20104533_EA?source=nspt" class="chakra-linkbox__overlay css-1hnz6hu"><div class="css-0"><p class="chakra-text css-1ecdp9w" data-testid="product-brand">Santa Lucia</p><h3 class="chakra-heading css-6qrhwc" id="20104533_EA" data-testid="product-title">Soft Cheese Mozzarella Mf 20 %</h3><p class="chakra-text css-1yftjin" data-testid="product-package-size">250 g, $3.48/100g</p></div></a><div class="css-8keand"></div></div><div class="css-1q5omjq"><div class="css-fcebb8"><div data-testid="atc-compact" class="css-y94ivq" style="width: 45px;"><button type="button" class="chakra-button css-mudsm6" data-testid="atc-button"><svg stroke="currentColor" fill="currentColor" stroke-width="0" viewBox="0 0 24 24" focusable="false" class="chakra-icon css-1g3sp7a" data-testid="btn-icon" aria-hidden="true" height="1em" width="1em" xmlns="http://www.w3.org/2000/svg"><path d="M19 13h-6v6h-2v-6H5v-2h6V5h2v6h6v2z"></path></svg><span class="css-idkz9h">Add Soft Cheese Mozzarella Mf 20 % to cart</span></button></div></div></div></div></div></div><div class="css-0"><div class="css-f5i5wc"><div class="chakra-linkbox css-vhnn8v"><div data-testid="product-image" class="css-16dr4ly"><img alt="Tre Stelle Parmigiano Reggiano 200 g, $5.40/100g" src="https://assets.shop.loblaws.ca/products/20775774/b3/en/front/20775774_front_a06_@2.png" srcset="https://assets.shop.loblaws.ca/products/20775774/b3/en/front/20775774_front_a06_@2.png 1x, https://assets.shop.loblaws.ca/products/20775774/b3/en/front/20775774_front_a06_@2.png 2x" loading="lazy" class="chakra-image css-oguq8l" aria-hidden="true"></div><div class="css-qoklea"><div class="css-12dchmx"></div><div data-testid="price-product-tile" class="css-8atqhb"><p class="chakra-text css-0"><span class="chakra-text css-pwnbcb" data-testid="regular-price"><span class="css-idkz9h">$10.79</span>$10.79</span></p></div><a href="/parmigiano-reggiano/p/20775774_EA?source=nspt" class="chakra-linkbox__overlay css-1hnz6hu"><div class="css-0"><p class="chakra-text css-1ecdp9w" data-testid="product-brand">Tre Stelle</p><h3 class="chakra-heading css-6qrhwc" id="20775774_EA" data-testid="product-title">Parmigiano Reggiano</h3><p class="chakra-text css-1yftjin" data-testid="product-package-size">200 g, $5.40/100g</p></div></a><div class="css-8keand"></div></div><div class="css-1q5omjq"><div class="css-fcebb8"><div data-testid="atc-compact" class="css-y94ivq" style="width: 45px;"><button type="button" class="chakra-button css-mudsm6" data-testid="atc-button"><svg stroke="currentColor" fill="currentColor" stroke-width="0" viewBox="0 0 24 24" focusable="false" class="chakra-icon css-1g3sp7a" data-testid="btn-icon" aria-hidden="true" height="1em" width="1em" xmlns="http://www.w3.org/2000/svg"><path d="M19 13h-6v6h-2v-6H5v-2h6V5h2v6h6v2z"></path></svg><span class="css-idkz9h">Add Parmigiano Reggiano to cart</span></button></div></div></div></div></div></div><div class="css-0"><div class="css-f5i5wc"><div class="chakra-linkbox css-vhnn8v"><div data-testid="product-image" class="css-16dr4ly"><img alt="The Laughing Cow Light Cheese 267 g, $2.81/100g" src="https://assets.shop.loblaws.ca/products/20296234/b3/en/front/20296234_front_a06_@2.png" srcset="https://assets.shop.loblaws.ca/products/20296234/b3/en/front/20296234_front_a06_@2.png 1x, https://assets.shop.loblaws.ca/products/20296234/b3/en/front/20296234_front_a06_@2.png 2x" loading="lazy" class="chakra-image css-oguq8l" aria-hidden="true"></div><div class="css-qoklea"><div class="css-12dchmx"></div><div data-testid="price-product-tile" class="css-8atqhb"><p class="chakra-text css-0"><span class="chakra-text css-pwnbcb" data-testid="regular-price"><span class="css-idkz9h">$7.49</span>$7.49</span></p></div><a href="/light-cheese/p/20296234_EA?source=nspt" class="chakra-linkbox__overlay css-1hnz6hu"><div class="css-0"><p class="chakra-text css-1ecdp9w" data-testid="product-brand">The Laughing Cow</p><h3 class="chakra-heading css-6qrhwc" id="20296234_EA" data-testid="product-title">Light Cheese</h3><p class="chakra-text css-1yftjin" data-testid="product-package-size">267 g, $2.81/100g</p></div></a><div class="css-8keand"></div></div><div class="css-1q5omjq"><div class="css-fcebb8"><div data-testid="atc-compact" class="css-y94ivq" style="width: 45px;"><button type="button" class="chakra-button css-mudsm6" data-testid="atc-button"><svg stroke="currentColor" fill="currentColor" stroke-width="0" viewBox="0 0 24 24" focusable="false" class="chakra-icon css-1g3sp7a" data-testid="btn-icon" aria-hidden="true" height="1em" width="1em" xmlns="http://www.w3.org/2000/svg"><path d="M19 13h-6v6h-2v-6H5v-2h6V5h2v6h6v2z"></path></svg><span class="css-idkz9h">Add Light Cheese to cart</span></button></div></div></div></div></div></div><div class="css-0"><div class="css-f5i5wc"><div class="chakra-linkbox css-vhnn8v"><div data-testid="product-image" class="css-16dr4ly"><img alt="Krinos Greek Feta Cheese 200 g, $3.75/100g" src="https://assets.shop.loblaws.ca/products/20020026/b3/en/front/20020026_front_a06_@2.png" srcset="https://assets.shop.loblaws.ca/products/20020026/b3/en/front/20020026_front_a06_@2.png 1x, https://assets.shop.loblaws.ca/products/20020026/b3/en/front/20020026_front_a06_@2.png 2x" loading="lazy" class="chakra-image css-oguq8l" aria-hidden="true"></div><div class="css-qoklea"><div class="css-12dchmx"></div><div data-testid="price-product-tile" class="css-8atqhb"><p class="chakra-text css-0"><span class="chakra-text css-pwnbcb" data-testid="regular-price"><span class="css-idkz9h">$7.49</span>$7.49</span></p></div><a href="/greek-feta-cheese/p/20020026_EA?source=nspt" class="chakra-linkbox__overlay css-1hnz6hu"><div class="css-0"><p class="chakra-text css-1ecdp9w" data-testid="product-brand">Krinos</p><h3 class="chakra-heading css-6qrhwc" id="20020026_EA" data-testid="product-title">Greek Feta Cheese</h3><p class="chakra-text css-1yftjin" data-testid="product-package-size">200 g, $3.75/100g</p></div></a><div class="css-8keand"></div></div><div class="css-1q5omjq"><div class="css-fcebb8"><div data-testid="atc-compact" class="css-y94ivq" style="width: 45px;"><button type="button" class="chakra-button css-mudsm6" data-testid="atc-button"><svg stroke="currentColor" fill="currentColor" stroke-width="0" viewBox="0 0 24 24" focusable="false" class="chakra-icon css-1g3sp7a" data-testid="btn-icon" aria-hidden="true" height="1em" width="1em" xmlns="http://www.w3.org/2000/svg"><path d="M19 13h-6v6h-2v-6H5v-2h6V5h2v6h6v2z"></path></svg><span class="css-idkz9h">Add Greek Feta Cheese to cart</span></button></div></div></div></div></div></div><div class="css-0"><div class="css-f5i5wc"><div class="chakra-linkbox css-vhnn8v"><div data-testid="product-image" class="css-16dr4ly"><img alt="PC Black Label Tapas De Queso Sliced Fine Cheese Selection 150 g, $6.33/100g" src="https://assets.shop.loblaws.ca/products/20871509/b3/en/front/20871509_front_a06_@2.png" srcset="https://assets.shop.loblaws.ca/products/20871509/b3/en/front/20871509_front_a06_@2.png 1x, https://assets.shop.loblaws.ca/products/20871509/b3/en/front/20871509_front_a06_@2.png 2x" loading="lazy" class="chakra-image css-oguq8l" aria-hidden="true"></div><div class="css-qoklea"><div class="css-12dchmx"></div><div data-testid="price-product-tile" class="css-8atqhb"><p class="chakra-text css-0"><span class="chakra-text css-pwnbcb" data-testid="regular-price"><span class="css-idkz9h">$9.49</span>$9.49</span></p></div><a href="/tapas-de-queso-sliced-fine-cheese-selection/p/20871509_EA?source=nspt" class="chakra-linkbox__overlay css-1hnz6hu"><div class="css-0"><p class="chakra-text css-1ecdp9w" data-testid="product-brand">PC Black Label</p><h3 class="chakra-heading css-6qrhwc" id="20871509_EA" data-testid="product-title">Tapas De Queso Sliced Fine Cheese Selection</h3><p class="chakra-text css-1yftjin" data-testid="product-package-size">150 g, $6.33/100g</p></div></a><div class="css-8keand"></div></div><div class="css-1q5omjq"><div class="css-fcebb8"><div data-testid="atc-compact" class="css-y94ivq" style="width: 45px;"><button type="button" class="chakra-button css-mudsm6" data-testid="atc-button"><svg stroke="currentColor" fill="currentColor" stroke-width="0" viewBox="0 0 24 24" focusable="false" class="chakra-icon css-1g3sp7a" data-testid="btn-icon" aria-hidden="true" height="1em" width="1em" xmlns="http://www.w3.org/2000/svg"><path d="M19 13h-6v6h-2v-6H5v-2h6V5h2v6h6v2z"></path></svg><span class="css-idkz9h">Add Tapas De Queso Sliced Fine Cheese Selection to cart</span></button></div></div></div></div></div></div><div class="css-0"><div class="css-f5i5wc"><div class="chakra-linkbox css-vhnn8v"><div data-testid="product-image" class="css-16dr4ly"><img alt="Ziggy's Swiss Cheese Slices 160 g, $2.56/100g" src="https://assets.shop.loblaws.ca/products/21610841/b3/en/front/21610841_front_a06_@2.png" srcset="https://assets.shop.loblaws.ca/products/21610841/b3/en/front/21610841_front_a06_@2.png 1x, https://assets.shop.loblaws.ca/products/21610841/b3/en/front/21610841_front_a06_@2.png 2x" loading="lazy" class="chakra-image css-oguq8l" aria-hidden="true"></div><div class="css-qoklea"><div class="css-12dchmx"><div class="chakra-badge css-34x0wr" data-testid="product-badge"><div class="css-u4p24i">New</div></div></div><div data-testid="price-product-tile" class="css-8atqhb"><p class="chakra-text css-0"><span class="chakra-text css-pwnbcb" data-testid="regular-price"><span class="css-idkz9h">$4.09</span>$4.09</span></p></div><a href="/swiss-cheese-slices/p/21610841_EA?source=nspt" class="chakra-linkbox__overlay css-1hnz6hu"><div class="css-0"><p class="chakra-text css-1ecdp9w" data-testid="product-brand">Ziggy's</p><h3 class="chakra-heading css-6qrhwc" id="21610841_EA" data-testid="product-title">Swiss Cheese Slices</h3><p class="chakra-text css-1yftjin" data-testid="product-package-size">160 g, $2.56/100g</p></div></a><div class="css-8keand"></div></div><div class="css-1q5omjq"><div class="css-fcebb8"><div data-testid="atc-compact" class="css-y94ivq" style="width: 45px;"><button disabled="" type="button" class="chakra-button css-mudsm6" data-testid="atc-button"><svg stroke="currentColor" fill="currentColor" stroke-width="0" viewBox="0 0 24 24" focusable="false" class="chakra-icon css-1g3sp7a" data-testid="btn-icon" aria-hidden="true" height="1em" width="1em" xmlns="http://www.w3.org/2000/svg"><path d="M19 13h-6v6h-2v-6H5v-2h6V5h2v6h6v2z"></path></svg><span class="css-idkz9h">Add Swiss Cheese Slices to cart</span></button></div></div><div class="css-4saf4a"><p class="chakra-text css-py8788" data-testid="inventory-badge-text">Out of Stock</p></div></div></div></div></div><div class="css-0"><div class="css-f5i5wc"><div class="chakra-linkbox css-vhnn8v"><div data-testid="product-image" class="css-16dr4ly"><img alt="Bergeron Inspiration Pack 400 g, $3.87/100g" src="https://assets.shop.loblaws.ca/products/20903747/b3/en/front/20903747_front_a06_@2.png" srcset="https://assets.shop.loblaws.ca/products/20903747/b3/en/front/20903747_front_a06_@2.png 1x, https://assets.shop.loblaws.ca/products/20903747/b3/en/front/20903747_front_a06_@2.png 2x" loading="lazy" class="chakra-image css-oguq8l" aria-hidden="true"></div><div class="css-qoklea"><div class="css-12dchmx"></div><div data-testid="price-product-tile" class="css-8atqhb"><p class="chakra-text css-0"><span class="chakra-text css-pwnbcb" data-testid="regular-price"><span class="css-idkz9h">$15.49</span>$15.49</span></p></div><a href="/inspiration-pack/p/20903747_EA?source=nspt" class="chakra-linkbox__overlay css-1hnz6hu"><div class="css-0"><p class="chakra-text css-1ecdp9w" data-testid="product-brand">Bergeron</p><h3 class="chakra-heading css-6qrhwc" id="20903747_EA" data-testid="product-title">Inspiration Pack</h3><p class="chakra-text css-1yftjin" data-testid="product-package-size">400 g, $3.87/100g</p></div></a><div class="css-8keand"></div></div><div class="css-1q5omjq"><div class="css-fcebb8"><div data-testid="atc-compact" class="css-y94ivq" style="width: 45px;"><button type="button" class="chakra-button css-mudsm6" data-testid="atc-button"><svg stroke="currentColor" fill="currentColor" stroke-width="0" viewBox="0 0 24 24" focusable="false" class="chakra-icon css-1g3sp7a" data-testid="btn-icon" aria-hidden="true" height="1em" width="1em" xmlns="http://www.w3.org/2000/svg"><path d="M19 13h-6v6h-2v-6H5v-2h6V5h2v6h6v2z"></path></svg><span class="css-idkz9h">Add Inspiration Pack to cart</span></button></div></div></div></div></div></div><div class="css-0"><div class="css-f5i5wc"><div class="chakra-linkbox css-vhnn8v"><div data-testid="product-image" class="css-16dr4ly"><img alt="PC Blue Menu Cheese, Brie Light 175 g, $3.71/100g" src="https://assets.shop.loblaws.ca/products/20804533/b3/en/front/20804533_front_a06_@2.png" srcset="https://assets.shop.loblaws.ca/products/20804533/b3/en/front/20804533_front_a06_@2.png 1x, https://assets.shop.loblaws.ca/products/20804533/b3/en/front/20804533_front_a06_@2.png 2x" loading="lazy" class="chakra-image css-oguq8l" aria-hidden="true"></div><div class="css-qoklea"><div class="css-12dchmx"></div><div data-testid="price-product-tile" class="css-8atqhb"><p class="chakra-text css-0"><span class="chakra-text css-pwnbcb" data-testid="regular-price"><span class="css-idkz9h">$6.49</span>$6.49</span></p></div><a href="/cheese-brie-light/p/20804533_EA?source=nspt" class="chakra-linkbox__overlay css-1hnz6hu"><div class="css-0"><p class="chakra-text css-1ecdp9w" data-testid="product-brand">PC Blue Menu</p><h3 class="chakra-heading css-6qrhwc" id="20804533_EA" data-testid="product-title">Cheese, Brie Light</h3><p class="chakra-text css-1yftjin" data-testid="product-package-size">175 g, $3.71/100g</p></div></a><div class="css-8keand"></div></div><div class="css-1q5omjq"><div class="css-fcebb8"><div data-testid="atc-compact" class="css-y94ivq" style="width: 45px;"><button type="button" class="chakra-button css-mudsm6" data-testid="atc-button"><svg stroke="currentColor" fill="currentColor" stroke-width="0" viewBox="0 0 24 24" focusable="false" class="chakra-icon css-1g3sp7a" data-testid="btn-icon" aria-hidden="true" height="1em" width="1em" xmlns="http://www.w3.org/2000/svg"><path d="M19 13h-6v6h-2v-6H5v-2h6V5h2v6h6v2z"></path></svg><span class="css-idkz9h">Add Cheese, Brie Light to cart</span></button></div></div></div></div></div></div><div class="css-0"><div class="css-f5i5wc"><div class="chakra-linkbox css-vhnn8v"><div data-testid="product-image" class="css-16dr4ly"><img alt="Monsieur Gustav Smoked Gouda 170 g, $4.11/100g" src="https://assets.shop.loblaws.ca/products/21397420/b3/en/front/21397420_front_a06_@2.png" srcset="https://assets.shop.loblaws.ca/products/21397420/b3/en/front/21397420_front_a06_@2.png 1x, https://assets.shop.loblaws.ca/products/21397420/b3/en/front/21397420_front_a06_@2.png 2x" loading="lazy" class="chakra-image css-oguq8l" aria-hidden="true"></div><div class="css-qoklea"><div class="css-12dchmx"></div><div data-testid="price-product-tile" class="css-8atqhb"><p class="chakra-text css-0"><span class="chakra-text css-pwnbcb" data-testid="regular-price"><span class="css-idkz9h">$6.99</span>$6.99</span></p></div><a href="/smoked-gouda/p/21397420_EA?source=nspt" class="chakra-linkbox__overlay css-1hnz6hu"><div class="css-0"><p class="chakra-text css-1ecdp9w" data-testid="product-brand">Monsieur Gustav</p><h3 class="chakra-heading css-6qrhwc" id="21397420_EA" data-testid="product-title">Smoked Gouda</h3><p class="chakra-text css-1yftjin" data-testid="product-package-size">170 g, $4.11/100g</p></div></a><div class="css-8keand"></div></div><div class="css-1q5omjq"><div class="css-fcebb8"><div data-testid="atc-compact" class="css-y94ivq" style="width: 45px;"><button type="button" class="chakra-button css-mudsm6" data-testid="atc-button"><svg stroke="currentColor" fill="currentColor" stroke-width="0" viewBox="0 0 24 24" focusable="false" class="chakra-icon css-1g3sp7a" data-testid="btn-icon" aria-hidden="true" height="1em" width="1em" xmlns="http://www.w3.org/2000/svg"><path d="M19 13h-6v6h-2v-6H5v-2h6V5h2v6h6v2z"></path></svg><span class="css-idkz9h">Add Smoked Gouda to cart</span></button></div></div></div></div></div></div><div class="css-0"><div class="css-f5i5wc"><div class="chakra-linkbox css-vhnn8v"><div data-testid="product-image" class="css-16dr4ly"><img alt="Balderson Cheese, 1 Year Old Championship Cheddar 280 g, $4.28/100g" src="https://assets.shop.loblaws.ca/products/20781033/b3/en/front/20781033_front_a06_@2.png" srcset="https://assets.shop.loblaws.ca/products/20781033/b3/en/front/20781033_front_a06_@2.png 1x, https://assets.shop.loblaws.ca/products/20781033/b3/en/front/20781033_front_a06_@2.png 2x" loading="lazy" class="chakra-image css-oguq8l" aria-hidden="true"></div><div class="css-qoklea"><div class="css-12dchmx"></div><div data-testid="price-product-tile" class="css-8atqhb"><p class="chakra-text css-0"><span class="chakra-text css-pwnbcb" data-testid="regular-price"><span class="css-idkz9h">$11.99</span>$11.99</span></p></div><a href="/cheese-1-year-old-championship-cheddar/p/20781033_EA?source=nspt" class="chakra-linkbox__overlay css-1hnz6hu"><div class="css-0"><p class="chakra-text css-1ecdp9w" data-testid="product-brand">Balderson</p><h3 class="chakra-heading css-6qrhwc" id="20781033_EA" data-testid="product-title">Cheese, 1 Year Old Championship Cheddar</h3><p class="chakra-text css-1yftjin" data-testid="product-package-size">280 g, $4.28/100g</p></div></a><div class="css-8keand"></div></div><div class="css-1q5omjq"><div class="css-fcebb8"><div data-testid="atc-compact" class="css-y94ivq" style="width: 45px;"><button type="button" class="chakra-button css-mudsm6" data-testid="atc-button"><svg stroke="currentColor" fill="currentColor" stroke-width="0" viewBox="0 0 24 24" focusable="false" class="chakra-icon css-1g3sp7a" data-testid="btn-icon" aria-hidden="true" height="1em" width="1em" xmlns="http://www.w3.org/2000/svg"><path d="M19 13h-6v6h-2v-6H5v-2h6V5h2v6h6v2z"></path></svg><span class="css-idkz9h">Add Cheese, 1 Year Old Championship Cheddar to cart</span></button></div></div></div></div></div></div><div class="css-0"><div class="css-f5i5wc"><div class="chakra-linkbox css-vhnn8v"><div data-testid="product-image" class="css-16dr4ly"><img alt="Ziggy's Feta Cheese in Brine 22% M.F. 1 kg, $1.85/100g" src="https://assets.shop.loblaws.ca/products/21005430/b3/en/front/21005430_front_a06_@2.png" srcset="https://assets.shop.loblaws.ca/products/21005430/b3/en/front/21005430_front_a06_@2.png 1x, https://assets.shop.loblaws.ca/products/21005430/b3/en/front/21005430_front_a06_@2.png 2x" loading="lazy" class="chakra-image css-oguq8l" aria-hidden="true"></div><div class="css-qoklea"><div class="css-12dchmx"></div><div data-testid="price-product-tile" class="css-8atqhb"><p class="chakra-text css-0"><span class="chakra-text css-pwnbcb" data-testid="regular-price"><span class="css-idkz9h">$18.49</span>$18.49</span></p></div><a href="/feta-cheese-in-brine-22-m-f/p/21005430_EA?source=nspt" class="chakra-linkbox__overlay css-1hnz6hu"><div class="css-0"><p class="chakra-text css-1ecdp9w" data-testid="product-brand">Ziggy's</p><h3 class="chakra-heading css-6qrhwc" id="21005430_EA" data-testid="product-title">Feta Cheese in Brine 22% M.F.</h3><p class="chakra-text css-1yftjin" data-testid="product-package-size">1 kg, $1.85/100g</p></div></a><div class="css-8keand"></div></div><div class="css-1q5omjq"><div class="css-fcebb8"><div data-testid="atc-compact" class="css-y94ivq" style="width: 45px;"><button type="button" class="chakra-button css-mudsm6" data-testid="atc-button"><svg stroke="currentColor" fill="currentColor" stroke-width="0" viewBox="0 0 24 24" focusable="false" class="chakra-icon css-1g3sp7a" data-testid="btn-icon" aria-hidden="true" height="1em" width="1em" xmlns="http://www.w3.org/2000/svg"><path d="M19 13h-6v6h-2v-6H5v-2h6V5h2v6h6v2z"></path></svg><span class="css-idkz9h">Add Feta Cheese in Brine 22% M.F. to cart</span></button></div></div></div></div></div></div><div class="css-0"><div class="css-f5i5wc"><div class="chakra-linkbox css-vhnn8v"><div data-testid="product-image" class="css-16dr4ly"><img alt="Babybel Dairy Snack Light 13% M.F.  240 g, $4.37/100g" src="https://assets.shop.loblaws.ca/products/20167537/b3/en/front/20167537_front_a06_@2.png" srcset="https://assets.shop.loblaws.ca/products/20167537/b3/en/front/20167537_front_a06_@2.png 1x, https://assets.shop.loblaws.ca/products/20167537/b3/en/front/20167537_front_a06_@2.png 2x" loading="lazy" class="chakra-image css-oguq8l" aria-hidden="true"></div><div class="css-qoklea"><div class="css-12dchmx"></div><div data-testid="price-product-tile" class="css-8atqhb"><p class="chakra-text css-0"><span class="chakra-text css-pwnbcb" data-testid="regular-price"><span class="css-idkz9h">$10.49</span>$10.49</span></p></div><a href="/dairy-snack-light-13-m-f/p/20167537_EA?source=nspt" class="chakra-linkbox__overlay css-1hnz6hu"><div class="css-0"><p class="chakra-text css-1ecdp9w" data-testid="product-brand">Babybel</p><h3 class="chakra-heading css-6qrhwc" id="20167537_EA" data-testid="product-title">Dairy Snack Light 13% M.F. </h3><p class="chakra-text css-1yftjin" data-testid="product-package-size">240 g, $4.37/100g</p></div></a><div class="css-8keand"></div></div><div class="css-1q5omjq"><div class="css-fcebb8"><div data-testid="atc-compact" class="css-y94ivq" style="width: 45px;"><button type="button" class="chakra-button css-mudsm6" data-testid="atc-button"><svg stroke="currentColor" fill="currentColor" stroke-width="0" viewBox="0 0 24 24" focusable="false" class="chakra-icon css-1g3sp7a" data-testid="btn-icon" aria-hidden="true" height="1em" width="1em" xmlns="http://www.w3.org/2000/svg"><path d="M19 13h-6v6h-2v-6H5v-2h6V5h2v6h6v2z"></path></svg><span class="css-idkz9h">Add Dairy Snack Light 13% M.F.  to cart</span></button></div></div></div></div></div></div><div class="css-0"><div class="css-f5i5wc"><div class="chakra-linkbox css-vhnn8v"><div data-testid="product-image" class="css-16dr4ly"><img alt="PC Black Label White Fox Hard Ripened Cheese 250 g, $3.60/100g" src="https://assets.shop.loblaws.ca/products/20911376/b3/en/front/20911376_front_a06_@2.png" srcset="https://assets.shop.loblaws.ca/products/20911376/b3/en/front/20911376_front_a06_@2.png 1x, https://assets.shop.loblaws.ca/products/20911376/b3/en/front/20911376_front_a06_@2.png 2x" loading="lazy" class="chakra-image css-oguq8l" aria-hidden="true"></div><div class="css-qoklea"><div class="css-12dchmx"></div><div data-testid="price-product-tile" class="css-8atqhb"><p class="chakra-text css-0"><span class="chakra-text css-pwnbcb" data-testid="regular-price"><span class="css-idkz9h">$8.99</span>$8.99</span></p></div><a href="/white-fox-hard-ripened-cheese/p/20911376_EA?source=nspt" class="chakra-linkbox__overlay css-1hnz6hu"><div class="css-0"><p class="chakra-text css-1ecdp9w" data-testid="product-brand">PC Black Label</p><h3 class="chakra-heading css-6qrhwc" id="20911376_EA" data-testid="product-title">White Fox Hard Ripened Cheese</h3><p class="chakra-text css-1yftjin" data-testid="product-package-size">250 g, $3.60/100g</p></div></a><div class="css-8keand"></div></div><div class="css-1q5omjq"><div class="css-fcebb8"><div data-testid="atc-compact" class="css-y94ivq" style="width: 45px;"><button type="button" class="chakra-button css-mudsm6" data-testid="atc-button"><svg stroke="currentColor" fill="currentColor" stroke-width="0" viewBox="0 0 24 24" focusable="false" class="chakra-icon css-1g3sp7a" data-testid="btn-icon" aria-hidden="true" height="1em" width="1em" xmlns="http://www.w3.org/2000/svg"><path d="M19 13h-6v6h-2v-6H5v-2h6V5h2v6h6v2z"></path></svg><span class="css-idkz9h">Add White Fox Hard Ripened Cheese to cart</span></button></div></div></div></div></div></div><div class="css-0"><div class="css-f5i5wc"><div class="chakra-linkbox css-vhnn8v"><div data-testid="product-image" class="css-16dr4ly"><img alt="Saputo Feta Cheese Crumbled 24% M.F. 170 g, $2.94/100g" src="https://assets.shop.loblaws.ca/products/20774519/b3/en/front/20774519_front_a06_@2.png" srcset="https://assets.shop.loblaws.ca/products/20774519/b3/en/front/20774519_front_a06_@2.png 1x, https://assets.shop.loblaws.ca/products/20774519/b3/en/front/20774519_front_a06_@2.png 2x" loading="lazy" class="chakra-image css-oguq8l" aria-hidden="true"></div><div class="css-qoklea"><div class="css-12dchmx"></div><div data-testid="price-product-tile" class="css-8atqhb"><p class="chakra-text css-0"><span class="chakra-text css-o93gbd" data-testid="sale-price"><span class="css-idkz9h">$5.00</span>$5.00</span><span class="chakra-text css-623q5h" data-testid="was-price"><span class="css-idkz9h">$6.99</span>$6.99</span></p><p class="chakra-text css-1m5a6y8" data-testid="price-descriptor">SAVE $1.99</p></div><a href="/feta-cheese-crumbled-24-m-f/p/20774519_EA?source=nspt" class="chakra-linkbox__overlay css-1hnz6hu"><div class="css-0"><p class="chakra-text css-1ecdp9w" data-testid="product-brand">Saputo</p><h3 class="chakra-heading css-6qrhwc" id="20774519_EA" data-testid="product-title">Feta Cheese Crumbled 24% M.F.</h3><p class="chakra-text css-1yftjin" data-testid="product-package-size">170 g, $2.94/100g</p></div></a><div class="css-8keand"></div></div><div class="css-1q5omjq"><div class="css-fcebb8"><div data-testid="atc-compact" class="css-y94ivq" style="width: 45px;"><button type="button" class="chakra-button css-mudsm6" data-testid="atc-button"><svg stroke="currentColor" fill="currentColor" stroke-width="0" viewBox="0 0 24 24" focusable="false" class="chakra-icon css-1g3sp7a" data-testid="btn-icon" aria-hidden="true" height="1em" width="1em" xmlns="http://www.w3.org/2000/svg"><path d="M19 13h-6v6h-2v-6H5v-2h6V5h2v6h6v2z"></path></svg><span class="css-idkz9h">Add Feta Cheese Crumbled 24% M.F. to cart</span></button></div></div></div></div></div></div><div class="css-0"><div class="css-f5i5wc"><div class="chakra-linkbox css-vhnn8v"><div data-testid="product-image" class="css-16dr4ly"><img alt="President's Choice Mozzarella Cheese 340 g, $2.35/100g" src="https://assets.shop.loblaws.ca/products/20011400/b3/en/front/20011400_front_a06_@2.png" srcset="https://assets.shop.loblaws.ca/products/20011400/b3/en/front/20011400_front_a06_@2.png 1x, https://assets.shop.loblaws.ca/products/20011400/b3/en/front/20011400_front_a06_@2.png 2x" loading="lazy" class="chakra-image css-oguq8l" aria-hidden="true"></div><div class="css-qoklea"><div class="css-12dchmx"></div><div data-testid="price-product-tile" class="css-8atqhb"><p class="chakra-text css-0"><span class="chakra-text css-pwnbcb" data-testid="regular-price"><span class="css-idkz9h">$7.99</span>$7.99</span></p></div><a href="/mozzarella-cheese/p/20011400_EA?source=nspt" class="chakra-linkbox__overlay css-1hnz6hu"><div class="css-0"><p class="chakra-text css-1ecdp9w" data-testid="product-brand">President's Choice</p><h3 class="chakra-heading css-6qrhwc" id="20011400_EA" data-testid="product-title">Mozzarella Cheese</h3><p class="chakra-text css-1yftjin" data-testid="product-package-size">340 g, $2.35/100g</p></div></a><div class="css-8keand"></div></div><div class="css-1q5omjq"><div class="css-fcebb8"><div data-testid="atc-compact" class="css-y94ivq" style="width: 45px;"><button type="button" class="chakra-button css-mudsm6" data-testid="atc-button"><svg stroke="currentColor" fill="currentColor" stroke-width="0" viewBox="0 0 24 24" focusable="false" class="chakra-icon css-1g3sp7a" data-testid="btn-icon" aria-hidden="true" height="1em" width="1em" xmlns="http://www.w3.org/2000/svg"><path d="M19 13h-6v6h-2v-6H5v-2h6V5h2v6h6v2z"></path></svg><span class="css-idkz9h">Add Mozzarella Cheese to cart</span></button></div></div></div></div></div></div><div class="css-0"><div class="css-f5i5wc"><div class="chakra-linkbox css-vhnn8v"><div data-testid="product-image" class="css-16dr4ly"><img alt="Krinos Feta 22% M.F. Cheese 400 g, $3.37/100g" src="https://assets.shop.loblaws.ca/products/21434829/b3/en/front/21434829_front_a06_@2.png" srcset="https://assets.shop.loblaws.ca/products/21434829/b3/en/front/21434829_front_a06_@2.png 1x, https://assets.shop.loblaws.ca/products/21434829/b3/en/front/21434829_front_a06_@2.png 2x" loading="lazy" class="chakra-image css-oguq8l" aria-hidden="true"></div><div class="css-qoklea"><div class="css-12dchmx"></div><div data-testid="price-product-tile" class="css-8atqhb"><p class="chakra-text css-0"><span class="chakra-text css-pwnbcb" data-testid="regular-price"><span class="css-idkz9h">$13.49</span>$13.49</span></p></div><a href="/feta-22-m-f-cheese/p/21434829_EA?source=nspt" class="chakra-linkbox__overlay css-1hnz6hu"><div class="css-0"><p class="chakra-text css-1ecdp9w" data-testid="product-brand">Krinos</p><h3 class="chakra-heading css-6qrhwc" id="21434829_EA" data-testid="product-title">Feta 22% M.F. Cheese</h3><p class="chakra-text css-1yftjin" data-testid="product-package-size">400 g, $3.37/100g</p></div></a><div class="css-8keand"></div></div><div class="css-1q5omjq"><div class="css-fcebb8"><div data-testid="atc-compact" class="css-y94ivq" style="width: 45px;"><button type="button" class="chakra-button css-mudsm6" data-testid="atc-button"><svg stroke="currentColor" fill="currentColor" stroke-width="0" viewBox="0 0 24 24" focusable="false" class="chakra-icon css-1g3sp7a" data-testid="btn-icon" aria-hidden="true" height="1em" width="1em" xmlns="http://www.w3.org/2000/svg"><path d="M19 13h-6v6h-2v-6H5v-2h6V5h2v6h6v2z"></path></svg><span class="css-idkz9h">Add Feta 22% M.F. Cheese to cart</span></button></div></div></div></div></div></div><div class="css-0"><div class="css-f5i5wc"><div class="chakra-linkbox css-vhnn8v"><div data-testid="product-image" class="css-16dr4ly"><img alt="Ziggy's Mild Cheddar Cheese Slices 180 g, $2.22/100g" src="https://assets.shop.loblaws.ca/products/21610778/b3/en/front/21610778_front_a06_@2.png" srcset="https://assets.shop.loblaws.ca/products/21610778/b3/en/front/21610778_front_a06_@2.png 1x, https://assets.shop.loblaws.ca/products/21610778/b3/en/front/21610778_front_a06_@2.png 2x" loading="lazy" class="chakra-image css-oguq8l" aria-hidden="true"></div><div class="css-qoklea"><div class="css-12dchmx"><div class="chakra-badge css-34x0wr" data-testid="product-badge"><div class="css-u4p24i">New</div></div></div><div data-testid="price-product-tile" class="css-8atqhb"><p class="chakra-text css-0"><span class="chakra-text css-pwnbcb" data-testid="regular-price"><span class="css-idkz9h">$3.99</span>$3.99</span></p></div><a href="/mild-cheddar-cheese-slices/p/21610778_EA?source=nspt" class="chakra-linkbox__overlay css-1hnz6hu"><div class="css-0"><p class="chakra-text css-1ecdp9w" data-testid="product-brand">Ziggy's</p><h3 class="chakra-heading css-6qrhwc" id="21610778_EA" data-testid="product-title">Mild Cheddar Cheese Slices</h3><p class="chakra-text css-1yftjin" data-testid="product-package-size">180 g, $2.22/100g</p></div></a><div class="css-8keand"></div></div><div class="css-1q5omjq"><div class="css-fcebb8"><div data-testid="atc-compact" class="css-y94ivq" style="width: 45px;"><button disabled="" type="button" class="chakra-button css-mudsm6" data-testid="atc-button"><svg stroke="currentColor" fill="currentColor" stroke-width="0" viewBox="0 0 24 24" focusable="false" class="chakra-icon css-1g3sp7a" data-testid="btn-icon" aria-hidden="true" height="1em" width="1em" xmlns="http://www.w3.org/2000/svg"><path d="M19 13h-6v6h-2v-6H5v-2h6V5h2v6h6v2z"></path></svg><span class="css-idkz9h">Add Mild Cheddar Cheese Slices to cart</span></button></div></div><div class="css-4saf4a"><p class="chakra-text css-py8788" data-testid="inventory-badge-text">Out of Stock</p></div></div></div></div></div><div class="css-0"><div class="css-f5i5wc"><div class="chakra-linkbox css-vhnn8v"><div data-testid="product-image" class="css-16dr4ly"><img alt="Kiri Cream Cheese 144 g, $4.85/100g" src="https://assets.shop.loblaws.ca/products/20575221/b3/en/front/20575221_front_a06_@2.png" srcset="https://assets.shop.loblaws.ca/products/20575221/b3/en/front/20575221_front_a06_@2.png 1x, https://assets.shop.loblaws.ca/products/20575221/b3/en/front/20575221_front_a06_@2.png 2x" loading="lazy" class="chakra-image css-oguq8l" aria-hidden="true"></div><div class="css-qoklea"><div class="css-12dchmx"></div><div data-testid="price-product-tile" class="css-8atqhb"><p class="chakra-text css-0"><span class="chakra-text css-pwnbcb" data-testid="regular-price"><span class="css-idkz9h">$6.99</span>$6.99</span></p></div><a href="/cream-cheese/p/20575221_EA?source=nspt" class="chakra-linkbox__overlay css-1hnz6hu"><div class="css-0"><p class="chakra-text css-1ecdp9w" data-testid="product-brand">Kiri</p><h3 class="chakra-heading css-6qrhwc" id="20575221_EA" data-testid="product-title">Cream Cheese</h3><p class="chakra-text css-1yftjin" data-testid="product-package-size">144 g, $4.85/100g</p></div></a><div class="css-8keand"></div></div><div class="css-1q5omjq"><div class="css-fcebb8"><div data-testid="atc-compact" class="css-y94ivq" style="width: 45px;"><button type="button" class="chakra-button css-mudsm6" data-testid="atc-button"><svg stroke="currentColor" fill="currentColor" stroke-width="0" viewBox="0 0 24 24" focusable="false" class="chakra-icon css-1g3sp7a" data-testid="btn-icon" aria-hidden="true" height="1em" width="1em" xmlns="http://www.w3.org/2000/svg"><path d="M19 13h-6v6h-2v-6H5v-2h6V5h2v6h6v2z"></path></svg><span class="css-idkz9h">Add Cream Cheese to cart</span></button></div></div></div></div></div></div><div class="css-0"><div class="css-f5i5wc"><div class="chakra-linkbox css-vhnn8v"><div data-testid="product-image" class="css-16dr4ly"><img alt="President's Choice Canadian Cheddar Aged 2 Years 500 g, $3.00/100g" src="https://assets.shop.loblaws.ca/products/20134710/b3/en/front/20134710_front_a06_@2.png" srcset="https://assets.shop.loblaws.ca/products/20134710/b3/en/front/20134710_front_a06_@2.png 1x, https://assets.shop.loblaws.ca/products/20134710/b3/en/front/20134710_front_a06_@2.png 2x" loading="lazy" class="chakra-image css-oguq8l" aria-hidden="true"></div><div class="css-qoklea"><div class="css-12dchmx"></div><div data-testid="price-product-tile" class="css-8atqhb"><p class="chakra-text css-0"><span class="chakra-text css-pwnbcb" data-testid="regular-price"><span class="css-idkz9h">$14.99</span>$14.99</span></p></div><a href="/canadian-cheddar-aged-2-years/p/20134710_EA?source=nspt" class="chakra-linkbox__overlay css-1hnz6hu"><div class="css-0"><p class="chakra-text css-1ecdp9w" data-testid="product-brand">President's Choice</p><h3 class="chakra-heading css-6qrhwc" id="20134710_EA" data-testid="product-title">Canadian Cheddar Aged 2 Years</h3><p class="chakra-text css-1yftjin" data-testid="product-package-size">500 g, $3.00/100g</p></div></a><div class="css-8keand"></div></div><div class="css-1q5omjq"><div class="css-fcebb8"><div data-testid="atc-compact" class="css-y94ivq" style="width: 45px;"><button type="button" class="chakra-button css-mudsm6" data-testid="atc-button"><svg stroke="currentColor" fill="currentColor" stroke-width="0" viewBox="0 0 24 24" focusable="false" class="chakra-icon css-1g3sp7a" data-testid="btn-icon" aria-hidden="true" height="1em" width="1em" xmlns="http://www.w3.org/2000/svg"><path d="M19 13h-6v6h-2v-6H5v-2h6V5h2v6h6v2z"></path></svg><span class="css-idkz9h">Add Canadian Cheddar Aged 2 Years to cart</span></button></div></div></div></div></div></div><div class="css-0"><div class="css-f5i5wc"><div class="chakra-linkbox css-vhnn8v"><div data-testid="product-image" class="css-16dr4ly"><img alt="Galbani Fresh Soft Cheese Mozzarella Fresca 18 % M.F. 227 g, $3.08/100g" src="https://assets.shop.loblaws.ca/products/21547228/b3/en/front/21547228_front_a06_@2.png" srcset="https://assets.shop.loblaws.ca/products/21547228/b3/en/front/21547228_front_a06_@2.png 1x, https://assets.shop.loblaws.ca/products/21547228/b3/en/front/21547228_front_a06_@2.png 2x" loading="lazy" class="chakra-image css-oguq8l" aria-hidden="true"></div><div class="css-qoklea"><div class="css-12dchmx"></div><div data-testid="price-product-tile" class="css-8atqhb"><p class="chakra-text css-0"><span class="chakra-text css-pwnbcb" data-testid="regular-price"><span class="css-idkz9h">$6.99</span>$6.99</span></p></div><a href="/fresh-soft-cheese-mozzarella-fresca-18-m-f/p/21547228_EA?source=nspt" class="chakra-linkbox__overlay css-1hnz6hu"><div class="css-0"><p class="chakra-text css-1ecdp9w" data-testid="product-brand">Galbani</p><h3 class="chakra-heading css-6qrhwc" id="21547228_EA" data-testid="product-title">Fresh Soft Cheese Mozzarella Fresca 18 % M.F.</h3><p class="chakra-text css-1yftjin" data-testid="product-package-size">227 g, $3.08/100g</p></div></a><div class="css-8keand"></div></div><div class="css-1q5omjq"><div class="css-fcebb8"><div data-testid="atc-compact" class="css-y94ivq" style="width: 45px;"><button type="button" class="chakra-button css-mudsm6" data-testid="atc-button"><svg stroke="currentColor" fill="currentColor" stroke-width="0" viewBox="0 0 24 24" focusable="false" class="chakra-icon css-1g3sp7a" data-testid="btn-icon" aria-hidden="true" height="1em" width="1em" xmlns="http://www.w3.org/2000/svg"><path d="M19 13h-6v6h-2v-6H5v-2h6V5h2v6h6v2z"></path></svg><span class="css-idkz9h">Add Fresh Soft Cheese Mozzarella Fresca 18 % M.F. to cart</span></button></div></div></div></div></div></div><div class="css-0"><div class="css-f5i5wc"><div class="chakra-linkbox css-vhnn8v"><div data-testid="product-image" class="css-16dr4ly"><img alt="President's Choice Creamy Havarti Cheese  250 g, $2.80/100g" src="https://assets.shop.loblaws.ca/products/20770658/b3/en/front/20770658_front_a06_@2.png" srcset="https://assets.shop.loblaws.ca/products/20770658/b3/en/front/20770658_front_a06_@2.png 1x, https://assets.shop.loblaws.ca/products/20770658/b3/en/front/20770658_front_a06_@2.png 2x" loading="lazy" class="chakra-image css-oguq8l" aria-hidden="true"></div><div class="css-qoklea"><div class="css-12dchmx"></div><div data-testid="price-product-tile" class="css-8atqhb"><p class="chakra-text css-0"><span class="chakra-text css-o93gbd" data-testid="sale-price"><span class="css-idkz9h">$7.00</span>$7.00</span><span class="chakra-text css-623q5h" data-testid="was-price"><span class="css-idkz9h">$7.49</span>$7.49</span></p><p class="chakra-text css-1m5a6y8" data-testid="price-descriptor">SAVE $0.49</p></div><a href="/creamy-havarti-cheese/p/20770658_EA?source=nspt" class="chakra-linkbox__overlay css-1hnz6hu"><div class="css-0"><p class="chakra-text css-1ecdp9w" data-testid="product-brand">President's Choice</p><h3 class="chakra-heading css-6qrhwc" id="20770658_EA" data-testid="product-title">Creamy Havarti Cheese </h3><p class="chakra-text css-1yftjin" data-testid="product-package-size">250 g, $2.80/100g</p></div></a><div class="css-8keand"></div></div><div class="css-1q5omjq"><div class="css-fcebb8"><div data-testid="atc-compact" class="css-y94ivq" style="width: 45px;"><button type="button" class="chakra-button css-mudsm6" data-testid="atc-button"><svg stroke="currentColor" fill="currentColor" stroke-width="0" viewBox="0 0 24 24" focusable="false" class="chakra-icon css-1g3sp7a" data-testid="btn-icon" aria-hidden="true" height="1em" width="1em" xmlns="http://www.w3.org/2000/svg"><path d="M19 13h-6v6h-2v-6H5v-2h6V5h2v6h6v2z"></path></svg><span class="css-idkz9h">Add Creamy Havarti Cheese  to cart</span></button></div></div></div></div></div></div><div class="css-0"><div class="css-f5i5wc"><div class="chakra-linkbox css-vhnn8v"><div data-testid="product-image" class="css-16dr4ly"><img alt="Tre Stelle Ricotta, Light 475 g, $1.68/100g" src="https://assets.shop.loblaws.ca/products/20529457/b3/en/front/20529457_front_a06_@2.png" srcset="https://assets.shop.loblaws.ca/products/20529457/b3/en/front/20529457_front_a06_@2.png 1x, https://assets.shop.loblaws.ca/products/20529457/b3/en/front/20529457_front_a06_@2.png 2x" loading="lazy" class="chakra-image css-oguq8l" aria-hidden="true"></div><div class="css-qoklea"><div class="css-12dchmx"></div><div data-testid="price-product-tile" class="css-8atqhb"><p class="chakra-text css-0"><span class="chakra-text css-pwnbcb" data-testid="regular-price"><span class="css-idkz9h">$7.99</span>$7.99</span></p></div><a href="/ricotta-light/p/20529457_EA?source=nspt" class="chakra-linkbox__overlay css-1hnz6hu"><div class="css-0"><p class="chakra-text css-1ecdp9w" data-testid="product-brand">Tre Stelle</p><h3 class="chakra-heading css-6qrhwc" id="20529457_EA" data-testid="product-title">Ricotta, Light</h3><p class="chakra-text css-1yftjin" data-testid="product-package-size">475 g, $1.68/100g</p></div></a><div class="css-8keand"></div></div><div class="css-1q5omjq"><div class="css-fcebb8"><div data-testid="atc-compact" class="css-y94ivq" style="width: 45px;"><button type="button" class="chakra-button css-mudsm6" data-testid="atc-button"><svg stroke="currentColor" fill="currentColor" stroke-width="0" viewBox="0 0 24 24" focusable="false" class="chakra-icon css-1g3sp7a" data-testid="btn-icon" aria-hidden="true" height="1em" width="1em" xmlns="http://www.w3.org/2000/svg"><path d="M19 13h-6v6h-2v-6H5v-2h6V5h2v6h6v2z"></path></svg><span class="css-idkz9h">Add Ricotta, Light to cart</span></button></div></div></div></div></div></div></div><div data-testid="product-grid" class="css-epcqr3"><div class="css-0"><div class="css-f5i5wc"><div class="chakra-linkbox css-vhnn8v"><div data-testid="product-image" class="css-16dr4ly"><img alt="Saputo Grilling Cheese Plain 160 g, $4.99/100g" src="https://assets.shop.loblaws.ca/products/21093684/b3/en/front/21093684_front_a06_@2.png" srcset="https://assets.shop.loblaws.ca/products/21093684/b3/en/front/21093684_front_a06_@2.png 1x, https://assets.shop.loblaws.ca/products/21093684/b3/en/front/21093684_front_a06_@2.png 2x" loading="lazy" class="chakra-image css-oguq8l" aria-hidden="true"></div><div class="css-qoklea"><div class="css-12dchmx"></div><div data-testid="price-product-tile" class="css-8atqhb"><p class="chakra-text css-0"><span class="chakra-text css-pwnbcb" data-testid="regular-price"><span class="css-idkz9h">$7.99</span>$7.99</span></p></div><a href="/grilling-cheese-plain/p/21093684_EA?source=nspt" class="chakra-linkbox__overlay css-1hnz6hu"><div class="css-0"><p class="chakra-text css-1ecdp9w" data-testid="product-brand">Saputo</p><h3 class="chakra-heading css-6qrhwc" id="21093684_EA" data-testid="product-title">Grilling Cheese Plain</h3><p class="chakra-text css-1yftjin" data-testid="product-package-size">160 g, $4.99/100g</p></div></a><div class="css-8keand"></div></div><div class="css-1q5omjq"><div class="css-fcebb8"><div data-testid="atc-compact" class="css-y94ivq" style="width: 45px;"><button type="button" class="chakra-button css-mudsm6" data-testid="atc-button"><svg stroke="currentColor" fill="currentColor" stroke-width="0" viewBox="0 0 24 24" focusable="false" class="chakra-icon css-1g3sp7a" data-testid="btn-icon" aria-hidden="true" height="1em" width="1em" xmlns="http://www.w3.org/2000/svg"><path d="M19 13h-6v6h-2v-6H5v-2h6V5h2v6h6v2z"></path></svg><span class="css-idkz9h">Add Grilling Cheese Plain to cart</span></button></div></div></div></div></div></div><div class="css-0"><div class="css-f5i5wc"><div class="chakra-linkbox css-vhnn8v"><div data-testid="product-image" class="css-16dr4ly"><img alt="Castello Cream Cheese Spread, Sweet &amp; Spicy Peppers 125 g, $4.79/100g" src="https://assets.shop.loblaws.ca/products/20985998/b3/en/front/20985998_front_a06_@2.png" srcset="https://assets.shop.loblaws.ca/products/20985998/b3/en/front/20985998_front_a06_@2.png 1x, https://assets.shop.loblaws.ca/products/20985998/b3/en/front/20985998_front_a06_@2.png 2x" loading="lazy" class="chakra-image css-oguq8l" aria-hidden="true"></div><div class="css-qoklea"><div class="css-12dchmx"></div><div data-testid="price-product-tile" class="css-8atqhb"><p class="chakra-text css-0"><span class="chakra-text css-pwnbcb" data-testid="regular-price"><span class="css-idkz9h">$5.99</span>$5.99</span></p></div><a href="/cream-cheese-spread-sweet-spicy-peppers/p/20985998_EA?source=nspt" class="chakra-linkbox__overlay css-1hnz6hu"><div class="css-0"><p class="chakra-text css-1ecdp9w" data-testid="product-brand">Castello</p><h3 class="chakra-heading css-6qrhwc" id="20985998_EA" data-testid="product-title">Cream Cheese Spread, Sweet &amp; Spicy Peppers</h3><p class="chakra-text css-1yftjin" data-testid="product-package-size">125 g, $4.79/100g</p></div></a><div class="css-8keand"></div></div><div class="css-1q5omjq"><div class="css-fcebb8"><div data-testid="atc-compact" class="css-y94ivq" style="width: 45px;"><button type="button" class="chakra-button css-mudsm6" data-testid="atc-button"><svg stroke="currentColor" fill="currentColor" stroke-width="0" viewBox="0 0 24 24" focusable="false" class="chakra-icon css-1g3sp7a" data-testid="btn-icon" aria-hidden="true" height="1em" width="1em" xmlns="http://www.w3.org/2000/svg"><path d="M19 13h-6v6h-2v-6H5v-2h6V5h2v6h6v2z"></path></svg><span class="css-idkz9h">Add Cream Cheese Spread, Sweet &amp; Spicy Peppers to cart</span></button></div></div></div></div></div></div><div class="css-0"><div class="css-f5i5wc"><div class="chakra-linkbox css-vhnn8v"><div data-testid="product-image" class="css-16dr4ly"><img alt="The Laughing Cow Light 133 g, $2.77/100g" src="https://assets.shop.loblaws.ca/products/20183443/b3/en/front/20183443_front_a06_@2.png" srcset="https://assets.shop.loblaws.ca/products/20183443/b3/en/front/20183443_front_a06_@2.png 1x, https://assets.shop.loblaws.ca/products/20183443/b3/en/front/20183443_front_a06_@2.png 2x" loading="lazy" class="chakra-image css-oguq8l" aria-hidden="true"></div><div class="css-qoklea"><div class="css-12dchmx"></div><div data-testid="price-product-tile" class="css-8atqhb"><p class="chakra-text css-0"><span class="chakra-text css-o93gbd" data-testid="sale-price"><span class="css-idkz9h">$3.69</span>$3.69</span><span class="chakra-text css-623q5h" data-testid="was-price"><span class="css-idkz9h">$4.49</span>$4.49</span></p><p class="chakra-text css-1m5a6y8" data-testid="price-descriptor">SAVE $0.80</p></div><a href="/light/p/20183443_EA?source=nspt" class="chakra-linkbox__overlay css-1hnz6hu"><div class="css-0"><p class="chakra-text css-1ecdp9w" data-testid="product-brand">The Laughing Cow</p><h3 class="chakra-heading css-6qrhwc" id="20183443_EA" data-testid="product-title">Light</h3><p class="chakra-text css-1yftjin" data-testid="product-package-size">133 g, $2.77/100g</p></div></a><div class="css-8keand"></div></div><div class="css-1q5omjq"><div class="css-fcebb8"><div data-testid="atc-compact" class="css-y94ivq" style="width: 45px;"><button type="button" class="chakra-button css-mudsm6" data-testid="atc-button"><svg stroke="currentColor" fill="currentColor" stroke-width="0" viewBox="0 0 24 24" focusable="false" class="chakra-icon css-1g3sp7a" data-testid="btn-icon" aria-hidden="true" height="1em" width="1em" xmlns="http://www.w3.org/2000/svg"><path d="M19 13h-6v6h-2v-6H5v-2h6V5h2v6h6v2z"></path></svg><span class="css-idkz9h">Add Light to cart</span></button></div></div></div></div></div></div><div class="css-0"><div class="css-f5i5wc"><div class="chakra-linkbox css-vhnn8v"><div data-testid="product-image" class="css-16dr4ly"><img alt="Babybel Swiss 120 g, $3.08/100g" src="https://assets.shop.loblaws.ca/products/20599762/b3/en/front/20599762_front_a06_@2.png" srcset="https://assets.shop.loblaws.ca/products/20599762/b3/en/front/20599762_front_a06_@2.png 1x, https://assets.shop.loblaws.ca/products/20599762/b3/en/front/20599762_front_a06_@2.png 2x" loading="lazy" class="chakra-image css-oguq8l" aria-hidden="true"></div><div class="css-qoklea"><div class="css-12dchmx"></div><div data-testid="price-product-tile" class="css-8atqhb"><p class="chakra-text css-0"><span class="chakra-text css-o93gbd" data-testid="sale-price"><span class="css-idkz9h">$3.69</span>$3.69</span><span class="chakra-text css-623q5h" data-testid="was-price"><span class="css-idkz9h">$5.29</span>$5.29</span></p><p class="chakra-text css-1m5a6y8" data-testid="price-descriptor">SAVE $1.60</p></div><a href="/swiss/p/20599762_EA?source=nspt" class="chakra-linkbox__overlay css-1hnz6hu"><div class="css-0"><p class="chakra-text css-1ecdp9w" data-testid="product-brand">Babybel</p><h3 class="chakra-heading css-6qrhwc" id="20599762_EA" data-testid="product-title">Swiss</h3><p class="chakra-text css-1yftjin" data-testid="product-package-size">120 g, $3.08/100g</p></div></a><div class="css-8keand"></div></div><div class="css-1q5omjq"><div class="css-fcebb8"><div data-testid="atc-compact" class="css-y94ivq" style="width: 45px;"><button type="button" class="chakra-button css-mudsm6" data-testid="atc-button"><svg stroke="currentColor" fill="currentColor" stroke-width="0" viewBox="0 0 24 24" focusable="false" class="chakra-icon css-1g3sp7a" data-testid="btn-icon" aria-hidden="true" height="1em" width="1em" xmlns="http://www.w3.org/2000/svg"><path d="M19 13h-6v6h-2v-6H5v-2h6V5h2v6h6v2z"></path></svg><span class="css-idkz9h">Add Swiss to cart</span></button></div></div></div></div></div></div><div class="css-0"><div class="css-f5i5wc"><div class="chakra-linkbox css-vhnn8v"><div data-testid="product-image" class="css-16dr4ly"><img alt="Balderson Cheddar Cheese Old Cheddar 35% M.F. 250 g, $4.00/100g" src="https://assets.shop.loblaws.ca/products/21511748/b3/en/front/21511748_front_a06_@2.png" srcset="https://assets.shop.loblaws.ca/products/21511748/b3/en/front/21511748_front_a06_@2.png 1x, https://assets.shop.loblaws.ca/products/21511748/b3/en/front/21511748_front_a06_@2.png 2x" loading="lazy" class="chakra-image css-oguq8l" aria-hidden="true"></div><div class="css-qoklea"><div class="css-12dchmx"></div><div data-testid="price-product-tile" class="css-8atqhb"><p class="chakra-text css-0"><span class="chakra-text css-pwnbcb" data-testid="regular-price"><span class="css-idkz9h">$9.99</span>$9.99</span></p></div><a href="/cheddar-cheese-old-cheddar-35-m-f/p/21511748_EA?source=nspt" class="chakra-linkbox__overlay css-1hnz6hu"><div class="css-0"><p class="chakra-text css-1ecdp9w" data-testid="product-brand">Balderson</p><h3 class="chakra-heading css-6qrhwc" id="21511748_EA" data-testid="product-title">Cheddar Cheese Old Cheddar 35% M.F.</h3><p class="chakra-text css-1yftjin" data-testid="product-package-size">250 g, $4.00/100g</p></div></a><div class="css-8keand"></div></div><div class="css-1q5omjq"><div class="css-fcebb8"><div data-testid="atc-compact" class="css-y94ivq" style="width: 45px;"><button type="button" class="chakra-button css-mudsm6" data-testid="atc-button"><svg stroke="currentColor" fill="currentColor" stroke-width="0" viewBox="0 0 24 24" focusable="false" class="chakra-icon css-1g3sp7a" data-testid="btn-icon" aria-hidden="true" height="1em" width="1em" xmlns="http://www.w3.org/2000/svg"><path d="M19 13h-6v6h-2v-6H5v-2h6V5h2v6h6v2z"></path></svg><span class="css-idkz9h">Add Cheddar Cheese Old Cheddar 35% M.F. to cart</span></button></div></div></div></div></div></div><div class="css-0"><div class="css-f5i5wc"><div class="chakra-linkbox css-vhnn8v"><div data-testid="product-image" class="css-16dr4ly"><img alt="Castello Havarti Dill FW 200 g, $3.65/100g" src="https://assets.shop.loblaws.ca/products/20574966/b3/en/front/20574966_front_a06_@2.png" srcset="https://assets.shop.loblaws.ca/products/20574966/b3/en/front/20574966_front_a06_@2.png 1x, https://assets.shop.loblaws.ca/products/20574966/b3/en/front/20574966_front_a06_@2.png 2x" loading="lazy" class="chakra-image css-oguq8l" aria-hidden="true"></div><div class="css-qoklea"><div class="css-12dchmx"></div><div data-testid="price-product-tile" class="css-8atqhb"><p class="chakra-text css-0"><span class="chakra-text css-pwnbcb" data-testid="regular-price"><span class="css-idkz9h">$7.29</span>$7.29</span></p></div><a href="/havarti-dill-fw/p/20574966_EA?source=nspt" class="chakra-linkbox__overlay css-1hnz6hu"><div class="css-0"><p class="chakra-text css-1ecdp9w" data-testid="product-brand">Castello</p><h3 class="chakra-heading css-6qrhwc" id="20574966_EA" data-testid="product-title">Havarti Dill FW</h3><p class="chakra-text css-1yftjin" data-testid="product-package-size">200 g, $3.65/100g</p></div></a><div class="css-8keand"></div></div><div class="css-1q5omjq"><div class="css-fcebb8"><div data-testid="atc-compact" class="css-y94ivq" style="width: 45px;"><button type="button" class="chakra-button css-mudsm6" data-testid="atc-button"><svg stroke="currentColor" fill="currentColor" stroke-width="0" viewBox="0 0 24 24" focusable="false" class="chakra-icon css-1g3sp7a" data-testid="btn-icon" aria-hidden="true" height="1em" width="1em" xmlns="http://www.w3.org/2000/svg"><path d="M19 13h-6v6h-2v-6H5v-2h6V5h2v6h6v2z"></path></svg><span class="css-idkz9h">Add Havarti Dill FW to cart</span></button></div></div></div></div></div></div><div class="css-0"><div class="css-f5i5wc"><div class="chakra-linkbox css-vhnn8v"><div data-testid="product-image" class="css-16dr4ly"><img alt="Tre Stelle Bocconcini, Pearls 200 g, $3.90/100g" src="https://assets.shop.loblaws.ca/products/20322886/b3/en/front/20322886_front_a06_@2.png" srcset="https://assets.shop.loblaws.ca/products/20322886/b3/en/front/20322886_front_a06_@2.png 1x, https://assets.shop.loblaws.ca/products/20322886/b3/en/front/20322886_front_a06_@2.png 2x" loading="lazy" class="chakra-image css-oguq8l" aria-hidden="true"></div><div class="css-qoklea"><div class="css-12dchmx"></div><div data-testid="price-product-tile" class="css-8atqhb"><p class="chakra-text css-0"><span class="chakra-text css-pwnbcb" data-testid="regular-price"><span class="css-idkz9h">$7.79</span>$7.79</span></p></div><a href="/bocconcini-pearls/p/20322886_EA?source=nspt" class="chakra-linkbox__overlay css-1hnz6hu"><div class="css-0"><p class="chakra-text css-1ecdp9w" data-testid="product-brand">Tre Stelle</p><h3 class="chakra-heading css-6qrhwc" id="20322886_EA" data-testid="product-title">Bocconcini, Pearls</h3><p class="chakra-text css-1yftjin" data-testid="product-package-size">200 g, $3.90/100g</p></div></a><div class="css-8keand"></div></div><div class="css-1q5omjq"><div class="css-fcebb8"><div data-testid="atc-compact" class="css-y94ivq" style="width: 45px;"><button disabled="" type="button" class="chakra-button css-mudsm6" data-testid="atc-button"><svg stroke="currentColor" fill="currentColor" stroke-width="0" viewBox="0 0 24 24" focusable="false" class="chakra-icon css-1g3sp7a" data-testid="btn-icon" aria-hidden="true" height="1em" width="1em" xmlns="http://www.w3.org/2000/svg"><path d="M19 13h-6v6h-2v-6H5v-2h6V5h2v6h6v2z"></path></svg><span class="css-idkz9h">Add Bocconcini, Pearls to cart</span></button></div></div><div class="css-4saf4a"><p class="chakra-text css-py8788" data-testid="inventory-badge-text">Out of Stock</p></div></div></div></div></div><div class="css-0"><div class="css-f5i5wc"><div class="chakra-linkbox css-vhnn8v"><div data-testid="product-image" class="css-16dr4ly"><img alt="President's Choice Medium Cheddar Cheese Block, Club Pack 500 g, $2.60/100g" src="https://assets.shop.loblaws.ca/products/20218911/b3/en/front/20218911_front_a06_@2.png" srcset="https://assets.shop.loblaws.ca/products/20218911/b3/en/front/20218911_front_a06_@2.png 1x, https://assets.shop.loblaws.ca/products/20218911/b3/en/front/20218911_front_a06_@2.png 2x" loading="lazy" class="chakra-image css-oguq8l" aria-hidden="true"></div><div class="css-qoklea"><div class="css-12dchmx"></div><div data-testid="price-product-tile" class="css-8atqhb"><p class="chakra-text css-0"><span class="chakra-text css-pwnbcb" data-testid="regular-price"><span class="css-idkz9h">$12.99</span>$12.99</span></p></div><a href="/medium-cheddar-cheese-block-club-pack/p/20218911_EA?source=nspt" class="chakra-linkbox__overlay css-1hnz6hu"><div class="css-0"><p class="chakra-text css-1ecdp9w" data-testid="product-brand">President's Choice</p><h3 class="chakra-heading css-6qrhwc" id="20218911_EA" data-testid="product-title">Medium Cheddar Cheese Block, Club Pack</h3><p class="chakra-text css-1yftjin" data-testid="product-package-size">500 g, $2.60/100g</p></div></a><div class="css-8keand"></div></div><div class="css-1q5omjq"><div class="css-fcebb8"><div data-testid="atc-compact" class="css-y94ivq" style="width: 45px;"><button type="button" class="chakra-button css-mudsm6" data-testid="atc-button"><svg stroke="currentColor" fill="currentColor" stroke-width="0" viewBox="0 0 24 24" focusable="false" class="chakra-icon css-1g3sp7a" data-testid="btn-icon" aria-hidden="true" height="1em" width="1em" xmlns="http://www.w3.org/2000/svg"><path d="M19 13h-6v6h-2v-6H5v-2h6V5h2v6h6v2z"></path></svg><span class="css-idkz9h">Add Medium Cheddar Cheese Block, Club Pack to cart</span></button></div></div></div></div></div></div><div class="css-0"><div class="css-f5i5wc"><div class="chakra-linkbox css-vhnn8v"><div data-testid="product-image" class="css-16dr4ly"><img alt="Castello Velvet Blue 40% M.F. Blue Cheese 125 g, $5.35/100g" src="https://assets.shop.loblaws.ca/products/21435054/b3/en/front/21435054_front_a06_@2.png" srcset="https://assets.shop.loblaws.ca/products/21435054/b3/en/front/21435054_front_a06_@2.png 1x, https://assets.shop.loblaws.ca/products/21435054/b3/en/front/21435054_front_a06_@2.png 2x" loading="lazy" class="chakra-image css-oguq8l" aria-hidden="true"></div><div class="css-qoklea"><div class="css-12dchmx"></div><div data-testid="price-product-tile" class="css-8atqhb"><p class="chakra-text css-0"><span class="chakra-text css-pwnbcb" data-testid="regular-price"><span class="css-idkz9h">$6.69</span>$6.69</span></p></div><a href="/velvet-blue-40-m-f-blue-cheese/p/21435054_EA?source=nspt" class="chakra-linkbox__overlay css-1hnz6hu"><div class="css-0"><p class="chakra-text css-1ecdp9w" data-testid="product-brand">Castello</p><h3 class="chakra-heading css-6qrhwc" id="21435054_EA" data-testid="product-title">Velvet Blue 40% M.F. Blue Cheese</h3><p class="chakra-text css-1yftjin" data-testid="product-package-size">125 g, $5.35/100g</p></div></a><div class="css-8keand"></div></div><div class="css-1q5omjq"><div class="css-fcebb8"><div data-testid="atc-compact" class="css-y94ivq" style="width: 45px;"><button type="button" class="chakra-button css-mudsm6" data-testid="atc-button"><svg stroke="currentColor" fill="currentColor" stroke-width="0" viewBox="0 0 24 24" focusable="false" class="chakra-icon css-1g3sp7a" data-testid="btn-icon" aria-hidden="true" height="1em" width="1em" xmlns="http://www.w3.org/2000/svg"><path d="M19 13h-6v6h-2v-6H5v-2h6V5h2v6h6v2z"></path></svg><span class="css-idkz9h">Add Velvet Blue 40% M.F. Blue Cheese to cart</span></button></div></div></div></div></div></div><div class="css-0"><div class="css-f5i5wc"><div class="chakra-linkbox css-vhnn8v"><div data-testid="product-image" class="css-16dr4ly"><img alt="Ziggy's Swiss Cheese Slices, Club Pack 500 g, $2.70/100g" src="https://assets.shop.loblaws.ca/products/20099585/b3/en/front/20099585_front_a06_@2.png" srcset="https://assets.shop.loblaws.ca/products/20099585/b3/en/front/20099585_front_a06_@2.png 1x, https://assets.shop.loblaws.ca/products/20099585/b3/en/front/20099585_front_a06_@2.png 2x" loading="lazy" class="chakra-image css-oguq8l" aria-hidden="true"></div><div class="css-qoklea"><div class="css-12dchmx"></div><div data-testid="price-product-tile" class="css-8atqhb"><p class="chakra-text css-0"><span class="chakra-text css-pwnbcb" data-testid="regular-price"><span class="css-idkz9h">$13.49</span>$13.49</span></p></div><a href="/swiss-cheese-slices-club-pack/p/20099585_EA?source=nspt" class="chakra-linkbox__overlay css-1hnz6hu"><div class="css-0"><p class="chakra-text css-1ecdp9w" data-testid="product-brand">Ziggy's</p><h3 class="chakra-heading css-6qrhwc" id="20099585_EA" data-testid="product-title">Swiss Cheese Slices, Club Pack</h3><p class="chakra-text css-1yftjin" data-testid="product-package-size">500 g, $2.70/100g</p></div></a><div class="css-8keand"></div></div><div class="css-1q5omjq"><div class="css-fcebb8"><div data-testid="atc-compact" class="css-y94ivq" style="width: 45px;"><button type="button" class="chakra-button css-mudsm6" data-testid="atc-button"><svg stroke="currentColor" fill="currentColor" stroke-width="0" viewBox="0 0 24 24" focusable="false" class="chakra-icon css-1g3sp7a" data-testid="btn-icon" aria-hidden="true" height="1em" width="1em" xmlns="http://www.w3.org/2000/svg"><path d="M19 13h-6v6h-2v-6H5v-2h6V5h2v6h6v2z"></path></svg><span class="css-idkz9h">Add Swiss Cheese Slices, Club Pack to cart</span></button></div></div></div></div></div></div><div class="css-0"><div class="css-f5i5wc"><div class="chakra-linkbox css-vhnn8v"><div data-testid="product-image" class="css-16dr4ly"><img alt="Tre Stelle Ricotta, Smooth 475 g, $1.68/100g" src="https://assets.shop.loblaws.ca/products/20528878/b3/en/front/20528878_front_a06_@2.png" srcset="https://assets.shop.loblaws.ca/products/20528878/b3/en/front/20528878_front_a06_@2.png 1x, https://assets.shop.loblaws.ca/products/20528878/b3/en/front/20528878_front_a06_@2.png 2x" loading="lazy" class="chakra-image css-oguq8l" aria-hidden="true"></div><div class="css-qoklea"><div class="css-12dchmx"></div><div data-testid="price-product-tile" class="css-8atqhb"><p class="chakra-text css-0"><span class="chakra-text css-pwnbcb" data-testid="regular-price"><span class="css-idkz9h">$7.99</span>$7.99</span></p></div><a href="/ricotta-smooth/p/20528878_EA?source=nspt" class="chakra-linkbox__overlay css-1hnz6hu"><div class="css-0"><p class="chakra-text css-1ecdp9w" data-testid="product-brand">Tre Stelle</p><h3 class="chakra-heading css-6qrhwc" id="20528878_EA" data-testid="product-title">Ricotta, Smooth</h3><p class="chakra-text css-1yftjin" data-testid="product-package-size">475 g, $1.68/100g</p></div></a><div class="css-8keand"></div></div><div class="css-1q5omjq"><div class="css-fcebb8"><div data-testid="atc-compact" class="css-y94ivq" style="width: 45px;"><button type="button" class="chakra-button css-mudsm6" data-testid="atc-button"><svg stroke="currentColor" fill="currentColor" stroke-width="0" viewBox="0 0 24 24" focusable="false" class="chakra-icon css-1g3sp7a" data-testid="btn-icon" aria-hidden="true" height="1em" width="1em" xmlns="http://www.w3.org/2000/svg"><path d="M19 13h-6v6h-2v-6H5v-2h6V5h2v6h6v2z"></path></svg><span class="css-idkz9h">Add Ricotta, Smooth to cart</span></button></div></div></div></div></div></div><div class="css-0"><div class="css-f5i5wc"><div class="chakra-linkbox css-vhnn8v"><div data-testid="product-image" class="css-16dr4ly"><img alt="Santa Lucia Bocconcini Pearls 200 g, $3.35/100g" src="https://assets.shop.loblaws.ca/products/20040222/b3/en/front/20040222_front_a06_@2.png" srcset="https://assets.shop.loblaws.ca/products/20040222/b3/en/front/20040222_front_a06_@2.png 1x, https://assets.shop.loblaws.ca/products/20040222/b3/en/front/20040222_front_a06_@2.png 2x" loading="lazy" class="chakra-image css-oguq8l" aria-hidden="true"></div><div class="css-qoklea"><div class="css-12dchmx"></div><div data-testid="price-product-tile" class="css-8atqhb"><p class="chakra-text css-0"><span class="chakra-text css-pwnbcb" data-testid="regular-price"><span class="css-idkz9h">$6.69</span>$6.69</span></p></div><a href="/bocconcini-pearls/p/20040222_EA?source=nspt" class="chakra-linkbox__overlay css-1hnz6hu"><div class="css-0"><p class="chakra-text css-1ecdp9w" data-testid="product-brand">Santa Lucia</p><h3 class="chakra-heading css-6qrhwc" id="20040222_EA" data-testid="product-title">Bocconcini Pearls</h3><p class="chakra-text css-1yftjin" data-testid="product-package-size">200 g, $3.35/100g</p></div></a><div class="css-8keand"></div></div><div class="css-1q5omjq"><div class="css-fcebb8"><div data-testid="atc-compact" class="css-y94ivq" style="width: 45px;"><button disabled="" type="button" class="chakra-button css-mudsm6" data-testid="atc-button"><svg stroke="currentColor" fill="currentColor" stroke-width="0" viewBox="0 0 24 24" focusable="false" class="chakra-icon css-1g3sp7a" data-testid="btn-icon" aria-hidden="true" height="1em" width="1em" xmlns="http://www.w3.org/2000/svg"><path d="M19 13h-6v6h-2v-6H5v-2h6V5h2v6h6v2z"></path></svg><span class="css-idkz9h">Add Bocconcini Pearls to cart</span></button></div></div><div class="css-4saf4a"><p class="chakra-text css-py8788" data-testid="inventory-badge-text">Out of Stock</p></div></div></div></div></div><div class="css-0"><div class="css-f5i5wc"><div class="chakra-linkbox css-vhnn8v"><div data-testid="product-image" class="css-16dr4ly"><img alt="Boursin Garlic &amp; Herbs 250 g, $4.32/100g" src="https://assets.shop.loblaws.ca/products/21331878/b3/en/front/21331878_front_a06_@2.png" srcset="https://assets.shop.loblaws.ca/products/21331878/b3/en/front/21331878_front_a06_@2.png 1x, https://assets.shop.loblaws.ca/products/21331878/b3/en/front/21331878_front_a06_@2.png 2x" loading="lazy" class="chakra-image css-oguq8l" aria-hidden="true"></div><div class="css-qoklea"><div class="css-12dchmx"></div><div data-testid="price-product-tile" class="css-8atqhb"><p class="chakra-text css-0"><span class="chakra-text css-pwnbcb" data-testid="regular-price"><span class="css-idkz9h">$10.79</span>$10.79</span></p></div><a href="/garlic-herbs/p/21331878_EA?source=nspt" class="chakra-linkbox__overlay css-1hnz6hu"><div class="css-0"><p class="chakra-text css-1ecdp9w" data-testid="product-brand">Boursin</p><h3 class="chakra-heading css-6qrhwc" id="21331878_EA" data-testid="product-title">Garlic &amp; Herbs</h3><p class="chakra-text css-1yftjin" data-testid="product-package-size">250 g, $4.32/100g</p></div></a><div class="css-8keand"></div></div><div class="css-1q5omjq"><div class="css-fcebb8"><div data-testid="atc-compact" class="css-y94ivq" style="width: 45px;"><button type="button" class="chakra-button css-mudsm6" data-testid="atc-button"><svg stroke="currentColor" fill="currentColor" stroke-width="0" viewBox="0 0 24 24" focusable="false" class="chakra-icon css-1g3sp7a" data-testid="btn-icon" aria-hidden="true" height="1em" width="1em" xmlns="http://www.w3.org/2000/svg"><path d="M19 13h-6v6h-2v-6H5v-2h6V5h2v6h6v2z"></path></svg><span class="css-idkz9h">Add Garlic &amp; Herbs to cart</span></button></div></div></div></div></div></div><div class="css-0"><div class="css-f5i5wc"><div class="chakra-linkbox css-vhnn8v"><div data-testid="product-image" class="css-16dr4ly"><img alt="Tre Stelle Mascarpone 275 g, $3.56/100g" src="https://assets.shop.loblaws.ca/products/20111520/b3/en/front/20111520_front_a06_@2.png" srcset="https://assets.shop.loblaws.ca/products/20111520/b3/en/front/20111520_front_a06_@2.png 1x, https://assets.shop.loblaws.ca/products/20111520/b3/en/front/20111520_front_a06_@2.png 2x" loading="lazy" class="chakra-image css-oguq8l" aria-hidden="true"></div><div class="css-qoklea"><div class="css-12dchmx"></div><div data-testid="price-product-tile" class="css-8atqhb"><p class="chakra-text css-0"><span class="chakra-text css-pwnbcb" data-testid="regular-price"><span class="css-idkz9h">$9.79</span>$9.79</span></p></div><a href="/mascarpone/p/20111520_EA?source=nspt" class="chakra-linkbox__overlay css-1hnz6hu"><div class="css-0"><p class="chakra-text css-1ecdp9w" data-testid="product-brand">Tre Stelle</p><h3 class="chakra-heading css-6qrhwc" id="20111520_EA" data-testid="product-title">Mascarpone</h3><p class="chakra-text css-1yftjin" data-testid="product-package-size">275 g, $3.56/100g</p></div></a><div class="css-8keand"></div></div><div class="css-1q5omjq"><div class="css-fcebb8"><div data-testid="atc-compact" class="css-y94ivq" style="width: 45px;"><button type="button" class="chakra-button css-mudsm6" data-testid="atc-button"><svg stroke="currentColor" fill="currentColor" stroke-width="0" viewBox="0 0 24 24" focusable="false" class="chakra-icon css-1g3sp7a" data-testid="btn-icon" aria-hidden="true" height="1em" width="1em" xmlns="http://www.w3.org/2000/svg"><path d="M19 13h-6v6h-2v-6H5v-2h6V5h2v6h6v2z"></path></svg><span class="css-idkz9h">Add Mascarpone to cart</span></button></div></div></div></div></div></div><div class="css-0"><div class="css-f5i5wc"><div class="chakra-linkbox css-vhnn8v"><div data-testid="product-image" class="css-16dr4ly"><img alt="null Creamy Dairy Spread 500 g, $2.60/100g" src="https://assets.shop.loblaws.ca/products/20844769/b3/en/front/20844769_front_a06_@2.png" srcset="https://assets.shop.loblaws.ca/products/20844769/b3/en/front/20844769_front_a06_@2.png 1x, https://assets.shop.loblaws.ca/products/20844769/b3/en/front/20844769_front_a06_@2.png 2x" loading="lazy" class="chakra-image css-oguq8l" aria-hidden="true"></div><div class="css-qoklea"><div class="css-12dchmx"></div><div data-testid="price-product-tile" class="css-8atqhb"><p class="chakra-text css-0"><span class="chakra-text css-pwnbcb" data-testid="regular-price"><span class="css-idkz9h">$12.99</span>$12.99</span></p></div><a href="/creamy-dairy-spread/p/20844769_EA?source=nspt" class="chakra-linkbox__overlay css-1hnz6hu"><div class="css-0"><h3 class="chakra-heading css-6qrhwc" id="20844769_EA" data-testid="product-title">Creamy Dairy Spread</h3><p class="chakra-text css-1yftjin" data-testid="product-package-size">500 g, $2.60/100g</p></div></a><div class="css-8keand"></div></div><div class="css-1q5omjq"><div class="css-fcebb8"><div data-testid="atc-compact" class="css-y94ivq" style="width: 45px;"><button type="button" class="chakra-button css-mudsm6" data-testid="atc-button"><svg stroke="currentColor" fill="currentColor" stroke-width="0" viewBox="0 0 24 24" focusable="false" class="chakra-icon css-1g3sp7a" data-testid="btn-icon" aria-hidden="true" height="1em" width="1em" xmlns="http://www.w3.org/2000/svg"><path d="M19 13h-6v6h-2v-6H5v-2h6V5h2v6h6v2z"></path></svg><span class="css-idkz9h">Add Creamy Dairy Spread to cart</span></button></div></div></div></div></div></div><div class="css-0"><div class="css-f5i5wc"><div class="chakra-linkbox css-vhnn8v"><div data-testid="product-image" class="css-16dr4ly"><img alt="Santa Lucia mozzarella balls 340 g, $2.29/100g" src="https://assets.shop.loblaws.ca/products/20808072/b3/en/front/20808072_front_a06_@2.png" srcset="https://assets.shop.loblaws.ca/products/20808072/b3/en/front/20808072_front_a06_@2.png 1x, https://assets.shop.loblaws.ca/products/20808072/b3/en/front/20808072_front_a06_@2.png 2x" loading="lazy" class="chakra-image css-oguq8l" aria-hidden="true"></div><div class="css-qoklea"><div class="css-12dchmx"></div><div data-testid="price-product-tile" class="css-8atqhb"><p class="chakra-text css-0"><span class="chakra-text css-pwnbcb" data-testid="regular-price"><span class="css-idkz9h">$7.79</span>$7.79</span></p></div><a href="/mozzarella-balls/p/20808072_EA?source=nspt" class="chakra-linkbox__overlay css-1hnz6hu"><div class="css-0"><p class="chakra-text css-1ecdp9w" data-testid="product-brand">Santa Lucia</p><h3 class="chakra-heading css-6qrhwc" id="20808072_EA" data-testid="product-title">mozzarella balls</h3><p class="chakra-text css-1yftjin" data-testid="product-package-size">340 g, $2.29/100g</p></div></a><div class="css-8keand"></div></div><div class="css-1q5omjq"><div class="css-fcebb8"><div data-testid="atc-compact" class="css-y94ivq" style="width: 45px;"><button type="button" class="chakra-button css-mudsm6" data-testid="atc-button"><svg stroke="currentColor" fill="currentColor" stroke-width="0" viewBox="0 0 24 24" focusable="false" class="chakra-icon css-1g3sp7a" data-testid="btn-icon" aria-hidden="true" height="1em" width="1em" xmlns="http://www.w3.org/2000/svg"><path d="M19 13h-6v6h-2v-6H5v-2h6V5h2v6h6v2z"></path></svg><span class="css-idkz9h">Add mozzarella balls to cart</span></button></div></div></div></div></div></div><div class="css-0"><div class="css-f5i5wc"><div class="chakra-linkbox css-vhnn8v"><div data-testid="product-image" class="css-16dr4ly"><img alt="Silani Soft Unripened Cheese Ricotta Mild 6% 454 g, $1.10/100g" src="https://assets.shop.loblaws.ca/products/21124673/b3/en/front/21124673_front_a06_@2.png" srcset="https://assets.shop.loblaws.ca/products/21124673/b3/en/front/21124673_front_a06_@2.png 1x, https://assets.shop.loblaws.ca/products/21124673/b3/en/front/21124673_front_a06_@2.png 2x" loading="lazy" class="chakra-image css-oguq8l" aria-hidden="true"></div><div class="css-qoklea"><div class="css-12dchmx"></div><div data-testid="price-product-tile" class="css-8atqhb"><p class="chakra-text css-0"><span class="chakra-text css-pwnbcb" data-testid="regular-price"><span class="css-idkz9h">$4.99</span>$4.99</span></p></div><a href="/soft-unripened-cheese-ricotta-mild-6/p/21124673_EA?source=nspt" class="chakra-linkbox__overlay css-1hnz6hu"><div class="css-0"><p class="chakra-text css-1ecdp9w" data-testid="product-brand">Silani</p><h3 class="chakra-heading css-6qrhwc" id="21124673_EA" data-testid="product-title">Soft Unripened Cheese Ricotta Mild 6%</h3><p class="chakra-text css-1yftjin" data-testid="product-package-size">454 g, $1.10/100g</p></div></a><div class="css-8keand"></div></div><div class="css-1q5omjq"><div class="css-fcebb8"><div data-testid="atc-compact" class="css-y94ivq" style="width: 45px;"><button type="button" class="chakra-button css-mudsm6" data-testid="atc-button"><svg stroke="currentColor" fill="currentColor" stroke-width="0" viewBox="0 0 24 24" focusable="false" class="chakra-icon css-1g3sp7a" data-testid="btn-icon" aria-hidden="true" height="1em" width="1em" xmlns="http://www.w3.org/2000/svg"><path d="M19 13h-6v6h-2v-6H5v-2h6V5h2v6h6v2z"></path></svg><span class="css-idkz9h">Add Soft Unripened Cheese Ricotta Mild 6% to cart</span></button></div></div></div></div></div></div><div class="css-0"><div class="css-f5i5wc"><div class="chakra-linkbox css-vhnn8v"><div data-testid="product-image" class="css-16dr4ly"><img alt="Saputo Poutine Cheese Curds 200 g, $3.65/100g" src="https://assets.shop.loblaws.ca/products/20864070/b3/en/front/20864070_front_a06_@2.png" srcset="https://assets.shop.loblaws.ca/products/20864070/b3/en/front/20864070_front_a06_@2.png 1x, https://assets.shop.loblaws.ca/products/20864070/b3/en/front/20864070_front_a06_@2.png 2x" loading="lazy" class="chakra-image css-oguq8l" aria-hidden="true"></div><div class="css-qoklea"><div class="css-12dchmx"></div><div data-testid="price-product-tile" class="css-8atqhb"><p class="chakra-text css-0"><span class="chakra-text css-pwnbcb" data-testid="regular-price"><span class="css-idkz9h">$7.29</span>$7.29</span></p></div><a href="/poutine-cheese-curds/p/20864070_EA?source=nspt" class="chakra-linkbox__overlay css-1hnz6hu"><div class="css-0"><p class="chakra-text css-1ecdp9w" data-testid="product-brand">Saputo</p><h3 class="chakra-heading css-6qrhwc" id="20864070_EA" data-testid="product-title">Poutine Cheese Curds</h3><p class="chakra-text css-1yftjin" data-testid="product-package-size">200 g, $3.65/100g</p></div></a><div class="css-8keand"></div></div><div class="css-1q5omjq"><div class="css-fcebb8"><div data-testid="atc-compact" class="css-y94ivq" style="width: 45px;"><button type="button" class="chakra-button css-mudsm6" data-testid="atc-button"><svg stroke="currentColor" fill="currentColor" stroke-width="0" viewBox="0 0 24 24" focusable="false" class="chakra-icon css-1g3sp7a" data-testid="btn-icon" aria-hidden="true" height="1em" width="1em" xmlns="http://www.w3.org/2000/svg"><path d="M19 13h-6v6h-2v-6H5v-2h6V5h2v6h6v2z"></path></svg><span class="css-idkz9h">Add Poutine Cheese Curds to cart</span></button></div></div><div class="css-4saf4a"><p class="chakra-text css-py8788" data-testid="inventory-badge-text">Low Stock</p></div></div></div></div></div><div class="css-0"><div class="css-f5i5wc"><div class="chakra-linkbox css-vhnn8v"><div data-testid="product-image" class="css-16dr4ly"><img alt="Ziggy's Creamy Havarti Cheese Slices 160 g, $2.43/100g" src="https://assets.shop.loblaws.ca/products/21610744/b3/en/front/21610744_front_a06_@2.png" srcset="https://assets.shop.loblaws.ca/products/21610744/b3/en/front/21610744_front_a06_@2.png 1x, https://assets.shop.loblaws.ca/products/21610744/b3/en/front/21610744_front_a06_@2.png 2x" loading="lazy" class="chakra-image css-oguq8l" aria-hidden="true"></div><div class="css-qoklea"><div class="css-12dchmx"><div class="chakra-badge css-34x0wr" data-testid="product-badge"><div class="css-u4p24i">New</div></div></div><div data-testid="price-product-tile" class="css-8atqhb"><p class="chakra-text css-0"><span class="chakra-text css-pwnbcb" data-testid="regular-price"><span class="css-idkz9h">$3.89</span>$3.89</span></p></div><a href="/creamy-havarti-cheese-slices/p/21610744_EA?source=nspt" class="chakra-linkbox__overlay css-1hnz6hu"><div class="css-0"><p class="chakra-text css-1ecdp9w" data-testid="product-brand">Ziggy's</p><h3 class="chakra-heading css-6qrhwc" id="21610744_EA" data-testid="product-title">Creamy Havarti Cheese Slices</h3><p class="chakra-text css-1yftjin" data-testid="product-package-size">160 g, $2.43/100g</p></div></a><div class="css-8keand"></div></div><div class="css-1q5omjq"><div class="css-fcebb8"><div data-testid="atc-compact" class="css-y94ivq" style="width: 45px;"><button disabled="" type="button" class="chakra-button css-mudsm6" data-testid="atc-button"><svg stroke="currentColor" fill="currentColor" stroke-width="0" viewBox="0 0 24 24" focusable="false" class="chakra-icon css-1g3sp7a" data-testid="btn-icon" aria-hidden="true" height="1em" width="1em" xmlns="http://www.w3.org/2000/svg"><path d="M19 13h-6v6h-2v-6H5v-2h6V5h2v6h6v2z"></path></svg><span class="css-idkz9h">Add Creamy Havarti Cheese Slices to cart</span></button></div></div><div class="css-4saf4a"><p class="chakra-text css-py8788" data-testid="inventory-badge-text">Out of Stock</p></div></div></div></div></div><div class="css-0"><div class="css-f5i5wc"><div class="chakra-linkbox css-vhnn8v"><div data-testid="product-image" class="css-16dr4ly"><img alt="President's Choice Feta Crumbles, Herb &amp; Garlic 175 g, $44.51/1kg $2.02/1lb" src="https://assets.shop.loblaws.ca/products/20862432/b3/en/front/20862432_front_a06_@2.png" srcset="https://assets.shop.loblaws.ca/products/20862432/b3/en/front/20862432_front_a06_@2.png 1x, https://assets.shop.loblaws.ca/products/20862432/b3/en/front/20862432_front_a06_@2.png 2x" loading="lazy" class="chakra-image css-oguq8l" aria-hidden="true"></div><div class="css-qoklea"><div class="css-12dchmx"></div><div data-testid="price-product-tile" class="css-8atqhb"><p class="chakra-text css-0"><span class="chakra-text css-pwnbcb" data-testid="regular-price"><span class="css-idkz9h">$7.79</span>$7.79</span></p></div><a href="/feta-crumbles-herb-garlic/p/20862432_EA?source=nspt" class="chakra-linkbox__overlay css-1hnz6hu"><div class="css-0"><p class="chakra-text css-1ecdp9w" data-testid="product-brand">President's Choice</p><h3 class="chakra-heading css-6qrhwc" id="20862432_EA" data-testid="product-title">Feta Crumbles, Herb &amp; Garlic</h3><p class="chakra-text css-1yftjin" data-testid="product-package-size">175 g, $44.51/1kg $2.02/1lb</p></div></a><div class="css-8keand"></div></div><div class="css-1q5omjq"><div class="css-fcebb8"><div data-testid="atc-compact" class="css-y94ivq" style="width: 45px;"><button type="button" class="chakra-button css-mudsm6" data-testid="atc-button"><svg stroke="currentColor" fill="currentColor" stroke-width="0" viewBox="0 0 24 24" focusable="false" class="chakra-icon css-1g3sp7a" data-testid="btn-icon" aria-hidden="true" height="1em" width="1em" xmlns="http://www.w3.org/2000/svg"><path d="M19 13h-6v6h-2v-6H5v-2h6V5h2v6h6v2z"></path></svg><span class="css-idkz9h">Add Feta Crumbles, Herb &amp; Garlic to cart</span></button></div></div></div></div></div></div><div class="css-0"><div class="css-f5i5wc"><div class="chakra-linkbox css-vhnn8v"><div data-testid="product-image" class="css-16dr4ly"><img alt="PC Splendido Parmigiano Grated 100 g, $5.99/100g" src="https://assets.shop.loblaws.ca/products/21306422/b3/en/front/21306422_front_a06_@2.png" srcset="https://assets.shop.loblaws.ca/products/21306422/b3/en/front/21306422_front_a06_@2.png 1x, https://assets.shop.loblaws.ca/products/21306422/b3/en/front/21306422_front_a06_@2.png 2x" loading="lazy" class="chakra-image css-oguq8l" aria-hidden="true"></div><div class="css-qoklea"><div class="css-12dchmx"></div><div data-testid="price-product-tile" class="css-8atqhb"><p class="chakra-text css-0"><span class="chakra-text css-pwnbcb" data-testid="regular-price"><span class="css-idkz9h">$5.99</span>$5.99</span></p></div><a href="/parmigiano-grated/p/21306422_EA?source=nspt" class="chakra-linkbox__overlay css-1hnz6hu"><div class="css-0"><p class="chakra-text css-1ecdp9w" data-testid="product-brand">PC Splendido</p><h3 class="chakra-heading css-6qrhwc" id="21306422_EA" data-testid="product-title">Parmigiano Grated</h3><p class="chakra-text css-1yftjin" data-testid="product-package-size">100 g, $5.99/100g</p></div></a><div class="css-8keand"></div></div><div class="css-1q5omjq"><div class="css-fcebb8"><div data-testid="atc-compact" class="css-y94ivq" style="width: 45px;"><button type="button" class="chakra-button css-mudsm6" data-testid="atc-button"><svg stroke="currentColor" fill="currentColor" stroke-width="0" viewBox="0 0 24 24" focusable="false" class="chakra-icon css-1g3sp7a" data-testid="btn-icon" aria-hidden="true" height="1em" width="1em" xmlns="http://www.w3.org/2000/svg"><path d="M19 13h-6v6h-2v-6H5v-2h6V5h2v6h6v2z"></path></svg><span class="css-idkz9h">Add Parmigiano Grated to cart</span></button></div></div></div></div></div></div><div class="css-0"><div class="css-f5i5wc"><div class="chakra-linkbox css-vhnn8v"><div data-testid="product-image" class="css-16dr4ly"><img alt="Ziggy's Swiss Cheese Slices 160 g, $2.49/100g" src="https://assets.shop.loblaws.ca/products/21610826/b3/en/front/21610826_front_a06_@2.png" srcset="https://assets.shop.loblaws.ca/products/21610826/b3/en/front/21610826_front_a06_@2.png 1x, https://assets.shop.loblaws.ca/products/21610826/b3/en/front/21610826_front_a06_@2.png 2x" loading="lazy" class="chakra-image css-oguq8l" aria-hidden="true"></div><div class="css-qoklea"><div class="css-12dchmx"><div class="chakra-badge css-34x0wr" data-testid="product-badge"><div class="css-u4p24i">New</div></div></div><div data-testid="price-product-tile" class="css-8atqhb"><p class="chakra-text css-0"><span class="chakra-text css-pwnbcb" data-testid="regular-price"><span class="css-idkz9h">$3.99</span>$3.99</span></p></div><a href="/swiss-cheese-slices/p/21610826_EA?source=nspt" class="chakra-linkbox__overlay css-1hnz6hu"><div class="css-0"><p class="chakra-text css-1ecdp9w" data-testid="product-brand">Ziggy's</p><h3 class="chakra-heading css-6qrhwc" id="21610826_EA" data-testid="product-title">Swiss Cheese Slices</h3><p class="chakra-text css-1yftjin" data-testid="product-package-size">160 g, $2.49/100g</p></div></a><div class="css-8keand"></div></div><div class="css-1q5omjq"><div class="css-fcebb8"><div data-testid="atc-compact" class="css-y94ivq" style="width: 45px;"><button disabled="" type="button" class="chakra-button css-mudsm6" data-testid="atc-button"><svg stroke="currentColor" fill="currentColor" stroke-width="0" viewBox="0 0 24 24" focusable="false" class="chakra-icon css-1g3sp7a" data-testid="btn-icon" aria-hidden="true" height="1em" width="1em" xmlns="http://www.w3.org/2000/svg"><path d="M19 13h-6v6h-2v-6H5v-2h6V5h2v6h6v2z"></path></svg><span class="css-idkz9h">Add Swiss Cheese Slices to cart</span></button></div></div><div class="css-4saf4a"><p class="chakra-text css-py8788" data-testid="inventory-badge-text">Out of Stock</p></div></div></div></div></div><div class="css-0"><div class="css-f5i5wc"><div class="chakra-linkbox css-vhnn8v"><div data-testid="product-image" class="css-16dr4ly"><img alt="PC Splendido Mascarpone 500 g, $2.00/100g" src="https://assets.shop.loblaws.ca/products/21306387/b3/en/front/21306387_front_a06_@2.png" srcset="https://assets.shop.loblaws.ca/products/21306387/b3/en/front/21306387_front_a06_@2.png 1x, https://assets.shop.loblaws.ca/products/21306387/b3/en/front/21306387_front_a06_@2.png 2x" loading="lazy" class="chakra-image css-oguq8l" aria-hidden="true"></div><div class="css-qoklea"><div class="css-12dchmx"></div><div data-testid="price-product-tile" class="css-8atqhb"><p class="chakra-text css-0"><span class="chakra-text css-pwnbcb" data-testid="regular-price"><span class="css-idkz9h">$9.99</span>$9.99</span></p></div><a href="/mascarpone/p/21306387_EA?source=nspt" class="chakra-linkbox__overlay css-1hnz6hu"><div class="css-0"><p class="chakra-text css-1ecdp9w" data-testid="product-brand">PC Splendido</p><h3 class="chakra-heading css-6qrhwc" id="21306387_EA" data-testid="product-title">Mascarpone</h3><p class="chakra-text css-1yftjin" data-testid="product-package-size">500 g, $2.00/100g</p></div></a><div class="css-8keand"></div></div><div class="css-1q5omjq"><div class="css-fcebb8"><div data-testid="atc-compact" class="css-y94ivq" style="width: 45px;"><button type="button" class="chakra-button css-mudsm6" data-testid="atc-button"><svg stroke="currentColor" fill="currentColor" stroke-width="0" viewBox="0 0 24 24" focusable="false" class="chakra-icon css-1g3sp7a" data-testid="btn-icon" aria-hidden="true" height="1em" width="1em" xmlns="http://www.w3.org/2000/svg"><path d="M19 13h-6v6h-2v-6H5v-2h6V5h2v6h6v2z"></path></svg><span class="css-idkz9h">Add Mascarpone to cart</span></button></div></div></div></div></div></div><div class="css-0"><div class="css-f5i5wc"><div class="chakra-linkbox css-vhnn8v"><div data-testid="product-image" class="css-16dr4ly"><img alt="Boursin Truffle Salt &amp; Hint of Pepper 150 g, $4.66/100g" src="https://assets.shop.loblaws.ca/products/21468530/b3/en/front/21468530_front_a06_@2.png" srcset="https://assets.shop.loblaws.ca/products/21468530/b3/en/front/21468530_front_a06_@2.png 1x, https://assets.shop.loblaws.ca/products/21468530/b3/en/front/21468530_front_a06_@2.png 2x" loading="lazy" class="chakra-image css-oguq8l" aria-hidden="true"></div><div class="css-qoklea"><div class="css-12dchmx"></div><div data-testid="price-product-tile" class="css-8atqhb"><p class="chakra-text css-0"><span class="chakra-text css-pwnbcb" data-testid="regular-price"><span class="css-idkz9h">$6.99</span>$6.99</span></p></div><a href="/truffle-salt-hint-of-pepper/p/21468530_EA?source=nspt" class="chakra-linkbox__overlay css-1hnz6hu"><div class="css-0"><p class="chakra-text css-1ecdp9w" data-testid="product-brand">Boursin</p><h3 class="chakra-heading css-6qrhwc" id="21468530_EA" data-testid="product-title">Truffle Salt &amp; Hint of Pepper</h3><p class="chakra-text css-1yftjin" data-testid="product-package-size">150 g, $4.66/100g</p></div></a><div class="css-8keand"></div></div><div class="css-1q5omjq"><div class="css-fcebb8"><div data-testid="atc-compact" class="css-y94ivq" style="width: 45px;"><button type="button" class="chakra-button css-mudsm6" data-testid="atc-button"><svg stroke="currentColor" fill="currentColor" stroke-width="0" viewBox="0 0 24 24" focusable="false" class="chakra-icon css-1g3sp7a" data-testid="btn-icon" aria-hidden="true" height="1em" width="1em" xmlns="http://www.w3.org/2000/svg"><path d="M19 13h-6v6h-2v-6H5v-2h6V5h2v6h6v2z"></path></svg><span class="css-idkz9h">Add Truffle Salt &amp; Hint of Pepper to cart</span></button></div></div></div></div></div></div><div class="css-0"><div class="css-f5i5wc"><div class="chakra-linkbox css-vhnn8v"><div data-testid="product-image" class="css-16dr4ly"><img alt="Agropur Signature L'Extra Camembert Cheese 170 g, $4.41/100g" src="https://assets.shop.loblaws.ca/products/20016313/b3/en/front/20016313_front_a06_@2.png" srcset="https://assets.shop.loblaws.ca/products/20016313/b3/en/front/20016313_front_a06_@2.png 1x, https://assets.shop.loblaws.ca/products/20016313/b3/en/front/20016313_front_a06_@2.png 2x" loading="lazy" class="chakra-image css-oguq8l" aria-hidden="true"></div><div class="css-qoklea"><div class="css-12dchmx"></div><div data-testid="price-product-tile" class="css-8atqhb"><p class="chakra-text css-0"><span class="chakra-text css-pwnbcb" data-testid="regular-price"><span class="css-idkz9h">$7.49</span>$7.49</span></p></div><a href="/l-extra-camembert-cheese/p/20016313_EA?source=nspt" class="chakra-linkbox__overlay css-1hnz6hu"><div class="css-0"><p class="chakra-text css-1ecdp9w" data-testid="product-brand">Agropur Signature</p><h3 class="chakra-heading css-6qrhwc" id="20016313_EA" data-testid="product-title">L'Extra Camembert Cheese</h3><p class="chakra-text css-1yftjin" data-testid="product-package-size">170 g, $4.41/100g</p></div></a><div class="css-8keand"></div></div><div class="css-1q5omjq"><div class="css-fcebb8"><div data-testid="atc-compact" class="css-y94ivq" style="width: 45px;"><button type="button" class="chakra-button css-mudsm6" data-testid="atc-button"><svg stroke="currentColor" fill="currentColor" stroke-width="0" viewBox="0 0 24 24" focusable="false" class="chakra-icon css-1g3sp7a" data-testid="btn-icon" aria-hidden="true" height="1em" width="1em" xmlns="http://www.w3.org/2000/svg"><path d="M19 13h-6v6h-2v-6H5v-2h6V5h2v6h6v2z"></path></svg><span class="css-idkz9h">Add L'Extra Camembert Cheese to cart</span></button></div></div></div></div></div></div><div class="css-0"><div class="css-f5i5wc"><div class="chakra-linkbox css-vhnn8v"><div data-testid="product-image" class="css-16dr4ly"><img alt="President's Choice Medium Cheddar Portions 126 g, $4.36/100g" src="https://assets.shop.loblaws.ca/products/20571485/b3/en/front/20571485_front_a06_@2.png" srcset="https://assets.shop.loblaws.ca/products/20571485/b3/en/front/20571485_front_a06_@2.png 1x, https://assets.shop.loblaws.ca/products/20571485/b3/en/front/20571485_front_a06_@2.png 2x" loading="lazy" class="chakra-image css-oguq8l" aria-hidden="true"></div><div class="css-qoklea"><div class="css-12dchmx"></div><div data-testid="price-product-tile" class="css-8atqhb"><p class="chakra-text css-0"><span class="chakra-text css-pwnbcb" data-testid="regular-price"><span class="css-idkz9h">$5.49</span>$5.49</span></p></div><a href="/medium-cheddar-portions/p/20571485_EA?source=nspt" class="chakra-linkbox__overlay css-1hnz6hu"><div class="css-0"><p class="chakra-text css-1ecdp9w" data-testid="product-brand">President's Choice</p><h3 class="chakra-heading css-6qrhwc" id="20571485_EA" data-testid="product-title">Medium Cheddar Portions</h3><p class="chakra-text css-1yftjin" data-testid="product-package-size">126 g, $4.36/100g</p></div></a><div class="css-8keand"></div></div><div class="css-1q5omjq"><div class="css-fcebb8"><div data-testid="atc-compact" class="css-y94ivq" style="width: 45px;"><button type="button" class="chakra-button css-mudsm6" data-testid="atc-button"><svg stroke="currentColor" fill="currentColor" stroke-width="0" viewBox="0 0 24 24" focusable="false" class="chakra-icon css-1g3sp7a" data-testid="btn-icon" aria-hidden="true" height="1em" width="1em" xmlns="http://www.w3.org/2000/svg"><path d="M19 13h-6v6h-2v-6H5v-2h6V5h2v6h6v2z"></path></svg><span class="css-idkz9h">Add Medium Cheddar Portions to cart</span></button></div></div></div></div></div></div><div class="css-0"><div class="css-f5i5wc"><div class="chakra-linkbox css-vhnn8v"><div data-testid="product-image" class="css-16dr4ly"><img alt="Tre Stelle Pizza Mozzarella Cheese Deluxe Mozzarella 25 % M.F., Lactose Free 340 g, $2.50/100g" src="https://assets.shop.loblaws.ca/products/21364678/b3/en/front/21364678_front_a06_@2.png" srcset="https://assets.shop.loblaws.ca/products/21364678/b3/en/front/21364678_front_a06_@2.png 1x, https://assets.shop.loblaws.ca/products/21364678/b3/en/front/21364678_front_a06_@2.png 2x" loading="lazy" class="chakra-image css-oguq8l" aria-hidden="true"></div><div class="css-qoklea"><div class="css-12dchmx"></div><div data-testid="price-product-tile" class="css-8atqhb"><p class="chakra-text css-0"><span class="chakra-text css-pwnbcb" data-testid="regular-price"><span class="css-idkz9h">$8.49</span>$8.49</span></p></div><a href="/pizza-mozzarella-cheese-deluxe-mozzarella-25-m-f-l/p/21364678_EA?source=nspt" class="chakra-linkbox__overlay css-1hnz6hu"><div class="css-0"><p class="chakra-text css-1ecdp9w" data-testid="product-brand">Tre Stelle</p><h3 class="chakra-heading css-6qrhwc" id="21364678_EA" data-testid="product-title">Pizza Mozzarella Cheese Deluxe Mozzarella 25 % M.F., Lactose Free</h3><p class="chakra-text css-1yftjin" data-testid="product-package-size">340 g, $2.50/100g</p></div></a><div class="css-8keand"></div></div><div class="css-1q5omjq"><div class="css-fcebb8"><div data-testid="atc-compact" class="css-y94ivq" style="width: 45px;"><button type="button" class="chakra-button css-mudsm6" data-testid="atc-button"><svg stroke="currentColor" fill="currentColor" stroke-width="0" viewBox="0 0 24 24" focusable="false" class="chakra-icon css-1g3sp7a" data-testid="btn-icon" aria-hidden="true" height="1em" width="1em" xmlns="http://www.w3.org/2000/svg"><path d="M19 13h-6v6h-2v-6H5v-2h6V5h2v6h6v2z"></path></svg><span class="css-idkz9h">Add Pizza Mozzarella Cheese Deluxe Mozzarella 25 % M.F., Lactose Free to cart</span></button></div></div></div></div></div></div><div class="css-0"><div class="css-f5i5wc"><div class="chakra-linkbox css-vhnn8v"><div data-testid="product-image" class="css-16dr4ly"><img alt="Saputo Ricotta 1 kg, $1.45/100g" src="https://assets.shop.loblaws.ca/products/20136427/b3/en/front/20136427_front_a06_@2.png" srcset="https://assets.shop.loblaws.ca/products/20136427/b3/en/front/20136427_front_a06_@2.png 1x, https://assets.shop.loblaws.ca/products/20136427/b3/en/front/20136427_front_a06_@2.png 2x" loading="lazy" class="chakra-image css-oguq8l" aria-hidden="true"></div><div class="css-qoklea"><div class="css-12dchmx"></div><div data-testid="price-product-tile" class="css-8atqhb"><p class="chakra-text css-0"><span class="chakra-text css-pwnbcb" data-testid="regular-price"><span class="css-idkz9h">$14.49</span>$14.49</span></p></div><a href="/ricotta/p/20136427_EA?source=nspt" class="chakra-linkbox__overlay css-1hnz6hu"><div class="css-0"><p class="chakra-text css-1ecdp9w" data-testid="product-brand">Saputo</p><h3 class="chakra-heading css-6qrhwc" id="20136427_EA" data-testid="product-title">Ricotta</h3><p class="chakra-text css-1yftjin" data-testid="product-package-size">1 kg, $1.45/100g</p></div></a><div class="css-8keand"></div></div><div class="css-1q5omjq"><div class="css-fcebb8"><div data-testid="atc-compact" class="css-y94ivq" style="width: 45px;"><button type="button" class="chakra-button css-mudsm6" data-testid="atc-button"><svg stroke="currentColor" fill="currentColor" stroke-width="0" viewBox="0 0 24 24" focusable="false" class="chakra-icon css-1g3sp7a" data-testid="btn-icon" aria-hidden="true" height="1em" width="1em" xmlns="http://www.w3.org/2000/svg"><path d="M19 13h-6v6h-2v-6H5v-2h6V5h2v6h6v2z"></path></svg><span class="css-idkz9h">Add Ricotta to cart</span></button></div></div></div></div></div></div><div class="css-0"><div class="css-f5i5wc"><div class="chakra-linkbox css-vhnn8v"><div data-testid="product-image" class="css-16dr4ly"><img alt="PC Black Label Isle Of Man Extra Old Cheddar Cheese Aged 14 Months 250 g, $3.60/100g" src="https://assets.shop.loblaws.ca/products/20817395/b3/en/front/20817395_front_a06_@2.png" srcset="https://assets.shop.loblaws.ca/products/20817395/b3/en/front/20817395_front_a06_@2.png 1x, https://assets.shop.loblaws.ca/products/20817395/b3/en/front/20817395_front_a06_@2.png 2x" loading="lazy" class="chakra-image css-oguq8l" aria-hidden="true"></div><div class="css-qoklea"><div class="css-12dchmx"></div><div data-testid="price-product-tile" class="css-8atqhb"><p class="chakra-text css-0"><span class="chakra-text css-pwnbcb" data-testid="regular-price"><span class="css-idkz9h">$8.99</span>$8.99</span></p></div><a href="/isle-of-man-extra-old-cheddar-cheese-aged-14-month/p/20817395_EA?source=nspt" class="chakra-linkbox__overlay css-1hnz6hu"><div class="css-0"><p class="chakra-text css-1ecdp9w" data-testid="product-brand">PC Black Label</p><h3 class="chakra-heading css-6qrhwc" id="20817395_EA" data-testid="product-title">Isle Of Man Extra Old Cheddar Cheese Aged 14 Months</h3><p class="chakra-text css-1yftjin" data-testid="product-package-size">250 g, $3.60/100g</p></div></a><div class="css-8keand"></div></div><div class="css-1q5omjq"><div class="css-fcebb8"><div data-testid="atc-compact" class="css-y94ivq" style="width: 45px;"><button type="button" class="chakra-button css-mudsm6" data-testid="atc-button"><svg stroke="currentColor" fill="currentColor" stroke-width="0" viewBox="0 0 24 24" focusable="false" class="chakra-icon css-1g3sp7a" data-testid="btn-icon" aria-hidden="true" height="1em" width="1em" xmlns="http://www.w3.org/2000/svg"><path d="M19 13h-6v6h-2v-6H5v-2h6V5h2v6h6v2z"></path></svg><span class="css-idkz9h">Add Isle Of Man Extra Old Cheddar Cheese Aged 14 Months to cart</span></button></div></div></div></div></div></div><div class="css-0"><div class="css-f5i5wc"><div class="chakra-linkbox css-vhnn8v"><div data-testid="product-image" class="css-16dr4ly"><img alt="President's Choice Camembert Cheese 170 g, $3.82/100g" src="https://assets.shop.loblaws.ca/products/20784364/b3/en/front/20784364_front_a06_@2.png" srcset="https://assets.shop.loblaws.ca/products/20784364/b3/en/front/20784364_front_a06_@2.png 1x, https://assets.shop.loblaws.ca/products/20784364/b3/en/front/20784364_front_a06_@2.png 2x" loading="lazy" class="chakra-image css-oguq8l" aria-hidden="true"></div><div class="css-qoklea"><div class="css-12dchmx"></div><div data-testid="price-product-tile" class="css-8atqhb"><p class="chakra-text css-0"><span class="chakra-text css-pwnbcb" data-testid="regular-price"><span class="css-idkz9h">$6.49</span>$6.49</span></p></div><a href="/camembert-cheese/p/20784364_EA?source=nspt" class="chakra-linkbox__overlay css-1hnz6hu"><div class="css-0"><p class="chakra-text css-1ecdp9w" data-testid="product-brand">President's Choice</p><h3 class="chakra-heading css-6qrhwc" id="20784364_EA" data-testid="product-title">Camembert Cheese</h3><p class="chakra-text css-1yftjin" data-testid="product-package-size">170 g, $3.82/100g</p></div></a><div class="css-8keand"></div></div><div class="css-1q5omjq"><div class="css-fcebb8"><div data-testid="atc-compact" class="css-y94ivq" style="width: 45px;"><button type="button" class="chakra-button css-mudsm6" data-testid="atc-button"><svg stroke="currentColor" fill="currentColor" stroke-width="0" viewBox="0 0 24 24" focusable="false" class="chakra-icon css-1g3sp7a" data-testid="btn-icon" aria-hidden="true" height="1em" width="1em" xmlns="http://www.w3.org/2000/svg"><path d="M19 13h-6v6h-2v-6H5v-2h6V5h2v6h6v2z"></path></svg><span class="css-idkz9h">Add Camembert Cheese to cart</span></button></div></div></div></div></div></div><div class="css-0"><div class="css-f5i5wc"><div class="chakra-linkbox css-vhnn8v"><div data-testid="product-image" class="css-16dr4ly"><img alt="PC Black Label Red Fox Red Leicester Hard Ripened Cheese Aged 18 Months 250 g, $3.60/100g" src="https://assets.shop.loblaws.ca/products/20816874/b3/en/front/20816874_front_a06_@2.png" srcset="https://assets.shop.loblaws.ca/products/20816874/b3/en/front/20816874_front_a06_@2.png 1x, https://assets.shop.loblaws.ca/products/20816874/b3/en/front/20816874_front_a06_@2.png 2x" loading="lazy" class="chakra-image css-oguq8l" aria-hidden="true"></div><div class="css-qoklea"><div class="css-12dchmx"></div><div data-testid="price-product-tile" class="css-8atqhb"><p class="chakra-text css-0"><span class="chakra-text css-pwnbcb" data-testid="regular-price"><span class="css-idkz9h">$8.99</span>$8.99</span></p></div><a href="/red-fox-red-leicester-hard-ripened-cheese-aged-18/p/20816874_EA?source=nspt" class="chakra-linkbox__overlay css-1hnz6hu"><div class="css-0"><p class="chakra-text css-1ecdp9w" data-testid="product-brand">PC Black Label</p><h3 class="chakra-heading css-6qrhwc" id="20816874_EA" data-testid="product-title">Red Fox Red Leicester Hard Ripened Cheese Aged 18 Months</h3><p class="chakra-text css-1yftjin" data-testid="product-package-size">250 g, $3.60/100g</p></div></a><div class="css-8keand"></div></div><div class="css-1q5omjq"><div class="css-fcebb8"><div data-testid="atc-compact" class="css-y94ivq" style="width: 45px;"><button type="button" class="chakra-button css-mudsm6" data-testid="atc-button"><svg stroke="currentColor" fill="currentColor" stroke-width="0" viewBox="0 0 24 24" focusable="false" class="chakra-icon css-1g3sp7a" data-testid="btn-icon" aria-hidden="true" height="1em" width="1em" xmlns="http://www.w3.org/2000/svg"><path d="M19 13h-6v6h-2v-6H5v-2h6V5h2v6h6v2z"></path></svg><span class="css-idkz9h">Add Red Fox Red Leicester Hard Ripened Cheese Aged 18 Months to cart</span></button></div></div></div></div></div></div><div class="css-0"><div class="css-f5i5wc"><div class="chakra-linkbox css-vhnn8v"><div data-testid="product-image" class="css-16dr4ly"><img alt="Bergeron Classique Ripened Firm Cheese 28% M.F. 125 g, $4.79/100g" src="https://assets.shop.loblaws.ca/products/21562889/b3/en/front/21562889_front_a06_@2.png" srcset="https://assets.shop.loblaws.ca/products/21562889/b3/en/front/21562889_front_a06_@2.png 1x, https://assets.shop.loblaws.ca/products/21562889/b3/en/front/21562889_front_a06_@2.png 2x" loading="lazy" class="chakra-image css-oguq8l" aria-hidden="true"></div><div class="css-qoklea"><div class="css-12dchmx"></div><div data-testid="price-product-tile" class="css-8atqhb"><p class="chakra-text css-0"><span class="chakra-text css-pwnbcb" data-testid="regular-price"><span class="css-idkz9h">$5.99</span>$5.99</span></p></div><a href="/classique-ripened-firm-cheese-28-m-f/p/21562889_EA?source=nspt" class="chakra-linkbox__overlay css-1hnz6hu"><div class="css-0"><p class="chakra-text css-1ecdp9w" data-testid="product-brand">Bergeron</p><h3 class="chakra-heading css-6qrhwc" id="21562889_EA" data-testid="product-title">Classique Ripened Firm Cheese 28% M.F.</h3><p class="chakra-text css-1yftjin" data-testid="product-package-size">125 g, $4.79/100g</p></div></a><div class="css-8keand"></div></div><div class="css-1q5omjq"><div class="css-fcebb8"><div data-testid="atc-compact" class="css-y94ivq" style="width: 45px;"><button type="button" class="chakra-button css-mudsm6" data-testid="atc-button"><svg stroke="currentColor" fill="currentColor" stroke-width="0" viewBox="0 0 24 24" focusable="false" class="chakra-icon css-1g3sp7a" data-testid="btn-icon" aria-hidden="true" height="1em" width="1em" xmlns="http://www.w3.org/2000/svg"><path d="M19 13h-6v6h-2v-6H5v-2h6V5h2v6h6v2z"></path></svg><span class="css-idkz9h">Add Classique Ripened Firm Cheese 28% M.F. to cart</span></button></div></div></div></div></div></div><div class="css-0"><div class="css-f5i5wc"><div class="chakra-linkbox css-vhnn8v"><div data-testid="product-image" class="css-16dr4ly"><img alt="Castello Havarti Garden Veg. FW 200 g, $3.65/100g" src="https://assets.shop.loblaws.ca/products/20574968/b3/en/front/20574968_front_a06_@2.png" srcset="https://assets.shop.loblaws.ca/products/20574968/b3/en/front/20574968_front_a06_@2.png 1x, https://assets.shop.loblaws.ca/products/20574968/b3/en/front/20574968_front_a06_@2.png 2x" loading="lazy" class="chakra-image css-oguq8l" aria-hidden="true"></div><div class="css-qoklea"><div class="css-12dchmx"></div><div data-testid="price-product-tile" class="css-8atqhb"><p class="chakra-text css-0"><span class="chakra-text css-pwnbcb" data-testid="regular-price"><span class="css-idkz9h">$7.29</span>$7.29</span></p></div><a href="/havarti-garden-veg-fw/p/20574968_EA?source=nspt" class="chakra-linkbox__overlay css-1hnz6hu"><div class="css-0"><p class="chakra-text css-1ecdp9w" data-testid="product-brand">Castello</p><h3 class="chakra-heading css-6qrhwc" id="20574968_EA" data-testid="product-title">Havarti Garden Veg. FW</h3><p class="chakra-text css-1yftjin" data-testid="product-package-size">200 g, $3.65/100g</p></div></a><div class="css-8keand"></div></div><div class="css-1q5omjq"><div class="css-fcebb8"><div data-testid="atc-compact" class="css-y94ivq" style="width: 45px;"><button type="button" class="chakra-button css-mudsm6" data-testid="atc-button"><svg stroke="currentColor" fill="currentColor" stroke-width="0" viewBox="0 0 24 24" focusable="false" class="chakra-icon css-1g3sp7a" data-testid="btn-icon" aria-hidden="true" height="1em" width="1em" xmlns="http://www.w3.org/2000/svg"><path d="M19 13h-6v6h-2v-6H5v-2h6V5h2v6h6v2z"></path></svg><span class="css-idkz9h">Add Havarti Garden Veg. FW to cart</span></button></div></div></div></div></div></div><div class="css-0"><div class="css-f5i5wc"><div class="chakra-linkbox css-vhnn8v"><div data-testid="product-image" class="css-16dr4ly"><img alt="Castello Extra Creamy Blue Cheese Wedge 125 g, $5.19/100g" src="https://assets.shop.loblaws.ca/products/20426302/b3/en/front/20426302_front_a06_@2.png" srcset="https://assets.shop.loblaws.ca/products/20426302/b3/en/front/20426302_front_a06_@2.png 1x, https://assets.shop.loblaws.ca/products/20426302/b3/en/front/20426302_front_a06_@2.png 2x" loading="lazy" class="chakra-image css-oguq8l" aria-hidden="true"></div><div class="css-qoklea"><div class="css-12dchmx"></div><div data-testid="price-product-tile" class="css-8atqhb"><p class="chakra-text css-0"><span class="chakra-text css-pwnbcb" data-testid="regular-price"><span class="css-idkz9h">$6.49</span>$6.49</span></p></div><a href="/extra-creamy-blue-cheese-wedge/p/20426302_EA?source=nspt" class="chakra-linkbox__overlay css-1hnz6hu"><div class="css-0"><p class="chakra-text css-1ecdp9w" data-testid="product-brand">Castello</p><h3 class="chakra-heading css-6qrhwc" id="20426302_EA" data-testid="product-title">Extra Creamy Blue Cheese Wedge</h3><p class="chakra-text css-1yftjin" data-testid="product-package-size">125 g, $5.19/100g</p></div></a><div class="css-8keand"></div></div><div class="css-1q5omjq"><div class="css-fcebb8"><div data-testid="atc-compact" class="css-y94ivq" style="width: 45px;"><button type="button" class="chakra-button css-mudsm6" data-testid="atc-button"><svg stroke="currentColor" fill="currentColor" stroke-width="0" viewBox="0 0 24 24" focusable="false" class="chakra-icon css-1g3sp7a" data-testid="btn-icon" aria-hidden="true" height="1em" width="1em" xmlns="http://www.w3.org/2000/svg"><path d="M19 13h-6v6h-2v-6H5v-2h6V5h2v6h6v2z"></path></svg><span class="css-idkz9h">Add Extra Creamy Blue Cheese Wedge to cart</span></button></div></div></div></div></div></div><div class="css-0"><div class="css-f5i5wc"><div class="chakra-linkbox css-vhnn8v"><div data-testid="product-image" class="css-16dr4ly"><img alt="PC Black Label Hard Ripened Cheese 200 g, $4.75/100g" src="https://assets.shop.loblaws.ca/products/20911468/b3/en/front/20911468_front_a06_@2.png" srcset="https://assets.shop.loblaws.ca/products/20911468/b3/en/front/20911468_front_a06_@2.png 1x, https://assets.shop.loblaws.ca/products/20911468/b3/en/front/20911468_front_a06_@2.png 2x" loading="lazy" class="chakra-image css-oguq8l" aria-hidden="true"></div><div class="css-qoklea"><div class="css-12dchmx"></div><div data-testid="price-product-tile" class="css-8atqhb"><p class="chakra-text css-0"><span class="chakra-text css-pwnbcb" data-testid="regular-price"><span class="css-idkz9h">$9.49</span>$9.49</span></p></div><a href="/hard-ripened-cheese/p/20911468_EA?source=nspt" class="chakra-linkbox__overlay css-1hnz6hu"><div class="css-0"><p class="chakra-text css-1ecdp9w" data-testid="product-brand">PC Black Label</p><h3 class="chakra-heading css-6qrhwc" id="20911468_EA" data-testid="product-title">Hard Ripened Cheese</h3><p class="chakra-text css-1yftjin" data-testid="product-package-size">200 g, $4.75/100g</p></div></a><div class="css-8keand"></div></div><div class="css-1q5omjq"><div class="css-fcebb8"><div data-testid="atc-compact" class="css-y94ivq" style="width: 45px;"><button disabled="" type="button" class="chakra-button css-mudsm6" data-testid="atc-button"><svg stroke="currentColor" fill="currentColor" stroke-width="0" viewBox="0 0 24 24" focusable="false" class="chakra-icon css-1g3sp7a" data-testid="btn-icon" aria-hidden="true" height="1em" width="1em" xmlns="http://www.w3.org/2000/svg"><path d="M19 13h-6v6h-2v-6H5v-2h6V5h2v6h6v2z"></path></svg><span class="css-idkz9h">Add Hard Ripened Cheese to cart</span></button></div></div><div class="css-4saf4a"><p class="chakra-text css-py8788" data-testid="inventory-badge-text">Out of Stock</p></div></div></div></div></div><div class="css-0"><div class="css-f5i5wc"><div class="chakra-linkbox css-vhnn8v"><div data-testid="product-image" class="css-16dr4ly"><img alt="Tre Stelle Mascarpone 475 g, $2.95/100g" src="https://assets.shop.loblaws.ca/products/20130433/b3/en/front/20130433_front_a06_@2.png" srcset="https://assets.shop.loblaws.ca/products/20130433/b3/en/front/20130433_front_a06_@2.png 1x, https://assets.shop.loblaws.ca/products/20130433/b3/en/front/20130433_front_a06_@2.png 2x" loading="lazy" class="chakra-image css-oguq8l" aria-hidden="true"></div><div class="css-qoklea"><div class="css-12dchmx"></div><div data-testid="price-product-tile" class="css-8atqhb"><p class="chakra-text css-0"><span class="chakra-text css-pwnbcb" data-testid="regular-price"><span class="css-idkz9h">$13.99</span>$13.99</span></p></div><a href="/mascarpone/p/20130433_EA?source=nspt" class="chakra-linkbox__overlay css-1hnz6hu"><div class="css-0"><p class="chakra-text css-1ecdp9w" data-testid="product-brand">Tre Stelle</p><h3 class="chakra-heading css-6qrhwc" id="20130433_EA" data-testid="product-title">Mascarpone</h3><p class="chakra-text css-1yftjin" data-testid="product-package-size">475 g, $2.95/100g</p></div></a><div class="css-8keand"></div></div><div class="css-1q5omjq"><div class="css-fcebb8"><div data-testid="atc-compact" class="css-y94ivq" style="width: 45px;"><button type="button" class="chakra-button css-mudsm6" data-testid="atc-button"><svg stroke="currentColor" fill="currentColor" stroke-width="0" viewBox="0 0 24 24" focusable="false" class="chakra-icon css-1g3sp7a" data-testid="btn-icon" aria-hidden="true" height="1em" width="1em" xmlns="http://www.w3.org/2000/svg"><path d="M19 13h-6v6h-2v-6H5v-2h6V5h2v6h6v2z"></path></svg><span class="css-idkz9h">Add Mascarpone to cart</span></button></div></div></div></div></div></div><div class="css-0"><div class="css-f5i5wc"><div class="chakra-linkbox css-vhnn8v"><div data-testid="product-image" class="css-16dr4ly"><img alt="President's Choice Goat Brie Goat’s Milk Brie Cheese 165 g, $3.81/100g" src="https://assets.shop.loblaws.ca/products/20251597/b3/en/front/20251597_front_a06_@2.png" srcset="https://assets.shop.loblaws.ca/products/20251597/b3/en/front/20251597_front_a06_@2.png 1x, https://assets.shop.loblaws.ca/products/20251597/b3/en/front/20251597_front_a06_@2.png 2x" loading="lazy" class="chakra-image css-oguq8l" aria-hidden="true"></div><div class="css-qoklea"><div class="css-12dchmx"></div><div data-testid="price-product-tile" class="css-8atqhb"><p class="chakra-text css-0"><span class="chakra-text css-pwnbcb" data-testid="regular-price"><span class="css-idkz9h">$6.29</span>$6.29</span></p></div><a href="/goat-brie-goat-s-milk-brie-cheese/p/20251597_EA?source=nspt" class="chakra-linkbox__overlay css-1hnz6hu"><div class="css-0"><p class="chakra-text css-1ecdp9w" data-testid="product-brand">President's Choice</p><h3 class="chakra-heading css-6qrhwc" id="20251597_EA" data-testid="product-title">Goat Brie Goat’s Milk Brie Cheese</h3><p class="chakra-text css-1yftjin" data-testid="product-package-size">165 g, $3.81/100g</p></div></a><div class="css-8keand"></div></div><div class="css-1q5omjq"><div class="css-fcebb8"><div data-testid="atc-compact" class="css-y94ivq" style="width: 45px;"><button type="button" class="chakra-button css-mudsm6" data-testid="atc-button"><svg stroke="currentColor" fill="currentColor" stroke-width="0" viewBox="0 0 24 24" focusable="false" class="chakra-icon css-1g3sp7a" data-testid="btn-icon" aria-hidden="true" height="1em" width="1em" xmlns="http://www.w3.org/2000/svg"><path d="M19 13h-6v6h-2v-6H5v-2h6V5h2v6h6v2z"></path></svg><span class="css-idkz9h">Add Goat Brie Goat’s Milk Brie Cheese to cart</span></button></div></div></div></div></div></div><div class="css-0"><div class="css-f5i5wc"><div class="chakra-linkbox css-vhnn8v"><div data-testid="product-image" class="css-16dr4ly"><img alt="President's Choice Goat’S Milk Chèvre Crumbled Soft Unripened Cheese 165 g, $4.72/100g" src="https://assets.shop.loblaws.ca/products/20897342/b3/en/front/20897342_front_a06_@2.png" srcset="https://assets.shop.loblaws.ca/products/20897342/b3/en/front/20897342_front_a06_@2.png 1x, https://assets.shop.loblaws.ca/products/20897342/b3/en/front/20897342_front_a06_@2.png 2x" loading="lazy" class="chakra-image css-oguq8l" aria-hidden="true"></div><div class="css-qoklea"><div class="css-12dchmx"></div><div data-testid="price-product-tile" class="css-8atqhb"><p class="chakra-text css-0"><span class="chakra-text css-pwnbcb" data-testid="regular-price"><span class="css-idkz9h">$7.79</span>$7.79</span></p></div><a href="/goat-s-milk-ch-vre-crumbled-soft-unripened-cheese/p/20897342_EA?source=nspt" class="chakra-linkbox__overlay css-1hnz6hu"><div class="css-0"><p class="chakra-text css-1ecdp9w" data-testid="product-brand">President's Choice</p><h3 class="chakra-heading css-6qrhwc" id="20897342_EA" data-testid="product-title">Goat’S Milk Chèvre Crumbled Soft Unripened Cheese</h3><p class="chakra-text css-1yftjin" data-testid="product-package-size">165 g, $4.72/100g</p></div></a><div class="css-8keand"></div></div><div class="css-1q5omjq"><div class="css-fcebb8"><div data-testid="atc-compact" class="css-y94ivq" style="width: 45px;"><button type="button" class="chakra-button css-mudsm6" data-testid="atc-button"><svg stroke="currentColor" fill="currentColor" stroke-width="0" viewBox="0 0 24 24" focusable="false" class="chakra-icon css-1g3sp7a" data-testid="btn-icon" aria-hidden="true" height="1em" width="1em" xmlns="http://www.w3.org/2000/svg"><path d="M19 13h-6v6h-2v-6H5v-2h6V5h2v6h6v2z"></path></svg><span class="css-idkz9h">Add Goat’S Milk Chèvre Crumbled Soft Unripened Cheese to cart</span></button></div></div></div></div></div></div><div class="css-0"><div class="css-f5i5wc"><div class="chakra-linkbox css-vhnn8v"><div data-testid="product-image" class="css-16dr4ly"><img alt="PC Splendido Parmigiano Reggiano, Large 800 g, $3.00/100g" src="https://assets.shop.loblaws.ca/products/21053436/b3/en/front/21053436_front_a06_@2.png" srcset="https://assets.shop.loblaws.ca/products/21053436/b3/en/front/21053436_front_a06_@2.png 1x, https://assets.shop.loblaws.ca/products/21053436/b3/en/front/21053436_front_a06_@2.png 2x" loading="lazy" class="chakra-image css-oguq8l" aria-hidden="true"></div><div class="css-qoklea"><div class="css-12dchmx"></div><div data-testid="price-product-tile" class="css-8atqhb"><p class="chakra-text css-0"><span class="chakra-text css-pwnbcb" data-testid="regular-price"><span class="css-idkz9h">$24.00</span>$24.00</span></p></div><a href="/parmigiano-reggiano-large/p/21053436_EA?source=nspt" class="chakra-linkbox__overlay css-1hnz6hu"><div class="css-0"><p class="chakra-text css-1ecdp9w" data-testid="product-brand">PC Splendido</p><h3 class="chakra-heading css-6qrhwc" id="21053436_EA" data-testid="product-title">Parmigiano Reggiano, Large</h3><p class="chakra-text css-1yftjin" data-testid="product-package-size">800 g, $3.00/100g</p></div></a><div class="css-8keand"></div></div><div class="css-1q5omjq"><div class="css-fcebb8"><div data-testid="atc-compact" class="css-y94ivq" style="width: 45px;"><button type="button" class="chakra-button css-mudsm6" data-testid="atc-button"><svg stroke="currentColor" fill="currentColor" stroke-width="0" viewBox="0 0 24 24" focusable="false" class="chakra-icon css-1g3sp7a" data-testid="btn-icon" aria-hidden="true" height="1em" width="1em" xmlns="http://www.w3.org/2000/svg"><path d="M19 13h-6v6h-2v-6H5v-2h6V5h2v6h6v2z"></path></svg><span class="css-idkz9h">Add Parmigiano Reggiano, Large to cart</span></button></div></div></div></div></div></div><div class="css-0"><div class="css-f5i5wc"><div class="chakra-linkbox css-vhnn8v"><div data-testid="product-image" class="css-16dr4ly"><img alt="Castello Fresh Soft Cheese Cream Cheese Product With Ginger, Chili And Coconut 30% M.F. 125 g, $4.79/100g" src="https://assets.shop.loblaws.ca/products/21517592/b3/en/front/21517592_front_a06_@2.png" srcset="https://assets.shop.loblaws.ca/products/21517592/b3/en/front/21517592_front_a06_@2.png 1x, https://assets.shop.loblaws.ca/products/21517592/b3/en/front/21517592_front_a06_@2.png 2x" loading="lazy" class="chakra-image css-oguq8l" aria-hidden="true"></div><div class="css-qoklea"><div class="css-12dchmx"></div><div data-testid="price-product-tile" class="css-8atqhb"><p class="chakra-text css-0"><span class="chakra-text css-pwnbcb" data-testid="regular-price"><span class="css-idkz9h">$5.99</span>$5.99</span></p></div><a href="/fresh-soft-cheese-cream-cheese-product-with-ginger/p/21517592_EA?source=nspt" class="chakra-linkbox__overlay css-1hnz6hu"><div class="css-0"><p class="chakra-text css-1ecdp9w" data-testid="product-brand">Castello</p><h3 class="chakra-heading css-6qrhwc" id="21517592_EA" data-testid="product-title">Fresh Soft Cheese Cream Cheese Product With Ginger, Chili And Coconut 30% M.F.</h3><p class="chakra-text css-1yftjin" data-testid="product-package-size">125 g, $4.79/100g</p></div></a><div class="css-8keand"></div></div><div class="css-1q5omjq"><div class="css-fcebb8"><div data-testid="atc-compact" class="css-y94ivq" style="width: 45px;"><button disabled="" type="button" class="chakra-button css-mudsm6" data-testid="atc-button"><svg stroke="currentColor" fill="currentColor" stroke-width="0" viewBox="0 0 24 24" focusable="false" class="chakra-icon css-1g3sp7a" data-testid="btn-icon" aria-hidden="true" height="1em" width="1em" xmlns="http://www.w3.org/2000/svg"><path d="M19 13h-6v6h-2v-6H5v-2h6V5h2v6h6v2z"></path></svg><span class="css-idkz9h">Add Fresh Soft Cheese Cream Cheese Product With Ginger, Chili And Coconut 30% M.F. to cart</span></button></div></div><div class="css-4saf4a"><p class="chakra-text css-py8788" data-testid="inventory-badge-text">Out of Stock</p></div></div></div></div></div><div class="css-0"><div class="css-f5i5wc"><div class="chakra-linkbox css-vhnn8v"><div data-testid="product-image" class="css-16dr4ly"><img alt="Boursin Pepper 150 g, $4.66/100g" src="https://assets.shop.loblaws.ca/products/20591215/b3/en/front/20591215_front_a06_@2.png" srcset="https://assets.shop.loblaws.ca/products/20591215/b3/en/front/20591215_front_a06_@2.png 1x, https://assets.shop.loblaws.ca/products/20591215/b3/en/front/20591215_front_a06_@2.png 2x" loading="lazy" class="chakra-image css-oguq8l" aria-hidden="true"></div><div class="css-qoklea"><div class="css-12dchmx"></div><div data-testid="price-product-tile" class="css-8atqhb"><p class="chakra-text css-0"><span class="chakra-text css-pwnbcb" data-testid="regular-price"><span class="css-idkz9h">$6.99</span>$6.99</span></p></div><a href="/pepper/p/20591215_EA?source=nspt" class="chakra-linkbox__overlay css-1hnz6hu"><div class="css-0"><p class="chakra-text css-1ecdp9w" data-testid="product-brand">Boursin</p><h3 class="chakra-heading css-6qrhwc" id="20591215_EA" data-testid="product-title">Pepper</h3><p class="chakra-text css-1yftjin" data-testid="product-package-size">150 g, $4.66/100g</p></div></a><div class="css-8keand"></div></div><div class="css-1q5omjq"><div class="css-fcebb8"><div data-testid="atc-compact" class="css-y94ivq" style="width: 45px;"><button type="button" class="chakra-button css-mudsm6" data-testid="atc-button"><svg stroke="currentColor" fill="currentColor" stroke-width="0" viewBox="0 0 24 24" focusable="false" class="chakra-icon css-1g3sp7a" data-testid="btn-icon" aria-hidden="true" height="1em" width="1em" xmlns="http://www.w3.org/2000/svg"><path d="M19 13h-6v6h-2v-6H5v-2h6V5h2v6h6v2z"></path></svg><span class="css-idkz9h">Add Pepper to cart</span></button></div></div></div></div></div></div><div class="css-0"><div class="css-f5i5wc"><div class="chakra-linkbox css-vhnn8v"><div data-testid="product-image" class="css-16dr4ly"><img alt="President's Choice Herbed Soft Unripened Goat’s Milk Cheese  300 g, $3.16/100g" src="https://assets.shop.loblaws.ca/products/20569737/b3/en/front/20569737_front_a06_@2.png" srcset="https://assets.shop.loblaws.ca/products/20569737/b3/en/front/20569737_front_a06_@2.png 1x, https://assets.shop.loblaws.ca/products/20569737/b3/en/front/20569737_front_a06_@2.png 2x" loading="lazy" class="chakra-image css-oguq8l" aria-hidden="true"></div><div class="css-qoklea"><div class="css-12dchmx"></div><div data-testid="price-product-tile" class="css-8atqhb"><p class="chakra-text css-0"><span class="chakra-text css-pwnbcb" data-testid="regular-price"><span class="css-idkz9h">$9.49</span>$9.49</span></p></div><a href="/herbed-soft-unripened-goat-s-milk-cheese/p/20569737_EA?source=nspt" class="chakra-linkbox__overlay css-1hnz6hu"><div class="css-0"><p class="chakra-text css-1ecdp9w" data-testid="product-brand">President's Choice</p><h3 class="chakra-heading css-6qrhwc" id="20569737_EA" data-testid="product-title">Herbed Soft Unripened Goat’s Milk Cheese </h3><p class="chakra-text css-1yftjin" data-testid="product-package-size">300 g, $3.16/100g</p></div></a><div class="css-8keand"></div></div><div class="css-1q5omjq"><div class="css-fcebb8"><div data-testid="atc-compact" class="css-y94ivq" style="width: 45px;"><button type="button" class="chakra-button css-mudsm6" data-testid="atc-button"><svg stroke="currentColor" fill="currentColor" stroke-width="0" viewBox="0 0 24 24" focusable="false" class="chakra-icon css-1g3sp7a" data-testid="btn-icon" aria-hidden="true" height="1em" width="1em" xmlns="http://www.w3.org/2000/svg"><path d="M19 13h-6v6h-2v-6H5v-2h6V5h2v6h6v2z"></path></svg><span class="css-idkz9h">Add Herbed Soft Unripened Goat’s Milk Cheese  to cart</span></button></div></div></div></div></div></div><div class="css-0"><div class="css-f5i5wc"><div class="chakra-linkbox css-vhnn8v"><div data-testid="product-image" class="css-16dr4ly"><img alt="Tre Stelle Bocconcini, Medallions 200 g, $3.90/100g" src="https://assets.shop.loblaws.ca/products/20599511/b3/en/front/20599511_front_a06_@2.png" srcset="https://assets.shop.loblaws.ca/products/20599511/b3/en/front/20599511_front_a06_@2.png 1x, https://assets.shop.loblaws.ca/products/20599511/b3/en/front/20599511_front_a06_@2.png 2x" loading="lazy" class="chakra-image css-oguq8l" aria-hidden="true"></div><div class="css-qoklea"><div class="css-12dchmx"></div><div data-testid="price-product-tile" class="css-8atqhb"><p class="chakra-text css-0"><span class="chakra-text css-pwnbcb" data-testid="regular-price"><span class="css-idkz9h">$7.79</span>$7.79</span></p></div><a href="/bocconcini-medallions/p/20599511_EA?source=nspt" class="chakra-linkbox__overlay css-1hnz6hu"><div class="css-0"><p class="chakra-text css-1ecdp9w" data-testid="product-brand">Tre Stelle</p><h3 class="chakra-heading css-6qrhwc" id="20599511_EA" data-testid="product-title">Bocconcini, Medallions</h3><p class="chakra-text css-1yftjin" data-testid="product-package-size">200 g, $3.90/100g</p></div></a><div class="css-8keand"></div></div><div class="css-1q5omjq"><div class="css-fcebb8"><div data-testid="atc-compact" class="css-y94ivq" style="width: 45px;"><button type="button" class="chakra-button css-mudsm6" data-testid="atc-button"><svg stroke="currentColor" fill="currentColor" stroke-width="0" viewBox="0 0 24 24" focusable="false" class="chakra-icon css-1g3sp7a" data-testid="btn-icon" aria-hidden="true" height="1em" width="1em" xmlns="http://www.w3.org/2000/svg"><path d="M19 13h-6v6h-2v-6H5v-2h6V5h2v6h6v2z"></path></svg><span class="css-idkz9h">Add Bocconcini, Medallions to cart</span></button></div></div></div></div></div></div><div class="css-0"><div class="css-f5i5wc"><div class="chakra-linkbox css-vhnn8v"><div data-testid="product-image" class="css-16dr4ly"><img alt="PC Blue Menu Sliced Light Swiss Cheese 150 g, $4.00/100g" src="https://assets.shop.loblaws.ca/products/20249889/b3/en/front/20249889_front_a06_@2.png" srcset="https://assets.shop.loblaws.ca/products/20249889/b3/en/front/20249889_front_a06_@2.png 1x, https://assets.shop.loblaws.ca/products/20249889/b3/en/front/20249889_front_a06_@2.png 2x" loading="lazy" class="chakra-image css-oguq8l" aria-hidden="true"></div><div class="css-qoklea"><div class="css-12dchmx"></div><div data-testid="price-product-tile" class="css-8atqhb"><p class="chakra-text css-0"><span class="chakra-text css-o93gbd" data-testid="sale-price"><span class="css-idkz9h">$6.00</span>$6.00</span><span class="chakra-text css-623q5h" data-testid="was-price"><span class="css-idkz9h">$6.99</span>$6.99</span></p><p class="chakra-text css-1m5a6y8" data-testid="price-descriptor">SAVE $0.99</p></div><a href="/sliced-light-swiss-cheese/p/20249889_EA?source=nspt" class="chakra-linkbox__overlay css-1hnz6hu"><div class="css-0"><p class="chakra-text css-1ecdp9w" data-testid="product-brand">PC Blue Menu</p><h3 class="chakra-heading css-6qrhwc" id="20249889_EA" data-testid="product-title">Sliced Light Swiss Cheese</h3><p class="chakra-text css-1yftjin" data-testid="product-package-size">150 g, $4.00/100g</p></div></a><div class="css-8keand"></div></div><div class="css-1q5omjq"><div class="css-fcebb8"><div data-testid="atc-compact" class="css-y94ivq" style="width: 45px;"><button type="button" class="chakra-button css-mudsm6" data-testid="atc-button"><svg stroke="currentColor" fill="currentColor" stroke-width="0" viewBox="0 0 24 24" focusable="false" class="chakra-icon css-1g3sp7a" data-testid="btn-icon" aria-hidden="true" height="1em" width="1em" xmlns="http://www.w3.org/2000/svg"><path d="M19 13h-6v6h-2v-6H5v-2h6V5h2v6h6v2z"></path></svg><span class="css-idkz9h">Add Sliced Light Swiss Cheese to cart</span></button></div></div></div></div></div></div><div class="css-0"><div class="css-f5i5wc"><div class="chakra-linkbox css-vhnn8v"><div data-testid="product-image" class="css-16dr4ly"><img alt="President's Choice Swiss Cheese 250 g, $2.80/100g" src="https://assets.shop.loblaws.ca/products/20770652/b3/en/front/20770652_front_a06_@2.png" srcset="https://assets.shop.loblaws.ca/products/20770652/b3/en/front/20770652_front_a06_@2.png 1x, https://assets.shop.loblaws.ca/products/20770652/b3/en/front/20770652_front_a06_@2.png 2x" loading="lazy" class="chakra-image css-oguq8l" aria-hidden="true"></div><div class="css-qoklea"><div class="css-12dchmx"></div><div data-testid="price-product-tile" class="css-8atqhb"><p class="chakra-text css-0"><span class="chakra-text css-o93gbd" data-testid="sale-price"><span class="css-idkz9h">$7.00</span>$7.00</span><span class="chakra-text css-623q5h" data-testid="was-price"><span class="css-idkz9h">$7.49</span>$7.49</span></p><p class="chakra-text css-1m5a6y8" data-testid="price-descriptor">SAVE $0.49</p></div><a href="/swiss-cheese/p/20770652_EA?source=nspt" class="chakra-linkbox__overlay css-1hnz6hu"><div class="css-0"><p class="chakra-text css-1ecdp9w" data-testid="product-brand">President's Choice</p><h3 class="chakra-heading css-6qrhwc" id="20770652_EA" data-testid="product-title">Swiss Cheese</h3><p class="chakra-text css-1yftjin" data-testid="product-package-size">250 g, $2.80/100g</p></div></a><div class="css-8keand"></div></div><div class="css-1q5omjq"><div class="css-fcebb8"><div data-testid="atc-compact" class="css-y94ivq" style="width: 45px;"><button type="button" class="chakra-button css-mudsm6" data-testid="atc-button"><svg stroke="currentColor" fill="currentColor" stroke-width="0" viewBox="0 0 24 24" focusable="false" class="chakra-icon css-1g3sp7a" data-testid="btn-icon" aria-hidden="true" height="1em" width="1em" xmlns="http://www.w3.org/2000/svg"><path d="M19 13h-6v6h-2v-6H5v-2h6V5h2v6h6v2z"></path></svg><span class="css-idkz9h">Add Swiss Cheese to cart</span></button></div></div></div></div></div></div><div class="css-0"><div class="css-f5i5wc"><div class="chakra-linkbox css-vhnn8v"><div data-testid="product-image" class="css-16dr4ly"><img alt="President's Choice Herb &amp; Spice Havarti, Sliced 160 g, $3.75/100g" src="https://assets.shop.loblaws.ca/products/20571483/b3/en/front/20571483_front_a06_@2.png" srcset="https://assets.shop.loblaws.ca/products/20571483/b3/en/front/20571483_front_a06_@2.png 1x, https://assets.shop.loblaws.ca/products/20571483/b3/en/front/20571483_front_a06_@2.png 2x" loading="lazy" class="chakra-image css-oguq8l" aria-hidden="true"></div><div class="css-qoklea"><div class="css-12dchmx"></div><div data-testid="price-product-tile" class="css-8atqhb"><p class="chakra-text css-0"><span class="chakra-text css-o93gbd" data-testid="sale-price"><span class="css-idkz9h">$6.00</span>$6.00</span><span class="chakra-text css-623q5h" data-testid="was-price"><span class="css-idkz9h">$6.99</span>$6.99</span></p><p class="chakra-text css-1m5a6y8" data-testid="price-descriptor">SAVE $0.99</p></div><a href="/herb-spice-havarti-sliced/p/20571483_EA?source=nspt" class="chakra-linkbox__overlay css-1hnz6hu"><div class="css-0"><p class="chakra-text css-1ecdp9w" data-testid="product-brand">President's Choice</p><h3 class="chakra-heading css-6qrhwc" id="20571483_EA" data-testid="product-title">Herb &amp; Spice Havarti, Sliced</h3><p class="chakra-text css-1yftjin" data-testid="product-package-size">160 g, $3.75/100g</p></div></a><div class="css-8keand"></div></div><div class="css-1q5omjq"><div class="css-fcebb8"><div data-testid="atc-compact" class="css-y94ivq" style="width: 45px;"><button type="button" class="chakra-button css-mudsm6" data-testid="atc-button"><svg stroke="currentColor" fill="currentColor" stroke-width="0" viewBox="0 0 24 24" focusable="false" class="chakra-icon css-1g3sp7a" data-testid="btn-icon" aria-hidden="true" height="1em" width="1em" xmlns="http://www.w3.org/2000/svg"><path d="M19 13h-6v6h-2v-6H5v-2h6V5h2v6h6v2z"></path></svg><span class="css-idkz9h">Add Herb &amp; Spice Havarti, Sliced to cart</span></button></div></div></div></div></div></div><div class="css-0"><div class="css-f5i5wc"><div class="chakra-linkbox css-vhnn8v"><div data-testid="product-image" class="css-16dr4ly"><img alt="Ziggy's Mozzarella Ball 340 g, $2.06/100g" src="https://assets.shop.loblaws.ca/products/21004922/b3/en/front/21004922_front_a06_@2.png" srcset="https://assets.shop.loblaws.ca/products/21004922/b3/en/front/21004922_front_a06_@2.png 1x, https://assets.shop.loblaws.ca/products/21004922/b3/en/front/21004922_front_a06_@2.png 2x" loading="lazy" class="chakra-image css-oguq8l" aria-hidden="true"></div><div class="css-qoklea"><div class="css-12dchmx"></div><div data-testid="price-product-tile" class="css-8atqhb"><p class="chakra-text css-0"><span class="chakra-text css-pwnbcb" data-testid="regular-price"><span class="css-idkz9h">$6.99</span>$6.99</span></p></div><a href="/mozzarella-ball/p/21004922_EA?source=nspt" class="chakra-linkbox__overlay css-1hnz6hu"><div class="css-0"><p class="chakra-text css-1ecdp9w" data-testid="product-brand">Ziggy's</p><h3 class="chakra-heading css-6qrhwc" id="21004922_EA" data-testid="product-title">Mozzarella Ball</h3><p class="chakra-text css-1yftjin" data-testid="product-package-size">340 g, $2.06/100g</p></div></a><div class="css-8keand"></div></div><div class="css-1q5omjq"><div class="css-fcebb8"><div data-testid="atc-compact" class="css-y94ivq" style="width: 45px;"><button type="button" class="chakra-button css-mudsm6" data-testid="atc-button"><svg stroke="currentColor" fill="currentColor" stroke-width="0" viewBox="0 0 24 24" focusable="false" class="chakra-icon css-1g3sp7a" data-testid="btn-icon" aria-hidden="true" height="1em" width="1em" xmlns="http://www.w3.org/2000/svg"><path d="M19 13h-6v6h-2v-6H5v-2h6V5h2v6h6v2z"></path></svg><span class="css-idkz9h">Add Mozzarella Ball to cart</span></button></div></div></div></div></div></div></div><div data-testid="product-grid" class="css-epcqr3"><div class="css-0"><div class="css-f5i5wc"><div class="chakra-linkbox css-vhnn8v"><div data-testid="product-image" class="css-16dr4ly"><img alt="Castello Havarti Creamy FW 200 g, $3.65/100g" src="https://assets.shop.loblaws.ca/products/20573932/b3/en/front/20573932_front_a06_@2.png" srcset="https://assets.shop.loblaws.ca/products/20573932/b3/en/front/20573932_front_a06_@2.png 1x, https://assets.shop.loblaws.ca/products/20573932/b3/en/front/20573932_front_a06_@2.png 2x" loading="lazy" class="chakra-image css-oguq8l" aria-hidden="true"></div><div class="css-qoklea"><div class="css-12dchmx"></div><div data-testid="price-product-tile" class="css-8atqhb"><p class="chakra-text css-0"><span class="chakra-text css-pwnbcb" data-testid="regular-price"><span class="css-idkz9h">$7.29</span>$7.29</span></p></div><a href="/havarti-creamy-fw/p/20573932_EA?source=nspt" class="chakra-linkbox__overlay css-1hnz6hu"><div class="css-0"><p class="chakra-text css-1ecdp9w" data-testid="product-brand">Castello</p><h3 class="chakra-heading css-6qrhwc" id="20573932_EA" data-testid="product-title">Havarti Creamy FW</h3><p class="chakra-text css-1yftjin" data-testid="product-package-size">200 g, $3.65/100g</p></div></a><div class="css-8keand"></div></div><div class="css-1q5omjq"><div class="css-fcebb8"><div data-testid="atc-compact" class="css-y94ivq" style="width: 45px;"><button type="button" class="chakra-button css-mudsm6" data-testid="atc-button"><svg stroke="currentColor" fill="currentColor" stroke-width="0" viewBox="0 0 24 24" focusable="false" class="chakra-icon css-1g3sp7a" data-testid="btn-icon" aria-hidden="true" height="1em" width="1em" xmlns="http://www.w3.org/2000/svg"><path d="M19 13h-6v6h-2v-6H5v-2h6V5h2v6h6v2z"></path></svg><span class="css-idkz9h">Add Havarti Creamy FW to cart</span></button></div></div></div></div></div></div><div class="css-0"><div class="css-f5i5wc"><div class="chakra-linkbox css-vhnn8v"><div data-testid="product-image" class="css-16dr4ly"><img alt="President's Choice Mozzarella, Sliced 170 g, $3.53/100g" src="https://assets.shop.loblaws.ca/products/20217736/b3/en/front/20217736_front_a06_@2.png" srcset="https://assets.shop.loblaws.ca/products/20217736/b3/en/front/20217736_front_a06_@2.png 1x, https://assets.shop.loblaws.ca/products/20217736/b3/en/front/20217736_front_a06_@2.png 2x" loading="lazy" class="chakra-image css-oguq8l" aria-hidden="true"></div><div class="css-qoklea"><div class="css-12dchmx"></div><div data-testid="price-product-tile" class="css-8atqhb"><p class="chakra-text css-0"><span class="chakra-text css-o93gbd" data-testid="sale-price"><span class="css-idkz9h">$6.00</span>$6.00</span><span class="chakra-text css-623q5h" data-testid="was-price"><span class="css-idkz9h">$6.99</span>$6.99</span></p><p class="chakra-text css-1m5a6y8" data-testid="price-descriptor">SAVE $0.99</p></div><a href="/mozzarella-sliced/p/20217736_EA?source=nspt" class="chakra-linkbox__overlay css-1hnz6hu"><div class="css-0"><p class="chakra-text css-1ecdp9w" data-testid="product-brand">President's Choice</p><h3 class="chakra-heading css-6qrhwc" id="20217736_EA" data-testid="product-title">Mozzarella, Sliced</h3><p class="chakra-text css-1yftjin" data-testid="product-package-size">170 g, $3.53/100g</p></div></a><div class="css-8keand"></div></div><div class="css-1q5omjq"><div class="css-fcebb8"><div data-testid="atc-compact" class="css-y94ivq" style="width: 45px;"><button type="button" class="chakra-button css-mudsm6" data-testid="atc-button"><svg stroke="currentColor" fill="currentColor" stroke-width="0" viewBox="0 0 24 24" focusable="false" class="chakra-icon css-1g3sp7a" data-testid="btn-icon" aria-hidden="true" height="1em" width="1em" xmlns="http://www.w3.org/2000/svg"><path d="M19 13h-6v6h-2v-6H5v-2h6V5h2v6h6v2z"></path></svg><span class="css-idkz9h">Add Mozzarella, Sliced to cart</span></button></div></div></div></div></div></div><div class="css-0"><div class="css-f5i5wc"><div class="chakra-linkbox css-vhnn8v"><div data-testid="product-image" class="css-16dr4ly"><img alt="Saputo Ricotta 500 g, $1.60/100g" src="https://assets.shop.loblaws.ca/products/20573931/b3/en/front/20573931_front_a06_@2.png" srcset="https://assets.shop.loblaws.ca/products/20573931/b3/en/front/20573931_front_a06_@2.png 1x, https://assets.shop.loblaws.ca/products/20573931/b3/en/front/20573931_front_a06_@2.png 2x" loading="lazy" class="chakra-image css-oguq8l" aria-hidden="true"></div><div class="css-qoklea"><div class="css-12dchmx"></div><div data-testid="price-product-tile" class="css-8atqhb"><p class="chakra-text css-0"><span class="chakra-text css-pwnbcb" data-testid="regular-price"><span class="css-idkz9h">$7.99</span>$7.99</span></p></div><a href="/ricotta/p/20573931_EA?source=nspt" class="chakra-linkbox__overlay css-1hnz6hu"><div class="css-0"><p class="chakra-text css-1ecdp9w" data-testid="product-brand">Saputo</p><h3 class="chakra-heading css-6qrhwc" id="20573931_EA" data-testid="product-title">Ricotta</h3><p class="chakra-text css-1yftjin" data-testid="product-package-size">500 g, $1.60/100g</p></div></a><div class="css-8keand"></div></div><div class="css-1q5omjq"><div class="css-fcebb8"><div data-testid="atc-compact" class="css-y94ivq" style="width: 45px;"><button type="button" class="chakra-button css-mudsm6" data-testid="atc-button"><svg stroke="currentColor" fill="currentColor" stroke-width="0" viewBox="0 0 24 24" focusable="false" class="chakra-icon css-1g3sp7a" data-testid="btn-icon" aria-hidden="true" height="1em" width="1em" xmlns="http://www.w3.org/2000/svg"><path d="M19 13h-6v6h-2v-6H5v-2h6V5h2v6h6v2z"></path></svg><span class="css-idkz9h">Add Ricotta to cart</span></button></div></div></div></div></div></div><div class="css-0"><div class="css-f5i5wc"><div class="chakra-linkbox css-vhnn8v"><div data-testid="product-image" class="css-16dr4ly"><img alt="Krinos Feta Cheese, Macedonian Style 700 g, $2.04/100g" src="https://assets.shop.loblaws.ca/products/20633588/b3/en/front/20633588_front_a06_@2.png" srcset="https://assets.shop.loblaws.ca/products/20633588/b3/en/front/20633588_front_a06_@2.png 1x, https://assets.shop.loblaws.ca/products/20633588/b3/en/front/20633588_front_a06_@2.png 2x" loading="lazy" class="chakra-image css-oguq8l" aria-hidden="true"></div><div class="css-qoklea"><div class="css-12dchmx"></div><div data-testid="price-product-tile" class="css-8atqhb"><p class="chakra-text css-0"><span class="chakra-text css-pwnbcb" data-testid="regular-price"><span class="css-idkz9h">$14.29</span>$14.29</span></p></div><a href="/feta-cheese-macedonian-style/p/20633588_EA?source=nspt" class="chakra-linkbox__overlay css-1hnz6hu"><div class="css-0"><p class="chakra-text css-1ecdp9w" data-testid="product-brand">Krinos</p><h3 class="chakra-heading css-6qrhwc" id="20633588_EA" data-testid="product-title">Feta Cheese, Macedonian Style</h3><p class="chakra-text css-1yftjin" data-testid="product-package-size">700 g, $2.04/100g</p></div></a><div class="css-8keand"></div></div><div class="css-1q5omjq"><div class="css-fcebb8"><div data-testid="atc-compact" class="css-y94ivq" style="width: 45px;"><button disabled="" type="button" class="chakra-button css-mudsm6" data-testid="atc-button"><svg stroke="currentColor" fill="currentColor" stroke-width="0" viewBox="0 0 24 24" focusable="false" class="chakra-icon css-1g3sp7a" data-testid="btn-icon" aria-hidden="true" height="1em" width="1em" xmlns="http://www.w3.org/2000/svg"><path d="M19 13h-6v6h-2v-6H5v-2h6V5h2v6h6v2z"></path></svg><span class="css-idkz9h">Add Feta Cheese, Macedonian Style to cart</span></button></div></div><div class="css-4saf4a"><p class="chakra-text css-py8788" data-testid="inventory-badge-text">Out of Stock</p></div></div></div></div></div><div class="css-0"><div class="css-f5i5wc"><div class="chakra-linkbox css-vhnn8v"><div data-testid="product-image" class="css-16dr4ly"><img alt="President's Choice Blue Cheese 125 g, $5.19/100g" src="https://assets.shop.loblaws.ca/products/20419129/b3/en/front/20419129_front_a06_@2.png" srcset="https://assets.shop.loblaws.ca/products/20419129/b3/en/front/20419129_front_a06_@2.png 1x, https://assets.shop.loblaws.ca/products/20419129/b3/en/front/20419129_front_a06_@2.png 2x" loading="lazy" class="chakra-image css-oguq8l" aria-hidden="true"></div><div class="css-qoklea"><div class="css-12dchmx"></div><div data-testid="price-product-tile" class="css-8atqhb"><p class="chakra-text css-0"><span class="chakra-text css-pwnbcb" data-testid="regular-price"><span class="css-idkz9h">$6.49</span>$6.49</span></p></div><a href="/blue-cheese/p/20419129_EA?source=nspt" class="chakra-linkbox__overlay css-1hnz6hu"><div class="css-0"><p class="chakra-text css-1ecdp9w" data-testid="product-brand">President's Choice</p><h3 class="chakra-heading css-6qrhwc" id="20419129_EA" data-testid="product-title">Blue Cheese</h3><p class="chakra-text css-1yftjin" data-testid="product-package-size">125 g, $5.19/100g</p></div></a><div class="css-8keand"></div></div><div class="css-1q5omjq"><div class="css-fcebb8"><div data-testid="atc-compact" class="css-y94ivq" style="width: 45px;"><button type="button" class="chakra-button css-mudsm6" data-testid="atc-button"><svg stroke="currentColor" fill="currentColor" stroke-width="0" viewBox="0 0 24 24" focusable="false" class="chakra-icon css-1g3sp7a" data-testid="btn-icon" aria-hidden="true" height="1em" width="1em" xmlns="http://www.w3.org/2000/svg"><path d="M19 13h-6v6h-2v-6H5v-2h6V5h2v6h6v2z"></path></svg><span class="css-idkz9h">Add Blue Cheese to cart</span></button></div></div></div></div></div></div><div class="css-0"><div class="css-f5i5wc"><div class="chakra-linkbox css-vhnn8v"><div data-testid="product-image" class="css-16dr4ly"><img alt="Santa Lucia Ricotta Cheese 500 g, $1.60/100g" src="https://assets.shop.loblaws.ca/products/20661467/b3/en/front/20661467_front_a06_@2.png" srcset="https://assets.shop.loblaws.ca/products/20661467/b3/en/front/20661467_front_a06_@2.png 1x, https://assets.shop.loblaws.ca/products/20661467/b3/en/front/20661467_front_a06_@2.png 2x" loading="lazy" class="chakra-image css-oguq8l" aria-hidden="true"></div><div class="css-qoklea"><div class="css-12dchmx"></div><div data-testid="price-product-tile" class="css-8atqhb"><p class="chakra-text css-0"><span class="chakra-text css-pwnbcb" data-testid="regular-price"><span class="css-idkz9h">$7.99</span>$7.99</span></p></div><a href="/ricotta-cheese/p/20661467_EA?source=nspt" class="chakra-linkbox__overlay css-1hnz6hu"><div class="css-0"><p class="chakra-text css-1ecdp9w" data-testid="product-brand">Santa Lucia</p><h3 class="chakra-heading css-6qrhwc" id="20661467_EA" data-testid="product-title">Ricotta Cheese</h3><p class="chakra-text css-1yftjin" data-testid="product-package-size">500 g, $1.60/100g</p></div></a><div class="css-8keand"></div></div><div class="css-1q5omjq"><div class="css-fcebb8"><div data-testid="atc-compact" class="css-y94ivq" style="width: 45px;"><button type="button" class="chakra-button css-mudsm6" data-testid="atc-button"><svg stroke="currentColor" fill="currentColor" stroke-width="0" viewBox="0 0 24 24" focusable="false" class="chakra-icon css-1g3sp7a" data-testid="btn-icon" aria-hidden="true" height="1em" width="1em" xmlns="http://www.w3.org/2000/svg"><path d="M19 13h-6v6h-2v-6H5v-2h6V5h2v6h6v2z"></path></svg><span class="css-idkz9h">Add Ricotta Cheese to cart</span></button></div></div></div></div></div></div><div class="css-0"><div class="css-f5i5wc"><div class="chakra-linkbox css-vhnn8v"><div data-testid="product-image" class="css-16dr4ly"><img alt="PC Splendido Asiago Cheese 250 g, $3.60/100g" src="https://assets.shop.loblaws.ca/products/21409072/b3/en/front/21409072_front_a06_@2.png" srcset="https://assets.shop.loblaws.ca/products/21409072/b3/en/front/21409072_front_a06_@2.png 1x, https://assets.shop.loblaws.ca/products/21409072/b3/en/front/21409072_front_a06_@2.png 2x" loading="lazy" class="chakra-image css-oguq8l" aria-hidden="true"></div><div class="css-qoklea"><div class="css-12dchmx"></div><div data-testid="price-product-tile" class="css-8atqhb"><p class="chakra-text css-0"><span class="chakra-text css-pwnbcb" data-testid="regular-price"><span class="css-idkz9h">$8.99</span>$8.99</span></p></div><a href="/asiago-cheese/p/21409072_EA?source=nspt" class="chakra-linkbox__overlay css-1hnz6hu"><div class="css-0"><p class="chakra-text css-1ecdp9w" data-testid="product-brand">PC Splendido</p><h3 class="chakra-heading css-6qrhwc" id="21409072_EA" data-testid="product-title">Asiago Cheese</h3><p class="chakra-text css-1yftjin" data-testid="product-package-size">250 g, $3.60/100g</p></div></a><div class="css-8keand"></div></div><div class="css-1q5omjq"><div class="css-fcebb8"><div data-testid="atc-compact" class="css-y94ivq" style="width: 45px;"><button type="button" class="chakra-button css-mudsm6" data-testid="atc-button"><svg stroke="currentColor" fill="currentColor" stroke-width="0" viewBox="0 0 24 24" focusable="false" class="chakra-icon css-1g3sp7a" data-testid="btn-icon" aria-hidden="true" height="1em" width="1em" xmlns="http://www.w3.org/2000/svg"><path d="M19 13h-6v6h-2v-6H5v-2h6V5h2v6h6v2z"></path></svg><span class="css-idkz9h">Add Asiago Cheese to cart</span></button></div></div></div></div></div></div><div class="css-0"><div class="css-f5i5wc"><div class="chakra-linkbox css-vhnn8v"><div data-testid="product-image" class="css-16dr4ly"><img alt="Henri Willig Mild Gouda 350 g, $3.14/100g" src="https://assets.shop.loblaws.ca/products/21345046/b3/en/front/21345046_front_a06_@2.png" srcset="https://assets.shop.loblaws.ca/products/21345046/b3/en/front/21345046_front_a06_@2.png 1x, https://assets.shop.loblaws.ca/products/21345046/b3/en/front/21345046_front_a06_@2.png 2x" loading="lazy" class="chakra-image css-oguq8l" aria-hidden="true"></div><div class="css-qoklea"><div class="css-12dchmx"></div><div data-testid="price-product-tile" class="css-8atqhb"><p class="chakra-text css-0"><span class="chakra-text css-pwnbcb" data-testid="regular-price"><span class="css-idkz9h">$10.99</span>$10.99</span></p></div><a href="/mild-gouda/p/21345046_EA?source=nspt" class="chakra-linkbox__overlay css-1hnz6hu"><div class="css-0"><p class="chakra-text css-1ecdp9w" data-testid="product-brand">Henri Willig</p><h3 class="chakra-heading css-6qrhwc" id="21345046_EA" data-testid="product-title">Mild Gouda</h3><p class="chakra-text css-1yftjin" data-testid="product-package-size">350 g, $3.14/100g</p></div></a><div class="css-8keand"></div></div><div class="css-1q5omjq"><div class="css-fcebb8"><div data-testid="atc-compact" class="css-y94ivq" style="width: 45px;"><button type="button" class="chakra-button css-mudsm6" data-testid="atc-button"><svg stroke="currentColor" fill="currentColor" stroke-width="0" viewBox="0 0 24 24" focusable="false" class="chakra-icon css-1g3sp7a" data-testid="btn-icon" aria-hidden="true" height="1em" width="1em" xmlns="http://www.w3.org/2000/svg"><path d="M19 13h-6v6h-2v-6H5v-2h6V5h2v6h6v2z"></path></svg><span class="css-idkz9h">Add Mild Gouda to cart</span></button></div></div></div></div></div></div><div class="css-0"><div class="css-f5i5wc"><div class="chakra-linkbox css-vhnn8v"><div data-testid="product-image" class="css-16dr4ly"><img alt="Sabana Queso Fresco Grilling Cheese 26% M.F. 200 g, $5.15/100g" src="https://assets.shop.loblaws.ca/products/21588398/b3/en/front/21588398_front_a06_@2.png" srcset="https://assets.shop.loblaws.ca/products/21588398/b3/en/front/21588398_front_a06_@2.png 1x, https://assets.shop.loblaws.ca/products/21588398/b3/en/front/21588398_front_a06_@2.png 2x" loading="lazy" class="chakra-image css-oguq8l" aria-hidden="true"></div><div class="css-qoklea"><div class="css-12dchmx"></div><div data-testid="price-product-tile" class="css-8atqhb"><p class="chakra-text css-0"><span class="chakra-text css-pwnbcb" data-testid="regular-price"><span class="css-idkz9h">$10.29</span>$10.29</span></p></div><a href="/queso-fresco-grilling-cheese-26-m-f/p/21588398_EA?source=nspt" class="chakra-linkbox__overlay css-1hnz6hu"><div class="css-0"><p class="chakra-text css-1ecdp9w" data-testid="product-brand">Sabana</p><h3 class="chakra-heading css-6qrhwc" id="21588398_EA" data-testid="product-title">Queso Fresco Grilling Cheese 26% M.F.</h3><p class="chakra-text css-1yftjin" data-testid="product-package-size">200 g, $5.15/100g</p></div></a><div class="css-8keand"></div></div><div class="css-1q5omjq"><div class="css-fcebb8"><div data-testid="atc-compact" class="css-y94ivq" style="width: 45px;"><button type="button" class="chakra-button css-mudsm6" data-testid="atc-button"><svg stroke="currentColor" fill="currentColor" stroke-width="0" viewBox="0 0 24 24" focusable="false" class="chakra-icon css-1g3sp7a" data-testid="btn-icon" aria-hidden="true" height="1em" width="1em" xmlns="http://www.w3.org/2000/svg"><path d="M19 13h-6v6h-2v-6H5v-2h6V5h2v6h6v2z"></path></svg><span class="css-idkz9h">Add Queso Fresco Grilling Cheese 26% M.F. to cart</span></button></div></div></div></div></div></div><div class="css-0"><div class="css-f5i5wc"><div class="chakra-linkbox css-vhnn8v"><div data-testid="product-image" class="css-16dr4ly"><img alt="Bella Casara Burrata 250 g, $5.60/100g" src="https://assets.shop.loblaws.ca/products/20214087/b3/en/front/20214087_front_a06_@2.png" srcset="https://assets.shop.loblaws.ca/products/20214087/b3/en/front/20214087_front_a06_@2.png 1x, https://assets.shop.loblaws.ca/products/20214087/b3/en/front/20214087_front_a06_@2.png 2x" loading="lazy" class="chakra-image css-oguq8l" aria-hidden="true"></div><div class="css-qoklea"><div class="css-12dchmx"></div><div data-testid="price-product-tile" class="css-8atqhb"><p class="chakra-text css-0"><span class="chakra-text css-pwnbcb" data-testid="regular-price"><span class="css-idkz9h">$13.99</span>$13.99</span></p></div><a href="/burrata/p/20214087_EA?source=nspt" class="chakra-linkbox__overlay css-1hnz6hu"><div class="css-0"><p class="chakra-text css-1ecdp9w" data-testid="product-brand">Bella Casara</p><h3 class="chakra-heading css-6qrhwc" id="20214087_EA" data-testid="product-title">Burrata</h3><p class="chakra-text css-1yftjin" data-testid="product-package-size">250 g, $5.60/100g</p></div></a><div class="css-8keand"></div></div><div class="css-1q5omjq"><div class="css-fcebb8"><div data-testid="atc-compact" class="css-y94ivq" style="width: 45px;"><button disabled="" type="button" class="chakra-button css-mudsm6" data-testid="atc-button"><svg stroke="currentColor" fill="currentColor" stroke-width="0" viewBox="0 0 24 24" focusable="false" class="chakra-icon css-1g3sp7a" data-testid="btn-icon" aria-hidden="true" height="1em" width="1em" xmlns="http://www.w3.org/2000/svg"><path d="M19 13h-6v6h-2v-6H5v-2h6V5h2v6h6v2z"></path></svg><span class="css-idkz9h">Add Burrata to cart</span></button></div></div><div class="css-4saf4a"><p class="chakra-text css-py8788" data-testid="inventory-badge-text">Out of Stock</p></div></div></div></div></div><div class="css-0"><div class="css-f5i5wc"><div class="chakra-linkbox css-vhnn8v"><div data-testid="product-image" class="css-16dr4ly"><img alt="null Vintage 35 % M.F. Cheddar Cheese  200 g, $4.00/100g" src="https://assets.shop.loblaws.ca/products/21434515/b3/en/front/21434515_front_a06_@2.png" srcset="https://assets.shop.loblaws.ca/products/21434515/b3/en/front/21434515_front_a06_@2.png 1x, https://assets.shop.loblaws.ca/products/21434515/b3/en/front/21434515_front_a06_@2.png 2x" loading="lazy" class="chakra-image css-oguq8l" aria-hidden="true"></div><div class="css-qoklea"><div class="css-12dchmx"></div><div data-testid="price-product-tile" class="css-8atqhb"><p class="chakra-text css-0"><span class="chakra-text css-pwnbcb" data-testid="regular-price"><span class="css-idkz9h">$7.99</span>$7.99</span></p></div><a href="/vintage-35-m-f-cheddar-cheese/p/21434515_EA?source=nspt" class="chakra-linkbox__overlay css-1hnz6hu"><div class="css-0"><h3 class="chakra-heading css-6qrhwc" id="21434515_EA" data-testid="product-title">Vintage 35 % M.F. Cheddar Cheese </h3><p class="chakra-text css-1yftjin" data-testid="product-package-size">200 g, $4.00/100g</p></div></a><div class="css-8keand"></div></div><div class="css-1q5omjq"><div class="css-fcebb8"><div data-testid="atc-compact" class="css-y94ivq" style="width: 45px;"><button type="button" class="chakra-button css-mudsm6" data-testid="atc-button"><svg stroke="currentColor" fill="currentColor" stroke-width="0" viewBox="0 0 24 24" focusable="false" class="chakra-icon css-1g3sp7a" data-testid="btn-icon" aria-hidden="true" height="1em" width="1em" xmlns="http://www.w3.org/2000/svg"><path d="M19 13h-6v6h-2v-6H5v-2h6V5h2v6h6v2z"></path></svg><span class="css-idkz9h">Add Vintage 35 % M.F. Cheddar Cheese  to cart</span></button></div></div></div></div></div></div><div class="css-0"><div class="css-f5i5wc"><div class="chakra-linkbox css-vhnn8v"><div data-testid="product-image" class="css-16dr4ly"><img alt="Bergeron Classique Ripened Firm Cheese With Cumin 28% M.F. 125 g, $4.79/100g" src="https://assets.shop.loblaws.ca/products/21562922/b3/en/front/21562922_front_a06_@2.png" srcset="https://assets.shop.loblaws.ca/products/21562922/b3/en/front/21562922_front_a06_@2.png 1x, https://assets.shop.loblaws.ca/products/21562922/b3/en/front/21562922_front_a06_@2.png 2x" loading="lazy" class="chakra-image css-oguq8l" aria-hidden="true"></div><div class="css-qoklea"><div class="css-12dchmx"></div><div data-testid="price-product-tile" class="css-8atqhb"><p class="chakra-text css-0"><span class="chakra-text css-pwnbcb" data-testid="regular-price"><span class="css-idkz9h">$5.99</span>$5.99</span></p></div><a href="/classique-ripened-firm-cheese-with-cumin-28-m-f/p/21562922_EA?source=nspt" class="chakra-linkbox__overlay css-1hnz6hu"><div class="css-0"><p class="chakra-text css-1ecdp9w" data-testid="product-brand">Bergeron</p><h3 class="chakra-heading css-6qrhwc" id="21562922_EA" data-testid="product-title">Classique Ripened Firm Cheese With Cumin 28% M.F.</h3><p class="chakra-text css-1yftjin" data-testid="product-package-size">125 g, $4.79/100g</p></div></a><div class="css-8keand"></div></div><div class="css-1q5omjq"><div class="css-fcebb8"><div data-testid="atc-compact" class="css-y94ivq" style="width: 45px;"><button type="button" class="chakra-button css-mudsm6" data-testid="atc-button"><svg stroke="currentColor" fill="currentColor" stroke-width="0" viewBox="0 0 24 24" focusable="false" class="chakra-icon css-1g3sp7a" data-testid="btn-icon" aria-hidden="true" height="1em" width="1em" xmlns="http://www.w3.org/2000/svg"><path d="M19 13h-6v6h-2v-6H5v-2h6V5h2v6h6v2z"></path></svg><span class="css-idkz9h">Add Classique Ripened Firm Cheese With Cumin 28% M.F. to cart</span></button></div></div></div></div></div></div><div class="css-0"><div class="css-f5i5wc"><div class="chakra-linkbox css-vhnn8v"><div data-testid="product-image" class="css-16dr4ly"><img alt="PC Splendido Pecorino Romano 250 g, $4.40/100g" src="https://assets.shop.loblaws.ca/products/21188276/b3/en/front/21188276_front_a06_@2.png" srcset="https://assets.shop.loblaws.ca/products/21188276/b3/en/front/21188276_front_a06_@2.png 1x, https://assets.shop.loblaws.ca/products/21188276/b3/en/front/21188276_front_a06_@2.png 2x" loading="lazy" class="chakra-image css-oguq8l" aria-hidden="true"></div><div class="css-qoklea"><div class="css-12dchmx"></div><div data-testid="price-product-tile" class="css-8atqhb"><p class="chakra-text css-0"><span class="chakra-text css-pwnbcb" data-testid="regular-price"><span class="css-idkz9h">$10.99</span>$10.99</span></p></div><a href="/pecorino-romano/p/21188276_EA?source=nspt" class="chakra-linkbox__overlay css-1hnz6hu"><div class="css-0"><p class="chakra-text css-1ecdp9w" data-testid="product-brand">PC Splendido</p><h3 class="chakra-heading css-6qrhwc" id="21188276_EA" data-testid="product-title">Pecorino Romano</h3><p class="chakra-text css-1yftjin" data-testid="product-package-size">250 g, $4.40/100g</p></div></a><div class="css-8keand"></div></div><div class="css-1q5omjq"><div class="css-fcebb8"><div data-testid="atc-compact" class="css-y94ivq" style="width: 45px;"><button type="button" class="chakra-button css-mudsm6" data-testid="atc-button"><svg stroke="currentColor" fill="currentColor" stroke-width="0" viewBox="0 0 24 24" focusable="false" class="chakra-icon css-1g3sp7a" data-testid="btn-icon" aria-hidden="true" height="1em" width="1em" xmlns="http://www.w3.org/2000/svg"><path d="M19 13h-6v6h-2v-6H5v-2h6V5h2v6h6v2z"></path></svg><span class="css-idkz9h">Add Pecorino Romano to cart</span></button></div></div></div></div></div></div><div class="css-0"><div class="css-f5i5wc"><div class="chakra-linkbox css-vhnn8v"><div data-testid="product-image" class="css-16dr4ly"><img alt="President's Choice Cheese, Havarti Slices 25% Less Fat 160 g, $3.75/100g" src="https://assets.shop.loblaws.ca/products/20217523/b3/en/front/20217523_front_a06_@2.png" srcset="https://assets.shop.loblaws.ca/products/20217523/b3/en/front/20217523_front_a06_@2.png 1x, https://assets.shop.loblaws.ca/products/20217523/b3/en/front/20217523_front_a06_@2.png 2x" loading="lazy" class="chakra-image css-oguq8l" aria-hidden="true"></div><div class="css-qoklea"><div class="css-12dchmx"></div><div data-testid="price-product-tile" class="css-8atqhb"><p class="chakra-text css-0"><span class="chakra-text css-o93gbd" data-testid="sale-price"><span class="css-idkz9h">$6.00</span>$6.00</span><span class="chakra-text css-623q5h" data-testid="was-price"><span class="css-idkz9h">$6.99</span>$6.99</span></p><p class="chakra-text css-1m5a6y8" data-testid="price-descriptor">SAVE $0.99</p></div><a href="/cheese-havarti-slices-25-less-fat/p/20217523_EA?source=nspt" class="chakra-linkbox__overlay css-1hnz6hu"><div class="css-0"><p class="chakra-text css-1ecdp9w" data-testid="product-brand">President's Choice</p><h3 class="chakra-heading css-6qrhwc" id="20217523_EA" data-testid="product-title">Cheese, Havarti Slices 25% Less Fat</h3><p class="chakra-text css-1yftjin" data-testid="product-package-size">160 g, $3.75/100g</p></div></a><div class="css-8keand"></div></div><div class="css-1q5omjq"><div class="css-fcebb8"><div data-testid="atc-compact" class="css-y94ivq" style="width: 45px;"><button type="button" class="chakra-button css-mudsm6" data-testid="atc-button"><svg stroke="currentColor" fill="currentColor" stroke-width="0" viewBox="0 0 24 24" focusable="false" class="chakra-icon css-1g3sp7a" data-testid="btn-icon" aria-hidden="true" height="1em" width="1em" xmlns="http://www.w3.org/2000/svg"><path d="M19 13h-6v6h-2v-6H5v-2h6V5h2v6h6v2z"></path></svg><span class="css-idkz9h">Add Cheese, Havarti Slices 25% Less Fat to cart</span></button></div></div></div></div></div></div><div class="css-0"><div class="css-f5i5wc"><div class="chakra-linkbox css-vhnn8v"><div data-testid="product-image" class="css-16dr4ly"><img alt="Henri Willig Medium Gouda 200 g, $4.00/100g" src="https://assets.shop.loblaws.ca/products/21345050/b3/en/front/21345050_front_a06_@2.png" srcset="https://assets.shop.loblaws.ca/products/21345050/b3/en/front/21345050_front_a06_@2.png 1x, https://assets.shop.loblaws.ca/products/21345050/b3/en/front/21345050_front_a06_@2.png 2x" loading="lazy" class="chakra-image css-oguq8l" aria-hidden="true"></div><div class="css-qoklea"><div class="css-12dchmx"></div><div data-testid="price-product-tile" class="css-8atqhb"><p class="chakra-text css-0"><span class="chakra-text css-pwnbcb" data-testid="regular-price"><span class="css-idkz9h">$7.99</span>$7.99</span></p></div><a href="/medium-gouda/p/21345050_EA?source=nspt" class="chakra-linkbox__overlay css-1hnz6hu"><div class="css-0"><p class="chakra-text css-1ecdp9w" data-testid="product-brand">Henri Willig</p><h3 class="chakra-heading css-6qrhwc" id="21345050_EA" data-testid="product-title">Medium Gouda</h3><p class="chakra-text css-1yftjin" data-testid="product-package-size">200 g, $4.00/100g</p></div></a><div class="css-8keand"></div></div><div class="css-1q5omjq"><div class="css-fcebb8"><div data-testid="atc-compact" class="css-y94ivq" style="width: 45px;"><button type="button" class="chakra-button css-mudsm6" data-testid="atc-button"><svg stroke="currentColor" fill="currentColor" stroke-width="0" viewBox="0 0 24 24" focusable="false" class="chakra-icon css-1g3sp7a" data-testid="btn-icon" aria-hidden="true" height="1em" width="1em" xmlns="http://www.w3.org/2000/svg"><path d="M19 13h-6v6h-2v-6H5v-2h6V5h2v6h6v2z"></path></svg><span class="css-idkz9h">Add Medium Gouda to cart</span></button></div></div></div></div></div></div><div class="css-0"><div class="css-f5i5wc"><div class="chakra-linkbox css-vhnn8v"><div data-testid="product-image" class="css-16dr4ly"><img alt="Castello Blue Crumbles 113 g, $6.63/100g" src="https://assets.shop.loblaws.ca/products/21102503/b3/en/front/21102503_front_a06_@2.png" srcset="https://assets.shop.loblaws.ca/products/21102503/b3/en/front/21102503_front_a06_@2.png 1x, https://assets.shop.loblaws.ca/products/21102503/b3/en/front/21102503_front_a06_@2.png 2x" loading="lazy" class="chakra-image css-oguq8l" aria-hidden="true"></div><div class="css-qoklea"><div class="css-12dchmx"></div><div data-testid="price-product-tile" class="css-8atqhb"><p class="chakra-text css-0"><span class="chakra-text css-pwnbcb" data-testid="regular-price"><span class="css-idkz9h">$7.49</span>$7.49</span></p></div><a href="/blue-crumbles/p/21102503_EA?source=nspt" class="chakra-linkbox__overlay css-1hnz6hu"><div class="css-0"><p class="chakra-text css-1ecdp9w" data-testid="product-brand">Castello</p><h3 class="chakra-heading css-6qrhwc" id="21102503_EA" data-testid="product-title">Blue Crumbles</h3><p class="chakra-text css-1yftjin" data-testid="product-package-size">113 g, $6.63/100g</p></div></a><div class="css-8keand"></div></div><div class="css-1q5omjq"><div class="css-fcebb8"><div data-testid="atc-compact" class="css-y94ivq" style="width: 45px;"><button type="button" class="chakra-button css-mudsm6" data-testid="atc-button"><svg stroke="currentColor" fill="currentColor" stroke-width="0" viewBox="0 0 24 24" focusable="false" class="chakra-icon css-1g3sp7a" data-testid="btn-icon" aria-hidden="true" height="1em" width="1em" xmlns="http://www.w3.org/2000/svg"><path d="M19 13h-6v6h-2v-6H5v-2h6V5h2v6h6v2z"></path></svg><span class="css-idkz9h">Add Blue Crumbles to cart</span></button></div></div></div></div></div></div><div class="css-0"><div class="css-f5i5wc"><div class="chakra-linkbox css-vhnn8v"><div data-testid="product-image" class="css-16dr4ly"><img alt="Tre Stelle 100% Parmesan 31% M.F. Cheese Grated 80 g, $4.99/100g" src="https://assets.shop.loblaws.ca/products/21311224/b3/en/front/21311224_front_a06_@2.png" srcset="https://assets.shop.loblaws.ca/products/21311224/b3/en/front/21311224_front_a06_@2.png 1x, https://assets.shop.loblaws.ca/products/21311224/b3/en/front/21311224_front_a06_@2.png 2x" loading="lazy" class="chakra-image css-oguq8l" aria-hidden="true"></div><div class="css-qoklea"><div class="css-12dchmx"></div><div data-testid="price-product-tile" class="css-8atqhb"><p class="chakra-text css-0"><span class="chakra-text css-pwnbcb" data-testid="regular-price"><span class="css-idkz9h">$3.99</span>$3.99</span></p></div><a href="/100-parmesan-31-m-f-cheese-grated/p/21311224_EA?source=nspt" class="chakra-linkbox__overlay css-1hnz6hu"><div class="css-0"><p class="chakra-text css-1ecdp9w" data-testid="product-brand">Tre Stelle</p><h3 class="chakra-heading css-6qrhwc" id="21311224_EA" data-testid="product-title">100% Parmesan 31% M.F. Cheese Grated</h3><p class="chakra-text css-1yftjin" data-testid="product-package-size">80 g, $4.99/100g</p></div></a><div class="css-8keand"></div></div><div class="css-1q5omjq"><div class="css-fcebb8"><div data-testid="atc-compact" class="css-y94ivq" style="width: 45px;"><button type="button" class="chakra-button css-mudsm6" data-testid="atc-button"><svg stroke="currentColor" fill="currentColor" stroke-width="0" viewBox="0 0 24 24" focusable="false" class="chakra-icon css-1g3sp7a" data-testid="btn-icon" aria-hidden="true" height="1em" width="1em" xmlns="http://www.w3.org/2000/svg"><path d="M19 13h-6v6h-2v-6H5v-2h6V5h2v6h6v2z"></path></svg><span class="css-idkz9h">Add 100% Parmesan 31% M.F. Cheese Grated to cart</span></button></div></div></div></div></div></div><div class="css-0"><div class="css-f5i5wc"><div class="chakra-linkbox css-vhnn8v"><div data-testid="product-image" class="css-16dr4ly"><img alt="President's Choice Emmentaler Cheese 350 g, $4.00/100g" src="https://assets.shop.loblaws.ca/products/21197538/b3/en/front/21197538_front_a06_@2.png" srcset="https://assets.shop.loblaws.ca/products/21197538/b3/en/front/21197538_front_a06_@2.png 1x, https://assets.shop.loblaws.ca/products/21197538/b3/en/front/21197538_front_a06_@2.png 2x" loading="lazy" class="chakra-image css-oguq8l" aria-hidden="true"></div><div class="css-qoklea"><div class="css-12dchmx"></div><div data-testid="price-product-tile" class="css-8atqhb"><p class="chakra-text css-0"><span class="chakra-text css-pwnbcb" data-testid="regular-price"><span class="css-idkz9h">$13.99</span>$13.99</span></p></div><a href="/emmentaler-cheese/p/21197538_EA?source=nspt" class="chakra-linkbox__overlay css-1hnz6hu"><div class="css-0"><p class="chakra-text css-1ecdp9w" data-testid="product-brand">President's Choice</p><h3 class="chakra-heading css-6qrhwc" id="21197538_EA" data-testid="product-title">Emmentaler Cheese</h3><p class="chakra-text css-1yftjin" data-testid="product-package-size">350 g, $4.00/100g</p></div></a><div class="css-8keand"></div></div><div class="css-1q5omjq"><div class="css-fcebb8"><div data-testid="atc-compact" class="css-y94ivq" style="width: 45px;"><button type="button" class="chakra-button css-mudsm6" data-testid="atc-button"><svg stroke="currentColor" fill="currentColor" stroke-width="0" viewBox="0 0 24 24" focusable="false" class="chakra-icon css-1g3sp7a" data-testid="btn-icon" aria-hidden="true" height="1em" width="1em" xmlns="http://www.w3.org/2000/svg"><path d="M19 13h-6v6h-2v-6H5v-2h6V5h2v6h6v2z"></path></svg><span class="css-idkz9h">Add Emmentaler Cheese to cart</span></button></div></div></div></div></div></div><div class="css-0"><div class="css-f5i5wc"><div class="chakra-linkbox css-vhnn8v"><div data-testid="product-image" class="css-16dr4ly"><img alt="President's Choice Cheese, Fig Goat's Milk 140 g, $4.49/100g" src="https://assets.shop.loblaws.ca/products/20690427/b3/en/front/20690427_front_a06_@2.png" srcset="https://assets.shop.loblaws.ca/products/20690427/b3/en/front/20690427_front_a06_@2.png 1x, https://assets.shop.loblaws.ca/products/20690427/b3/en/front/20690427_front_a06_@2.png 2x" loading="lazy" class="chakra-image css-oguq8l" aria-hidden="true"></div><div class="css-qoklea"><div class="css-12dchmx"></div><div data-testid="price-product-tile" class="css-8atqhb"><p class="chakra-text css-0"><span class="chakra-text css-pwnbcb" data-testid="regular-price"><span class="css-idkz9h">$6.29</span>$6.29</span></p></div><a href="/cheese-fig-goat-s-milk/p/20690427_EA?source=nspt" class="chakra-linkbox__overlay css-1hnz6hu"><div class="css-0"><p class="chakra-text css-1ecdp9w" data-testid="product-brand">President's Choice</p><h3 class="chakra-heading css-6qrhwc" id="20690427_EA" data-testid="product-title">Cheese, Fig Goat's Milk</h3><p class="chakra-text css-1yftjin" data-testid="product-package-size">140 g, $4.49/100g</p></div></a><div class="css-8keand"></div></div><div class="css-1q5omjq"><div class="css-fcebb8"><div data-testid="atc-compact" class="css-y94ivq" style="width: 45px;"><button type="button" class="chakra-button css-mudsm6" data-testid="atc-button"><svg stroke="currentColor" fill="currentColor" stroke-width="0" viewBox="0 0 24 24" focusable="false" class="chakra-icon css-1g3sp7a" data-testid="btn-icon" aria-hidden="true" height="1em" width="1em" xmlns="http://www.w3.org/2000/svg"><path d="M19 13h-6v6h-2v-6H5v-2h6V5h2v6h6v2z"></path></svg><span class="css-idkz9h">Add Cheese, Fig Goat's Milk to cart</span></button></div></div></div></div></div></div><div class="css-0"><div class="css-f5i5wc"><div class="chakra-linkbox css-vhnn8v"><div data-testid="product-image" class="css-16dr4ly"><img alt="Castello Arla Havarti Herb&amp;Spice FW 200 g, $3.65/100g" src="https://assets.shop.loblaws.ca/products/20574963/b3/en/front/20574963_front_a06_@2.png" srcset="https://assets.shop.loblaws.ca/products/20574963/b3/en/front/20574963_front_a06_@2.png 1x, https://assets.shop.loblaws.ca/products/20574963/b3/en/front/20574963_front_a06_@2.png 2x" loading="lazy" class="chakra-image css-oguq8l" aria-hidden="true"></div><div class="css-qoklea"><div class="css-12dchmx"></div><div data-testid="price-product-tile" class="css-8atqhb"><p class="chakra-text css-0"><span class="chakra-text css-pwnbcb" data-testid="regular-price"><span class="css-idkz9h">$7.29</span>$7.29</span></p></div><a href="/arla-havarti-herb-spice-fw/p/20574963_EA?source=nspt" class="chakra-linkbox__overlay css-1hnz6hu"><div class="css-0"><p class="chakra-text css-1ecdp9w" data-testid="product-brand">Castello</p><h3 class="chakra-heading css-6qrhwc" id="20574963_EA" data-testid="product-title">Arla Havarti Herb&amp;Spice FW</h3><p class="chakra-text css-1yftjin" data-testid="product-package-size">200 g, $3.65/100g</p></div></a><div class="css-8keand"></div></div><div class="css-1q5omjq"><div class="css-fcebb8"><div data-testid="atc-compact" class="css-y94ivq" style="width: 45px;"><button type="button" class="chakra-button css-mudsm6" data-testid="atc-button"><svg stroke="currentColor" fill="currentColor" stroke-width="0" viewBox="0 0 24 24" focusable="false" class="chakra-icon css-1g3sp7a" data-testid="btn-icon" aria-hidden="true" height="1em" width="1em" xmlns="http://www.w3.org/2000/svg"><path d="M19 13h-6v6h-2v-6H5v-2h6V5h2v6h6v2z"></path></svg><span class="css-idkz9h">Add Arla Havarti Herb&amp;Spice FW to cart</span></button></div></div></div></div></div></div><div class="css-0"><div class="css-f5i5wc"><div class="chakra-linkbox css-vhnn8v"><div data-testid="product-image" class="css-16dr4ly"><img alt="President's Choice Goat Milk Cheese, Peppercorn 140 g, $4.49/100g" src="https://assets.shop.loblaws.ca/products/20314830/b3/en/front/20314830_front_a06_@2.png" srcset="https://assets.shop.loblaws.ca/products/20314830/b3/en/front/20314830_front_a06_@2.png 1x, https://assets.shop.loblaws.ca/products/20314830/b3/en/front/20314830_front_a06_@2.png 2x" loading="lazy" class="chakra-image css-oguq8l" aria-hidden="true"></div><div class="css-qoklea"><div class="css-12dchmx"></div><div data-testid="price-product-tile" class="css-8atqhb"><p class="chakra-text css-0"><span class="chakra-text css-pwnbcb" data-testid="regular-price"><span class="css-idkz9h">$6.29</span>$6.29</span></p></div><a href="/goat-milk-cheese-peppercorn/p/20314830_EA?source=nspt" class="chakra-linkbox__overlay css-1hnz6hu"><div class="css-0"><p class="chakra-text css-1ecdp9w" data-testid="product-brand">President's Choice</p><h3 class="chakra-heading css-6qrhwc" id="20314830_EA" data-testid="product-title">Goat Milk Cheese, Peppercorn</h3><p class="chakra-text css-1yftjin" data-testid="product-package-size">140 g, $4.49/100g</p></div></a><div class="css-8keand"></div></div><div class="css-1q5omjq"><div class="css-fcebb8"><div data-testid="atc-compact" class="css-y94ivq" style="width: 45px;"><button type="button" class="chakra-button css-mudsm6" data-testid="atc-button"><svg stroke="currentColor" fill="currentColor" stroke-width="0" viewBox="0 0 24 24" focusable="false" class="chakra-icon css-1g3sp7a" data-testid="btn-icon" aria-hidden="true" height="1em" width="1em" xmlns="http://www.w3.org/2000/svg"><path d="M19 13h-6v6h-2v-6H5v-2h6V5h2v6h6v2z"></path></svg><span class="css-idkz9h">Add Goat Milk Cheese, Peppercorn to cart</span></button></div></div></div></div></div></div><div class="css-0"><div class="css-f5i5wc"><div class="chakra-linkbox css-vhnn8v"><div data-testid="product-image" class="css-16dr4ly"><img alt="Tre Stelle Ricotta Traditional Twin Pack 560 g, $1.43/100g" src="https://assets.shop.loblaws.ca/products/21100064/b3/en/front/21100064_front_a06_@2.png" srcset="https://assets.shop.loblaws.ca/products/21100064/b3/en/front/21100064_front_a06_@2.png 1x, https://assets.shop.loblaws.ca/products/21100064/b3/en/front/21100064_front_a06_@2.png 2x" loading="lazy" class="chakra-image css-oguq8l" aria-hidden="true"></div><div class="css-qoklea"><div class="css-12dchmx"></div><div data-testid="price-product-tile" class="css-8atqhb"><p class="chakra-text css-0"><span class="chakra-text css-o93gbd" data-testid="sale-price"><span class="css-idkz9h">$8.00</span>$8.00</span><span class="chakra-text css-623q5h" data-testid="was-price"><span class="css-idkz9h">$8.79</span>$8.79</span></p><p class="chakra-text css-1m5a6y8" data-testid="price-descriptor">SAVE $0.79</p></div><a href="/ricotta-traditional-twin-pack/p/21100064_EA?source=nspt" class="chakra-linkbox__overlay css-1hnz6hu"><div class="css-0"><p class="chakra-text css-1ecdp9w" data-testid="product-brand">Tre Stelle</p><h3 class="chakra-heading css-6qrhwc" id="21100064_EA" data-testid="product-title">Ricotta Traditional Twin Pack</h3><p class="chakra-text css-1yftjin" data-testid="product-package-size">560 g, $1.43/100g</p></div></a><div class="css-8keand"></div></div><div class="css-1q5omjq"><div class="css-fcebb8"><div data-testid="atc-compact" class="css-y94ivq" style="width: 45px;"><button type="button" class="chakra-button css-mudsm6" data-testid="atc-button"><svg stroke="currentColor" fill="currentColor" stroke-width="0" viewBox="0 0 24 24" focusable="false" class="chakra-icon css-1g3sp7a" data-testid="btn-icon" aria-hidden="true" height="1em" width="1em" xmlns="http://www.w3.org/2000/svg"><path d="M19 13h-6v6h-2v-6H5v-2h6V5h2v6h6v2z"></path></svg><span class="css-idkz9h">Add Ricotta Traditional Twin Pack to cart</span></button></div></div></div></div></div></div><div class="css-0"><div class="css-f5i5wc"><div class="chakra-linkbox css-vhnn8v"><div data-testid="product-image" class="css-16dr4ly"><img alt="Santa Lucia Mini Bocconcini 200 g, $4.00/100g" src="https://assets.shop.loblaws.ca/products/20903895/b3/en/front/20903895_front_a06_@2.png" srcset="https://assets.shop.loblaws.ca/products/20903895/b3/en/front/20903895_front_a06_@2.png 1x, https://assets.shop.loblaws.ca/products/20903895/b3/en/front/20903895_front_a06_@2.png 2x" loading="lazy" class="chakra-image css-oguq8l" aria-hidden="true"></div><div class="css-qoklea"><div class="css-12dchmx"></div><div data-testid="price-product-tile" class="css-8atqhb"><p class="chakra-text css-0"><span class="chakra-text css-pwnbcb" data-testid="regular-price"><span class="css-idkz9h">$7.99</span>$7.99</span></p></div><a href="/mini-bocconcini/p/20903895_EA?source=nspt" class="chakra-linkbox__overlay css-1hnz6hu"><div class="css-0"><p class="chakra-text css-1ecdp9w" data-testid="product-brand">Santa Lucia</p><h3 class="chakra-heading css-6qrhwc" id="20903895_EA" data-testid="product-title">Mini Bocconcini</h3><p class="chakra-text css-1yftjin" data-testid="product-package-size">200 g, $4.00/100g</p></div></a><div class="css-8keand"></div></div><div class="css-1q5omjq"><div class="css-fcebb8"><div data-testid="atc-compact" class="css-y94ivq" style="width: 45px;"><button type="button" class="chakra-button css-mudsm6" data-testid="atc-button"><svg stroke="currentColor" fill="currentColor" stroke-width="0" viewBox="0 0 24 24" focusable="false" class="chakra-icon css-1g3sp7a" data-testid="btn-icon" aria-hidden="true" height="1em" width="1em" xmlns="http://www.w3.org/2000/svg"><path d="M19 13h-6v6h-2v-6H5v-2h6V5h2v6h6v2z"></path></svg><span class="css-idkz9h">Add Mini Bocconcini to cart</span></button></div></div></div></div></div></div><div class="css-0"><div class="css-f5i5wc"><div class="chakra-linkbox css-vhnn8v"><div data-testid="product-image" class="css-16dr4ly"><img alt="The Laughing Cow Cheese Dippers, Original 140 g, $2.64/100g" src="https://assets.shop.loblaws.ca/products/21201454/b3/en/front/21201454_front_a06_@2.png" srcset="https://assets.shop.loblaws.ca/products/21201454/b3/en/front/21201454_front_a06_@2.png 1x, https://assets.shop.loblaws.ca/products/21201454/b3/en/front/21201454_front_a06_@2.png 2x" loading="lazy" class="chakra-image css-oguq8l" aria-hidden="true"></div><div class="css-qoklea"><div class="css-12dchmx"></div><div data-testid="price-product-tile" class="css-8atqhb"><p class="chakra-text css-0"><span class="chakra-text css-o93gbd" data-testid="sale-price"><span class="css-idkz9h">$3.69</span>$3.69</span><span class="chakra-text css-623q5h" data-testid="was-price"><span class="css-idkz9h">$4.99</span>$4.99</span></p><p class="chakra-text css-1m5a6y8" data-testid="price-descriptor">SAVE $1.30</p></div><a href="/cheese-dippers-original/p/21201454_EA?source=nspt" class="chakra-linkbox__overlay css-1hnz6hu"><div class="css-0"><p class="chakra-text css-1ecdp9w" data-testid="product-brand">The Laughing Cow</p><h3 class="chakra-heading css-6qrhwc" id="21201454_EA" data-testid="product-title">Cheese Dippers, Original</h3><p class="chakra-text css-1yftjin" data-testid="product-package-size">140 g, $2.64/100g</p></div></a><div class="css-8keand"></div></div><div class="css-1q5omjq"><div class="css-fcebb8"><div data-testid="atc-compact" class="css-y94ivq" style="width: 45px;"><button type="button" class="chakra-button css-mudsm6" data-testid="atc-button"><svg stroke="currentColor" fill="currentColor" stroke-width="0" viewBox="0 0 24 24" focusable="false" class="chakra-icon css-1g3sp7a" data-testid="btn-icon" aria-hidden="true" height="1em" width="1em" xmlns="http://www.w3.org/2000/svg"><path d="M19 13h-6v6h-2v-6H5v-2h6V5h2v6h6v2z"></path></svg><span class="css-idkz9h">Add Cheese Dippers, Original to cart</span></button></div></div></div></div></div></div><div class="css-0"><div class="css-f5i5wc"><div class="chakra-linkbox css-vhnn8v"><div data-testid="product-image" class="css-16dr4ly"><img alt="Tre Stelle Halloumi 200 g, $3.50/100g" src="https://assets.shop.loblaws.ca/products/21350800/b3/en/front/21350800_front_a06_@2.png" srcset="https://assets.shop.loblaws.ca/products/21350800/b3/en/front/21350800_front_a06_@2.png 1x, https://assets.shop.loblaws.ca/products/21350800/b3/en/front/21350800_front_a06_@2.png 2x" loading="lazy" class="chakra-image css-oguq8l" aria-hidden="true"></div><div class="css-qoklea"><div class="css-12dchmx"></div><div data-testid="price-product-tile" class="css-8atqhb"><p class="chakra-text css-0"><span class="chakra-text css-pwnbcb" data-testid="regular-price"><span class="css-idkz9h">$6.99</span>$6.99</span></p></div><a href="/halloumi/p/21350800_EA?source=nspt" class="chakra-linkbox__overlay css-1hnz6hu"><div class="css-0"><p class="chakra-text css-1ecdp9w" data-testid="product-brand">Tre Stelle</p><h3 class="chakra-heading css-6qrhwc" id="21350800_EA" data-testid="product-title">Halloumi</h3><p class="chakra-text css-1yftjin" data-testid="product-package-size">200 g, $3.50/100g</p></div></a><div class="css-8keand"></div></div><div class="css-1q5omjq"><div class="css-fcebb8"><div data-testid="atc-compact" class="css-y94ivq" style="width: 45px;"><button type="button" class="chakra-button css-mudsm6" data-testid="atc-button"><svg stroke="currentColor" fill="currentColor" stroke-width="0" viewBox="0 0 24 24" focusable="false" class="chakra-icon css-1g3sp7a" data-testid="btn-icon" aria-hidden="true" height="1em" width="1em" xmlns="http://www.w3.org/2000/svg"><path d="M19 13h-6v6h-2v-6H5v-2h6V5h2v6h6v2z"></path></svg><span class="css-idkz9h">Add Halloumi to cart</span></button></div></div></div></div></div></div><div class="css-0"><div class="css-f5i5wc"><div class="chakra-linkbox css-vhnn8v"><div data-testid="product-image" class="css-16dr4ly"><img alt="Castello Havarti Smoked Cheese 170 g, $4.29/100g" src="https://assets.shop.loblaws.ca/products/20972625/b3/en/front/20972625_front_a06_@2.png" srcset="https://assets.shop.loblaws.ca/products/20972625/b3/en/front/20972625_front_a06_@2.png 1x, https://assets.shop.loblaws.ca/products/20972625/b3/en/front/20972625_front_a06_@2.png 2x" loading="lazy" class="chakra-image css-oguq8l" aria-hidden="true"></div><div class="css-qoklea"><div class="css-12dchmx"></div><div data-testid="price-product-tile" class="css-8atqhb"><p class="chakra-text css-0"><span class="chakra-text css-pwnbcb" data-testid="regular-price"><span class="css-idkz9h">$7.29</span>$7.29</span></p></div><a href="/havarti-smoked-cheese/p/20972625_EA?source=nspt" class="chakra-linkbox__overlay css-1hnz6hu"><div class="css-0"><p class="chakra-text css-1ecdp9w" data-testid="product-brand">Castello</p><h3 class="chakra-heading css-6qrhwc" id="20972625_EA" data-testid="product-title">Havarti Smoked Cheese</h3><p class="chakra-text css-1yftjin" data-testid="product-package-size">170 g, $4.29/100g</p></div></a><div class="css-8keand"></div></div><div class="css-1q5omjq"><div class="css-fcebb8"><div data-testid="atc-compact" class="css-y94ivq" style="width: 45px;"><button type="button" class="chakra-button css-mudsm6" data-testid="atc-button"><svg stroke="currentColor" fill="currentColor" stroke-width="0" viewBox="0 0 24 24" focusable="false" class="chakra-icon css-1g3sp7a" data-testid="btn-icon" aria-hidden="true" height="1em" width="1em" xmlns="http://www.w3.org/2000/svg"><path d="M19 13h-6v6h-2v-6H5v-2h6V5h2v6h6v2z"></path></svg><span class="css-idkz9h">Add Havarti Smoked Cheese to cart</span></button></div></div></div></div></div></div><div class="css-0"><div class="css-f5i5wc"><div class="chakra-linkbox css-vhnn8v"><div data-testid="product-image" class="css-16dr4ly"><img alt="President's Choice Cranberry Goat Cheese 140 g, $4.49/100g" src="https://assets.shop.loblaws.ca/products/21197504/b3/en/front/21197504_front_a06_@2.png" srcset="https://assets.shop.loblaws.ca/products/21197504/b3/en/front/21197504_front_a06_@2.png 1x, https://assets.shop.loblaws.ca/products/21197504/b3/en/front/21197504_front_a06_@2.png 2x" loading="lazy" class="chakra-image css-oguq8l" aria-hidden="true"></div><div class="css-qoklea"><div class="css-12dchmx"></div><div data-testid="price-product-tile" class="css-8atqhb"><p class="chakra-text css-0"><span class="chakra-text css-pwnbcb" data-testid="regular-price"><span class="css-idkz9h">$6.29</span>$6.29</span></p></div><a href="/cranberry-goat-cheese/p/21197504_EA?source=nspt" class="chakra-linkbox__overlay css-1hnz6hu"><div class="css-0"><p class="chakra-text css-1ecdp9w" data-testid="product-brand">President's Choice</p><h3 class="chakra-heading css-6qrhwc" id="21197504_EA" data-testid="product-title">Cranberry Goat Cheese</h3><p class="chakra-text css-1yftjin" data-testid="product-package-size">140 g, $4.49/100g</p></div></a><div class="css-8keand"></div></div><div class="css-1q5omjq"><div class="css-fcebb8"><div data-testid="atc-compact" class="css-y94ivq" style="width: 45px;"><button type="button" class="chakra-button css-mudsm6" data-testid="atc-button"><svg stroke="currentColor" fill="currentColor" stroke-width="0" viewBox="0 0 24 24" focusable="false" class="chakra-icon css-1g3sp7a" data-testid="btn-icon" aria-hidden="true" height="1em" width="1em" xmlns="http://www.w3.org/2000/svg"><path d="M19 13h-6v6h-2v-6H5v-2h6V5h2v6h6v2z"></path></svg><span class="css-idkz9h">Add Cranberry Goat Cheese to cart</span></button></div></div></div></div></div></div><div class="css-0"><div class="css-f5i5wc"><div class="chakra-linkbox css-vhnn8v"><div data-testid="product-image" class="css-16dr4ly"><img alt="Saputo Feta Cheese in Brine, Oregano 170 g, $2.94/100g" src="https://assets.shop.loblaws.ca/products/21051115/b3/en/front/21051115_front_a06_@2.png" srcset="https://assets.shop.loblaws.ca/products/21051115/b3/en/front/21051115_front_a06_@2.png 1x, https://assets.shop.loblaws.ca/products/21051115/b3/en/front/21051115_front_a06_@2.png 2x" loading="lazy" class="chakra-image css-oguq8l" aria-hidden="true"></div><div class="css-qoklea"><div class="css-12dchmx"></div><div data-testid="price-product-tile" class="css-8atqhb"><p class="chakra-text css-0"><span class="chakra-text css-o93gbd" data-testid="sale-price"><span class="css-idkz9h">$5.00</span>$5.00</span><span class="chakra-text css-623q5h" data-testid="was-price"><span class="css-idkz9h">$6.99</span>$6.99</span></p><p class="chakra-text css-1m5a6y8" data-testid="price-descriptor">SAVE $1.99</p></div><a href="/feta-cheese-in-brine-oregano/p/21051115_EA?source=nspt" class="chakra-linkbox__overlay css-1hnz6hu"><div class="css-0"><p class="chakra-text css-1ecdp9w" data-testid="product-brand">Saputo</p><h3 class="chakra-heading css-6qrhwc" id="21051115_EA" data-testid="product-title">Feta Cheese in Brine, Oregano</h3><p class="chakra-text css-1yftjin" data-testid="product-package-size">170 g, $2.94/100g</p></div></a><div class="css-8keand"></div></div><div class="css-1q5omjq"><div class="css-fcebb8"><div data-testid="atc-compact" class="css-y94ivq" style="width: 45px;"><button disabled="" type="button" class="chakra-button css-mudsm6" data-testid="atc-button"><svg stroke="currentColor" fill="currentColor" stroke-width="0" viewBox="0 0 24 24" focusable="false" class="chakra-icon css-1g3sp7a" data-testid="btn-icon" aria-hidden="true" height="1em" width="1em" xmlns="http://www.w3.org/2000/svg"><path d="M19 13h-6v6h-2v-6H5v-2h6V5h2v6h6v2z"></path></svg><span class="css-idkz9h">Add Feta Cheese in Brine, Oregano to cart</span></button></div></div><div class="css-4saf4a"><p class="chakra-text css-py8788" data-testid="inventory-badge-text">Out of Stock</p></div></div></div></div></div><div class="css-0"><div class="css-f5i5wc"><div class="chakra-linkbox css-vhnn8v"><div data-testid="product-image" class="css-16dr4ly"><img alt="Oka Original Cheese 190 g, $4.21/100g" src="https://assets.shop.loblaws.ca/products/20920756/b3/en/front/20920756_front_a06_@2.png" srcset="https://assets.shop.loblaws.ca/products/20920756/b3/en/front/20920756_front_a06_@2.png 1x, https://assets.shop.loblaws.ca/products/20920756/b3/en/front/20920756_front_a06_@2.png 2x" loading="lazy" class="chakra-image css-oguq8l" aria-hidden="true"></div><div class="css-qoklea"><div class="css-12dchmx"></div><div data-testid="price-product-tile" class="css-8atqhb"><p class="chakra-text css-0"><span class="chakra-text css-pwnbcb" data-testid="regular-price"><span class="css-idkz9h">$7.99</span>$7.99</span></p></div><a href="/original-cheese/p/20920756_EA?source=nspt" class="chakra-linkbox__overlay css-1hnz6hu"><div class="css-0"><p class="chakra-text css-1ecdp9w" data-testid="product-brand">Oka</p><h3 class="chakra-heading css-6qrhwc" id="20920756_EA" data-testid="product-title">Original Cheese</h3><p class="chakra-text css-1yftjin" data-testid="product-package-size">190 g, $4.21/100g</p></div></a><div class="css-8keand"></div></div><div class="css-1q5omjq"><div class="css-fcebb8"><div data-testid="atc-compact" class="css-y94ivq" style="width: 45px;"><button type="button" class="chakra-button css-mudsm6" data-testid="atc-button"><svg stroke="currentColor" fill="currentColor" stroke-width="0" viewBox="0 0 24 24" focusable="false" class="chakra-icon css-1g3sp7a" data-testid="btn-icon" aria-hidden="true" height="1em" width="1em" xmlns="http://www.w3.org/2000/svg"><path d="M19 13h-6v6h-2v-6H5v-2h6V5h2v6h6v2z"></path></svg><span class="css-idkz9h">Add Original Cheese to cart</span></button></div></div></div></div></div></div><div class="css-0"><div class="css-f5i5wc"><div class="chakra-linkbox css-vhnn8v"><div data-testid="product-image" class="css-16dr4ly"><img alt="Saputo Ricotta, light 500 g, $1.60/100g" src="https://assets.shop.loblaws.ca/products/20573933/b3/en/front/20573933_front_a06_@2.png" srcset="https://assets.shop.loblaws.ca/products/20573933/b3/en/front/20573933_front_a06_@2.png 1x, https://assets.shop.loblaws.ca/products/20573933/b3/en/front/20573933_front_a06_@2.png 2x" loading="lazy" class="chakra-image css-oguq8l" aria-hidden="true"></div><div class="css-qoklea"><div class="css-12dchmx"></div><div data-testid="price-product-tile" class="css-8atqhb"><p class="chakra-text css-0"><span class="chakra-text css-pwnbcb" data-testid="regular-price"><span class="css-idkz9h">$7.99</span>$7.99</span></p></div><a href="/ricotta-light/p/20573933_EA?source=nspt" class="chakra-linkbox__overlay css-1hnz6hu"><div class="css-0"><p class="chakra-text css-1ecdp9w" data-testid="product-brand">Saputo</p><h3 class="chakra-heading css-6qrhwc" id="20573933_EA" data-testid="product-title">Ricotta, light</h3><p class="chakra-text css-1yftjin" data-testid="product-package-size">500 g, $1.60/100g</p></div></a><div class="css-8keand"></div></div><div class="css-1q5omjq"><div class="css-fcebb8"><div data-testid="atc-compact" class="css-y94ivq" style="width: 45px;"><button type="button" class="chakra-button css-mudsm6" data-testid="atc-button"><svg stroke="currentColor" fill="currentColor" stroke-width="0" viewBox="0 0 24 24" focusable="false" class="chakra-icon css-1g3sp7a" data-testid="btn-icon" aria-hidden="true" height="1em" width="1em" xmlns="http://www.w3.org/2000/svg"><path d="M19 13h-6v6h-2v-6H5v-2h6V5h2v6h6v2z"></path></svg><span class="css-idkz9h">Add Ricotta, light to cart</span></button></div></div></div></div></div></div></div>