<div data-testid="product-grid" class="css-epcqr3"><div class="css-0"><div class="css-f5i5wc"><div class="chakra-linkbox css-vhnn8v"><div data-testid="product-image" class="css-16dr4ly"><img alt="D'Italiano Garlic Bread 325 g, $1.07/100g" src="https://assets.shop.loblaws.ca/products/21552151/b3/en/front/21552151_front_a06_@2.png" srcset="https://assets.shop.loblaws.ca/products/21552151/b3/en/front/21552151_front_a06_@2.png 1x, https://assets.shop.loblaws.ca/products/21552151/b3/en/front/21552151_front_a06_@2.png 2x" loading="lazy" class="chakra-image css-oguq8l" aria-hidden="true"></div><div class="css-qoklea"><div class="css-12dchmx"></div><div data-testid="price-product-tile" class="css-8atqhb"><p class="chakra-text css-0"><span class="chakra-text css-pwnbcb" data-testid="regular-price"><span class="css-idkz9h">$3.49</span>$3.49</span></p></div><a href="/garlic-bread/p/21552151_EA?source=nspt" class="chakra-linkbox__overlay css-1hnz6hu"><div class="css-0"><p class="chakra-text css-1ecdp9w" data-testid="product-brand">D'Italiano</p><h3 class="chakra-heading css-6qrhwc" id="21552151_EA" data-testid="product-title">Garlic Bread</h3><p class="chakra-text css-1yftjin" data-testid="product-package-size">325 g, $1.07/100g</p></div></a><div class="css-8keand"></div></div><div class="css-1q5omjq"><div class="css-fcebb8"><div data-testid="atc-compact" class="css-y94ivq" style="width: 45px;"><button type="button" class="chakra-button css-mudsm6" data-testid="atc-button"><svg stroke="currentColor" fill="currentColor" stroke-width="0" viewBox="0 0 24 24" focusable="false" class="chakra-icon css-1g3sp7a" data-testid="btn-icon" aria-hidden="true" height="1em" width="1em" xmlns="http://www.w3.org/2000/svg"><path d="M19 13h-6v6h-2v-6H5v-2h6V5h2v6h6v2z"></path></svg><span class="css-idkz9h">Add Garlic Bread to cart</span></button></div></div></div></div></div></div><div class="css-0"><div class="css-f5i5wc"><div class="chakra-linkbox css-vhnn8v"><div data-testid="product-image" class="css-16dr4ly"><img alt="Thomas Apple Strudel Flavour Breakfast Bread 454 g, $1.21/100g" src="https://assets.shop.loblaws.ca/products/21530363/b3/en/front/21530363_front_a06_@2.png" srcset="https://assets.shop.loblaws.ca/products/21530363/b3/en/front/21530363_front_a06_@2.png 1x, https://assets.shop.loblaws.ca/products/21530363/b3/en/front/21530363_front_a06_@2.png 2x" loading="lazy" class="chakra-image css-oguq8l" aria-hidden="true"></div><div class="css-qoklea"><div class="css-12dchmx"></div><div data-testid="price-product-tile" class="css-8atqhb"><p class="chakra-text css-0"><span class="chakra-text css-pwnbcb" data-testid="regular-price"><span class="css-idkz9h">$5.49</span>$5.49</span></p></div><a href="/apple-strudel-flavour-breakfast-bread/p/21530363_EA?source=nspt" class="chakra-linkbox__overlay css-1hnz6hu"><div class="css-0"><p class="chakra-text css-1ecdp9w" data-testid="product-brand">Thomas</p><h3 class="chakra-heading css-6qrhwc" id="21530363_EA" data-testid="product-title">Apple Strudel Flavour Breakfast Bread</h3><p class="chakra-text css-1yftjin" data-testid="product-package-size">454 g, $1.21/100g</p></div></a><div class="css-8keand"></div></div><div class="css-1q5omjq"><div class="css-fcebb8"><div data-testid="atc-compact" class="css-y94ivq" style="width: 45px;"><button type="button" class="chakra-button css-mudsm6" data-testid="atc-button"><svg stroke="currentColor" fill="currentColor" stroke-width="0" viewBox="0 0 24 24" focusable="false" class="chakra-icon css-1g3sp7a" data-testid="btn-icon" aria-hidden="true" height="1em" width="1em" xmlns="http://www.w3.org/2000/svg"><path d="M19 13h-6v6h-2v-6H5v-2h6V5h2v6h6v2z"></path></svg><span class="css-idkz9h">Add Apple Strudel Flavour Breakfast Bread to cart</span></button></div></div></div></div></div></div><div class="css-0"><div class="css-f5i5wc"><div class="chakra-linkbox css-vhnn8v"><div data-testid="product-image" class="css-16dr4ly"><img alt="Dempster Malt Bread 340 g, $1.26/100g" src="https://assets.shop.loblaws.ca/products/20051940/b3/en/front/20051940_front_a06_@2.png" srcset="https://assets.shop.loblaws.ca/products/20051940/b3/en/front/20051940_front_a06_@2.png 1x, https://assets.shop.loblaws.ca/products/20051940/b3/en/front/20051940_front_a06_@2.png 2x" loading="lazy" class="chakra-image css-oguq8l" aria-hidden="true"></div><div class="css-qoklea"><div class="css-12dchmx"></div><div data-testid="price-product-tile" class="css-8atqhb"><p class="chakra-text css-0"><span class="chakra-text css-pwnbcb" data-testid="regular-price"><span class="css-idkz9h">$4.29</span>$4.29</span></p></div><a href="/malt-bread/p/20051940_EA?source=nspt" class="chakra-linkbox__overlay css-1hnz6hu"><div class="css-0"><p class="chakra-text css-1ecdp9w" data-testid="product-brand">Dempster</p><h3 class="chakra-heading css-6qrhwc" id="20051940_EA" data-testid="product-title">Malt Bread</h3><p class="chakra-text css-1yftjin" data-testid="product-package-size">340 g, $1.26/100g</p></div></a><div class="css-8keand"></div></div><div class="css-1q5omjq"><div class="css-fcebb8"><div data-testid="atc-compact" class="css-y94ivq" style="width: 45px;"><button type="button" class="chakra-button css-mudsm6" data-testid="atc-button"><svg stroke="currentColor" fill="currentColor" stroke-width="0" viewBox="0 0 24 24" focusable="false" class="chakra-icon css-1g3sp7a" data-testid="btn-icon" aria-hidden="true" height="1em" width="1em" xmlns="http://www.w3.org/2000/svg"><path d="M19 13h-6v6h-2v-6H5v-2h6V5h2v6h6v2z"></path></svg><span class="css-idkz9h">Add Malt Bread to cart</span></button></div></div></div></div></div></div><div class="css-0"><div class="css-f5i5wc"><div class="chakra-linkbox css-vhnn8v"><div data-testid="product-image" class="css-16dr4ly"><img alt="Dimpflmeier Marble Rye Bread 500 g, $0.80/100g" src="https://assets.shop.loblaws.ca/products/20337660/b3/en/front/20337660_front_a06_@2.png" srcset="https://assets.shop.loblaws.ca/products/20337660/b3/en/front/20337660_front_a06_@2.png 1x, https://assets.shop.loblaws.ca/products/20337660/b3/en/front/20337660_front_a06_@2.png 2x" loading="lazy" class="chakra-image css-oguq8l" aria-hidden="true"></div><div class="css-qoklea"><div class="css-12dchmx"></div><div data-testid="price-product-tile" class="css-8atqhb"><p class="chakra-text css-0"><span class="chakra-text css-pwnbcb" data-testid="regular-price"><span class="css-idkz9h">$3.99</span>$3.99</span></p></div><a href="/marble-rye-bread/p/20337660_EA?source=nspt" class="chakra-linkbox__overlay css-1hnz6hu"><div class="css-0"><p class="chakra-text css-1ecdp9w" data-testid="product-brand">Dimpflmeier</p><h3 class="chakra-heading css-6qrhwc" id="20337660_EA" data-testid="product-title">Marble Rye Bread</h3><p class="chakra-text css-1yftjin" data-testid="product-package-size">500 g, $0.80/100g</p></div></a><div class="css-8keand"></div></div><div class="css-1q5omjq"><div class="css-fcebb8"><div data-testid="atc-compact" class="css-y94ivq" style="width: 45px;"><button type="button" class="chakra-button css-mudsm6" data-testid="atc-button"><svg stroke="currentColor" fill="currentColor" stroke-width="0" viewBox="0 0 24 24" focusable="false" class="chakra-icon css-1g3sp7a" data-testid="btn-icon" aria-hidden="true" height="1em" width="1em" xmlns="http://www.w3.org/2000/svg"><path d="M19 13h-6v6h-2v-6H5v-2h6V5h2v6h6v2z"></path></svg><span class="css-idkz9h">Add Marble Rye Bread to cart</span></button></div></div></div></div></div></div><div class="css-0"><div class="css-f5i5wc"><div class="chakra-linkbox css-vhnn8v"><div data-testid="product-image" class="css-16dr4ly"><img alt="Country Harvest Sourdough Loaf 650 g, $0.46/100g" src="https://assets.shop.loblaws.ca/products/21430978/b3/en/front/21430978_front_a06_@2.png" srcset="https://assets.shop.loblaws.ca/products/21430978/b3/en/front/21430978_front_a06_@2.png 1x, https://assets.shop.loblaws.ca/products/21430978/b3/en/front/21430978_front_a06_@2.png 2x" loading="lazy" class="chakra-image css-oguq8l" aria-hidden="true"></div><div class="css-qoklea"><div class="css-12dchmx"></div><div data-testid="price-product-tile" class="css-8atqhb"><p class="chakra-text css-0"><span class="chakra-text css-o93gbd" data-testid="sale-price"><span class="css-idkz9h">$3.00</span>$3.00</span><span class="chakra-text css-623q5h" data-testid="was-price"><span class="css-idkz9h">$3.29</span>$3.29</span></p><p class="chakra-text css-1m5a6y8" data-testid="price-descriptor">SAVE $0.29</p></div><a href="/sourdough-loaf/p/21430978_EA?source=nspt" class="chakra-linkbox__overlay css-1hnz6hu"><div class="css-0"><p class="chakra-text css-1ecdp9w" data-testid="product-brand">Country Harvest</p><h3 class="chakra-heading css-6qrhwc" id="21430978_EA" data-testid="product-title">Sourdough Loaf</h3><p class="chakra-text css-1yftjin" data-testid="product-package-size">650 g, $0.46/100g</p></div></a><div class="css-8keand"></div></div><div class="css-1q5omjq"><div class="css-fcebb8"><div data-testid="atc-compact" class="css-y94ivq" style="width: 45px;"><button type="button" class="chakra-button css-mudsm6" data-testid="atc-button"><svg stroke="currentColor" fill="currentColor" stroke-width="0" viewBox="0 0 24 24" focusable="false" class="chakra-icon css-1g3sp7a" data-testid="btn-icon" aria-hidden="true" height="1em" width="1em" xmlns="http://www.w3.org/2000/svg"><path d="M19 13h-6v6h-2v-6H5v-2h6V5h2v6h6v2z"></path></svg><span class="css-idkz9h">Add Sourdough Loaf to cart</span></button></div></div></div></div></div></div><div class="css-0"><div class="css-f5i5wc"><div class="chakra-linkbox css-vhnn8v"><div data-testid="product-image" class="css-16dr4ly"><img alt="D'Italiano Thick Sliced Italian-Style Bread with Grains 600 g, $0.63/100g" src="https://assets.shop.loblaws.ca/products/21001257/b3/en/front/21001257_front_a06_@2.png" srcset="https://assets.shop.loblaws.ca/products/21001257/b3/en/front/21001257_front_a06_@2.png 1x, https://assets.shop.loblaws.ca/products/21001257/b3/en/front/21001257_front_a06_@2.png 2x" loading="lazy" class="chakra-image css-oguq8l" aria-hidden="true"></div><div class="css-qoklea"><div class="css-12dchmx"></div><div data-testid="price-product-tile" class="css-8atqhb"><p class="chakra-text css-0"><span class="chakra-text css-pwnbcb" data-testid="regular-price"><span class="css-idkz9h">$3.79</span>$3.79</span></p></div><a href="/thick-sliced-italian-style-bread-with-grains/p/21001257_EA?source=nspt" class="chakra-linkbox__overlay css-1hnz6hu"><div class="css-0"><p class="chakra-text css-1ecdp9w" data-testid="product-brand">D'Italiano</p><h3 class="chakra-heading css-6qrhwc" id="21001257_EA" data-testid="product-title">Thick Sliced Italian-Style Bread with Grains</h3><p class="chakra-text css-1yftjin" data-testid="product-package-size">600 g, $0.63/100g</p></div></a><div class="css-8keand"></div></div><div class="css-1q5omjq"><div class="css-fcebb8"><div data-testid="atc-compact" class="css-y94ivq" style="width: 45px;"><button type="button" class="chakra-button css-mudsm6" data-testid="atc-button"><svg stroke="currentColor" fill="currentColor" stroke-width="0" viewBox="0 0 24 24" focusable="false" class="chakra-icon css-1g3sp7a" data-testid="btn-icon" aria-hidden="true" height="1em" width="1em" xmlns="http://www.w3.org/2000/svg"><path d="M19 13h-6v6h-2v-6H5v-2h6V5h2v6h6v2z"></path></svg><span class="css-idkz9h">Add Thick Sliced Italian-Style Bread with Grains to cart</span></button></div></div></div></div></div></div><div class="css-0"><div class="css-f5i5wc"><div class="chakra-linkbox css-vhnn8v"><div data-testid="product-image" class="css-16dr4ly"><img alt="ACE Rosemary Focaccia Triangle 800 g, $0.84/100g" src="https://assets.shop.loblaws.ca/products/21596210/b3/en/front/21596210_front_a06_@2.png" srcset="https://assets.shop.loblaws.ca/products/21596210/b3/en/front/21596210_front_a06_@2.png 1x, https://assets.shop.loblaws.ca/products/21596210/b3/en/front/21596210_front_a06_@2.png 2x" loading="lazy" class="chakra-image css-oguq8l" aria-hidden="true"></div><div class="css-qoklea"><div class="css-12dchmx"><div class="chakra-badge css-34x0wr" data-testid="product-badge"><div class="css-u4p24i">New</div></div></div><div data-testid="price-product-tile" class="css-8atqhb"><p class="chakra-text css-0"><span class="chakra-text css-pwnbcb" data-testid="regular-price"><span class="css-idkz9h">$6.69</span>$6.69</span></p></div><a href="/rosemary-focaccia-triangle/p/21596210_EA?source=nspt" class="chakra-linkbox__overlay css-1hnz6hu"><div class="css-0"><p class="chakra-text css-1ecdp9w" data-testid="product-brand">ACE</p><h3 class="chakra-heading css-6qrhwc" id="21596210_EA" data-testid="product-title">Rosemary Focaccia Triangle</h3><p class="chakra-text css-1yftjin" data-testid="product-package-size">800 g, $0.84/100g</p></div></a><div class="css-8keand"></div></div><div class="css-1q5omjq"><div class="css-fcebb8"><div data-testid="atc-compact" class="css-y94ivq" style="width: 45px;"><button type="button" class="chakra-button css-mudsm6" data-testid="atc-button"><svg stroke="currentColor" fill="currentColor" stroke-width="0" viewBox="0 0 24 24" focusable="false" class="chakra-icon css-1g3sp7a" data-testid="btn-icon" aria-hidden="true" height="1em" width="1em" xmlns="http://www.w3.org/2000/svg"><path d="M19 13h-6v6h-2v-6H5v-2h6V5h2v6h6v2z"></path></svg><span class="css-idkz9h">Add Rosemary Focaccia Triangle to cart</span></button></div></div></div></div></div></div><div class="css-0"><div class="css-f5i5wc"><div class="chakra-linkbox css-vhnn8v"><div data-testid="product-image" class="css-16dr4ly"><img alt="Promise Gluten Free Brioche Loaf Authentic Brioche 400 g, $2.00/100g" src="https://assets.shop.loblaws.ca/products/21414781/b3/en/front/21414781_front_a06_@2.png" srcset="https://assets.shop.loblaws.ca/products/21414781/b3/en/front/21414781_front_a06_@2.png 1x, https://assets.shop.loblaws.ca/products/21414781/b3/en/front/21414781_front_a06_@2.png 2x" loading="lazy" class="chakra-image css-oguq8l" aria-hidden="true"></div><div class="css-qoklea"><div class="css-12dchmx"></div><div data-testid="price-product-tile" class="css-8atqhb"><p class="chakra-text css-0"><span class="chakra-text css-pwnbcb" data-testid="regular-price"><span class="css-idkz9h">$7.99</span>$7.99</span></p></div><a href="/brioche-loaf-authentic-brioche/p/21414781_EA?source=nspt" class="chakra-linkbox__overlay css-1hnz6hu"><div class="css-0"><p class="chakra-text css-1ecdp9w" data-testid="product-brand">Promise Gluten Free</p><h3 class="chakra-heading css-6qrhwc" id="21414781_EA" data-testid="product-title">Brioche Loaf Authentic Brioche</h3><p class="chakra-text css-1yftjin" data-testid="product-package-size">400 g, $2.00/100g</p></div></a><div class="css-8keand"></div></div><div class="css-1q5omjq"><div class="css-fcebb8"><div data-testid="atc-compact" class="css-y94ivq" style="width: 45px;"><button type="button" class="chakra-button css-mudsm6" data-testid="atc-button"><svg stroke="currentColor" fill="currentColor" stroke-width="0" viewBox="0 0 24 24" focusable="false" class="chakra-icon css-1g3sp7a" data-testid="btn-icon" aria-hidden="true" height="1em" width="1em" xmlns="http://www.w3.org/2000/svg"><path d="M19 13h-6v6h-2v-6H5v-2h6V5h2v6h6v2z"></path></svg><span class="css-idkz9h">Add Brioche Loaf Authentic Brioche to cart</span></button></div></div></div></div></div></div><div class="css-0"><div class="css-f5i5wc"><div class="chakra-linkbox css-vhnn8v"><div data-testid="product-image" class="css-16dr4ly"><img alt="Silver Hills Little Big Bread 430 g, $1.28/100g" src="https://assets.shop.loblaws.ca/products/20711960/b3/en/front/20711960_front_a06_@2.png" srcset="https://assets.shop.loblaws.ca/products/20711960/b3/en/front/20711960_front_a06_@2.png 1x, https://assets.shop.loblaws.ca/products/20711960/b3/en/front/20711960_front_a06_@2.png 2x" loading="lazy" class="chakra-image css-oguq8l" aria-hidden="true"></div><div class="css-qoklea"><div class="css-12dchmx"></div><div data-testid="price-product-tile" class="css-8atqhb"><p class="chakra-text css-0"><span class="chakra-text css-pwnbcb" data-testid="regular-price"><span class="css-idkz9h">$5.49</span>$5.49</span></p></div><a href="/little-big-bread/p/20711960_EA?source=nspt" class="chakra-linkbox__overlay css-1hnz6hu"><div class="css-0"><p class="chakra-text css-1ecdp9w" data-testid="product-brand">Silver Hills</p><h3 class="chakra-heading css-6qrhwc" id="20711960_EA" data-testid="product-title">Little Big Bread</h3><p class="chakra-text css-1yftjin" data-testid="product-package-size">430 g, $1.28/100g</p></div></a><div class="css-8keand"></div></div><div class="css-1q5omjq"><div class="css-fcebb8"><div data-testid="atc-compact" class="css-y94ivq" style="width: 45px;"><button type="button" class="chakra-button css-mudsm6" data-testid="atc-button"><svg stroke="currentColor" fill="currentColor" stroke-width="0" viewBox="0 0 24 24" focusable="false" class="chakra-icon css-1g3sp7a" data-testid="btn-icon" aria-hidden="true" height="1em" width="1em" xmlns="http://www.w3.org/2000/svg"><path d="M19 13h-6v6h-2v-6H5v-2h6V5h2v6h6v2z"></path></svg><span class="css-idkz9h">Add Little Big Bread to cart</span></button></div></div></div></div></div></div><div class="css-0"><div class="css-f5i5wc"><div class="chakra-linkbox css-vhnn8v"><div data-testid="product-image" class="css-16dr4ly"><img alt="Ready Bake Frozen Bread Dough White 445 g, $2.02/100g" src="https://assets.shop.loblaws.ca/products/20080832/b3/en/front/20080832_front_a06_@2.png" srcset="https://assets.shop.loblaws.ca/products/20080832/b3/en/front/20080832_front_a06_@2.png 1x, https://assets.shop.loblaws.ca/products/20080832/b3/en/front/20080832_front_a06_@2.png 2x" loading="lazy" class="chakra-image css-oguq8l" aria-hidden="true"></div><div class="css-qoklea"><div class="css-12dchmx"></div><div data-testid="price-product-tile" class="css-8atqhb"><p class="chakra-text css-0"><span class="chakra-text css-pwnbcb" data-testid="regular-price"><span class="css-idkz9h">$8.99</span>$8.99</span></p></div><a href="/frozen-bread-dough-white/p/20080832_EA?source=nspt" class="chakra-linkbox__overlay css-1hnz6hu"><div class="css-0"><p class="chakra-text css-1ecdp9w" data-testid="product-brand">Ready Bake</p><h3 class="chakra-heading css-6qrhwc" id="20080832_EA" data-testid="product-title">Frozen Bread Dough White</h3><p class="chakra-text css-1yftjin" data-testid="product-package-size">445 g, $2.02/100g</p></div></a><div class="css-8keand"></div></div><div class="css-1q5omjq"><div class="css-fcebb8"><div data-testid="atc-compact" class="css-y94ivq" style="width: 45px;"><button type="button" class="chakra-button css-mudsm6" data-testid="atc-button"><svg stroke="currentColor" fill="currentColor" stroke-width="0" viewBox="0 0 24 24" focusable="false" class="chakra-icon css-1g3sp7a" data-testid="btn-icon" aria-hidden="true" height="1em" width="1em" xmlns="http://www.w3.org/2000/svg"><path d="M19 13h-6v6h-2v-6H5v-2h6V5h2v6h6v2z"></path></svg><span class="css-idkz9h">Add Frozen Bread Dough White to cart</span></button></div></div><div class="css-4saf4a"><p class="chakra-text css-py8788" data-testid="inventory-badge-text">Low Stock</p></div></div></div></div></div><div class="css-0"><div class="css-f5i5wc"><div class="chakra-linkbox css-vhnn8v"><div data-testid="product-image" class="css-16dr4ly"><img alt="President's Choice Yorkshire Pudding 185 g, $2.37/100g" src="https://assets.shop.loblaws.ca/products/20025468/b3/en/front/20025468_front_a06_@2.png" srcset="https://assets.shop.loblaws.ca/products/20025468/b3/en/front/20025468_front_a06_@2.png 1x, https://assets.shop.loblaws.ca/products/20025468/b3/en/front/20025468_front_a06_@2.png 2x" loading="lazy" class="chakra-image css-oguq8l" aria-hidden="true"></div><div class="css-qoklea"><div class="css-12dchmx"></div><div data-testid="price-product-tile" class="css-8atqhb"><p class="chakra-text css-0"><span class="chakra-text css-pwnbcb" data-testid="regular-price"><span class="css-idkz9h">$4.39</span>$4.39</span></p></div><a href="/yorkshire-pudding/p/20025468_EA?source=nspt" class="chakra-linkbox__overlay css-1hnz6hu"><div class="css-0"><p class="chakra-text css-1ecdp9w" data-testid="product-brand">President's Choice</p><h3 class="chakra-heading css-6qrhwc" id="20025468_EA" data-testid="product-title">Yorkshire Pudding</h3><p class="chakra-text css-1yftjin" data-testid="product-package-size">185 g, $2.37/100g</p></div></a><div class="css-8keand"></div></div><div class="css-1q5omjq"><div class="css-fcebb8"><div data-testid="atc-compact" class="css-y94ivq" style="width: 45px;"><button type="button" class="chakra-button css-mudsm6" data-testid="atc-button"><svg stroke="currentColor" fill="currentColor" stroke-width="0" viewBox="0 0 24 24" focusable="false" class="chakra-icon css-1g3sp7a" data-testid="btn-icon" aria-hidden="true" height="1em" width="1em" xmlns="http://www.w3.org/2000/svg"><path d="M19 13h-6v6h-2v-6H5v-2h6V5h2v6h6v2z"></path></svg><span class="css-idkz9h">Add Yorkshire Pudding to cart</span></button></div></div></div></div></div></div><div class="css-0"><div class="css-f5i5wc"><div class="chakra-linkbox css-vhnn8v"><div data-testid="product-image" class="css-16dr4ly"><img alt="Country Harvest Everything Bread 600 g, $0.50/100g" src="https://assets.shop.loblaws.ca/products/21433366/b3/en/front/21433366_front_a06_@2.png" srcset="https://assets.shop.loblaws.ca/products/21433366/b3/en/front/21433366_front_a06_@2.png 1x, https://assets.shop.loblaws.ca/products/21433366/b3/en/front/21433366_front_a06_@2.png 2x" loading="lazy" class="chakra-image css-oguq8l" aria-hidden="true"></div><div class="css-qoklea"><div class="css-12dchmx"></div><div data-testid="price-product-tile" class="css-8atqhb"><p class="chakra-text css-0"><span class="chakra-text css-o93gbd" data-testid="sale-price"><span class="css-idkz9h">$3.00</span>$3.00</span><span class="chakra-text css-623q5h" data-testid="was-price"><span class="css-idkz9h">$3.29</span>$3.29</span></p><p class="chakra-text css-1m5a6y8" data-testid="price-descriptor">SAVE $0.29</p></div><a href="/everything-bread/p/21433366_EA?source=nspt" class="chakra-linkbox__overlay css-1hnz6hu"><div class="css-0"><p class="chakra-text css-1ecdp9w" data-testid="product-brand">Country Harvest</p><h3 class="chakra-heading css-6qrhwc" id="21433366_EA" data-testid="product-title">Everything Bread</h3><p class="chakra-text css-1yftjin" data-testid="product-package-size">600 g, $0.50/100g</p></div></a><div class="css-8keand"></div></div><div class="css-1q5omjq"><div class="css-fcebb8"><div data-testid="atc-compact" class="css-y94ivq" style="width: 45px;"><button type="button" class="chakra-button css-mudsm6" data-testid="atc-button"><svg stroke="currentColor" fill="currentColor" stroke-width="0" viewBox="0 0 24 24" focusable="false" class="chakra-icon css-1g3sp7a" data-testid="btn-icon" aria-hidden="true" height="1em" width="1em" xmlns="http://www.w3.org/2000/svg"><path d="M19 13h-6v6h-2v-6H5v-2h6V5h2v6h6v2z"></path></svg><span class="css-idkz9h">Add Everything Bread to cart</span></button></div></div></div></div></div></div><div class="css-0"><div class="css-f5i5wc"><div class="chakra-linkbox css-vhnn8v"><div data-testid="product-image" class="css-16dr4ly"><img alt="President's Choice Bao Buns Ready To Steam 300 g, $2.33/100g" src="https://assets.shop.loblaws.ca/products/21536847/b3/en/front/21536847_front_a06_@2.png" srcset="https://assets.shop.loblaws.ca/products/21536847/b3/en/front/21536847_front_a06_@2.png 1x, https://assets.shop.loblaws.ca/products/21536847/b3/en/front/21536847_front_a06_@2.png 2x" loading="lazy" class="chakra-image css-oguq8l" aria-hidden="true"></div><div class="css-qoklea"><div class="css-12dchmx"></div><div data-testid="price-product-tile" class="css-8atqhb"><p class="chakra-text css-0"><span class="chakra-text css-pwnbcb" data-testid="regular-price"><span class="css-idkz9h">$6.99</span>$6.99</span></p></div><a href="/bao-buns-ready-to-steam/p/21536847_EA?source=nspt" class="chakra-linkbox__overlay css-1hnz6hu"><div class="css-0"><p class="chakra-text css-1ecdp9w" data-testid="product-brand">President's Choice</p><h3 class="chakra-heading css-6qrhwc" id="21536847_EA" data-testid="product-title">Bao Buns Ready To Steam</h3><p class="chakra-text css-1yftjin" data-testid="product-package-size">300 g, $2.33/100g</p></div></a><div class="css-8keand"></div></div><div class="css-1q5omjq"><div class="css-fcebb8"><div data-testid="atc-compact" class="css-y94ivq" style="width: 45px;"><button disabled="" type="button" class="chakra-button css-mudsm6" data-testid="atc-button"><svg stroke="currentColor" fill="currentColor" stroke-width="0" viewBox="0 0 24 24" focusable="false" class="chakra-icon css-1g3sp7a" data-testid="btn-icon" aria-hidden="true" height="1em" width="1em" xmlns="http://www.w3.org/2000/svg"><path d="M19 13h-6v6h-2v-6H5v-2h6V5h2v6h6v2z"></path></svg><span class="css-idkz9h">Add Bao Buns Ready To Steam to cart</span></button></div></div><div class="css-4saf4a"><p class="chakra-text css-py8788" data-testid="inventory-badge-text">Out of Stock</p></div></div></div></div></div><div class="css-0"><div class="css-f5i5wc"><div class="chakra-linkbox css-vhnn8v"><div data-testid="product-image" class="css-16dr4ly"><img alt="Villaggio Rustico™ Harvest Multigrain Bread 550 g, $0.73/100g" src="https://assets.shop.loblaws.ca/products/21593468/b3/en/front/21593468_front_a06_@2.png" srcset="https://assets.shop.loblaws.ca/products/21593468/b3/en/front/21593468_front_a06_@2.png 1x, https://assets.shop.loblaws.ca/products/21593468/b3/en/front/21593468_front_a06_@2.png 2x" loading="lazy" class="chakra-image css-oguq8l" aria-hidden="true"></div><div class="css-qoklea"><div class="css-12dchmx"><div class="chakra-badge css-34x0wr" data-testid="product-badge"><div class="css-u4p24i">New</div></div></div><div data-testid="price-product-tile" class="css-8atqhb"><p class="chakra-text css-0"><span class="chakra-text css-pwnbcb" data-testid="regular-price"><span class="css-idkz9h">$3.99</span>$3.99</span></p></div><a href="/rustico-harvest-multigrain-bread/p/21593468_EA?source=nspt" class="chakra-linkbox__overlay css-1hnz6hu"><div class="css-0"><p class="chakra-text css-1ecdp9w" data-testid="product-brand">Villaggio</p><h3 class="chakra-heading css-6qrhwc" id="21593468_EA" data-testid="product-title">Rustico™ Harvest Multigrain Bread</h3><p class="chakra-text css-1yftjin" data-testid="product-package-size">550 g, $0.73/100g</p></div></a><div class="css-8keand"></div></div><div class="css-1q5omjq"><div class="css-fcebb8"><div data-testid="atc-compact" class="css-y94ivq" style="width: 45px;"><button type="button" class="chakra-button css-mudsm6" data-testid="atc-button"><svg stroke="currentColor" fill="currentColor" stroke-width="0" viewBox="0 0 24 24" focusable="false" class="chakra-icon css-1g3sp7a" data-testid="btn-icon" aria-hidden="true" height="1em" width="1em" xmlns="http://www.w3.org/2000/svg"><path d="M19 13h-6v6h-2v-6H5v-2h6V5h2v6h6v2z"></path></svg><span class="css-idkz9h">Add Rustico™ Harvest Multigrain Bread to cart</span></button></div></div></div></div></div></div><div class="css-0"><div class="css-f5i5wc"><div class="chakra-linkbox css-vhnn8v"><div data-testid="product-image" class="css-16dr4ly"><img alt="President's Choice Ready To Bake All Butter Pains Au Chocolat 320 g, $1.87/100g" src="https://assets.shop.loblaws.ca/products/21545086/b3/en/front/21545086_front_a06_@2.png" srcset="https://assets.shop.loblaws.ca/products/21545086/b3/en/front/21545086_front_a06_@2.png 1x, https://assets.shop.loblaws.ca/products/21545086/b3/en/front/21545086_front_a06_@2.png 2x" loading="lazy" class="chakra-image css-oguq8l" aria-hidden="true"></div><div class="css-qoklea"><div class="css-12dchmx"></div><div data-testid="price-product-tile" class="css-8atqhb"><p class="chakra-text css-0"><span class="chakra-text css-pwnbcb" data-testid="regular-price"><span class="css-idkz9h">$5.99</span>$5.99</span></p></div><a href="/ready-to-bake-all-butter-pains-au-chocolat/p/21545086_EA?source=nspt" class="chakra-linkbox__overlay css-1hnz6hu"><div class="css-0"><p class="chakra-text css-1ecdp9w" data-testid="product-brand">President's Choice</p><h3 class="chakra-heading css-6qrhwc" id="21545086_EA" data-testid="product-title">Ready To Bake All Butter Pains Au Chocolat</h3><p class="chakra-text css-1yftjin" data-testid="product-package-size">320 g, $1.87/100g</p></div></a><div class="css-8keand"></div></div><div class="css-1q5omjq"><div class="css-fcebb8"><div data-testid="atc-compact" class="css-y94ivq" style="width: 45px;"><button disabled="" type="button" class="chakra-button css-mudsm6" data-testid="atc-button"><svg stroke="currentColor" fill="currentColor" stroke-width="0" viewBox="0 0 24 24" focusable="false" class="chakra-icon css-1g3sp7a" data-testid="btn-icon" aria-hidden="true" height="1em" width="1em" xmlns="http://www.w3.org/2000/svg"><path d="M19 13h-6v6h-2v-6H5v-2h6V5h2v6h6v2z"></path></svg><span class="css-idkz9h">Add Ready To Bake All Butter Pains Au Chocolat to cart</span></button></div></div><div class="css-4saf4a"><p class="chakra-text css-py8788" data-testid="inventory-badge-text">Out of Stock</p></div></div></div></div></div><div class="css-0"><div class="css-f5i5wc"><div class="chakra-linkbox css-vhnn8v"><div data-testid="product-image" class="css-16dr4ly"><img alt="D'Italiano Sesame Bread Thick Sliced 675 g, $0.56/100g" src="https://assets.shop.loblaws.ca/products/21567005/b3/en/front/21567005_front_a06_@2.png" srcset="https://assets.shop.loblaws.ca/products/21567005/b3/en/front/21567005_front_a06_@2.png 1x, https://assets.shop.loblaws.ca/products/21567005/b3/en/front/21567005_front_a06_@2.png 2x" loading="lazy" class="chakra-image css-oguq8l" aria-hidden="true"></div><div class="css-qoklea"><div class="css-12dchmx"></div><div data-testid="price-product-tile" class="css-8atqhb"><p class="chakra-text css-0"><span class="chakra-text css-pwnbcb" data-testid="regular-price"><span class="css-idkz9h">$3.79</span>$3.79</span></p></div><a href="/sesame-bread-thick-sliced/p/21567005_EA?source=nspt" class="chakra-linkbox__overlay css-1hnz6hu"><div class="css-0"><p class="chakra-text css-1ecdp9w" data-testid="product-brand">D'Italiano</p><h3 class="chakra-heading css-6qrhwc" id="21567005_EA" data-testid="product-title">Sesame Bread Thick Sliced</h3><p class="chakra-text css-1yftjin" data-testid="product-package-size">675 g, $0.56/100g</p></div></a><div class="css-8keand"></div></div><div class="css-1q5omjq"><div class="css-fcebb8"><div data-testid="atc-compact" class="css-y94ivq" style="width: 45px;"><button type="button" class="chakra-button css-mudsm6" data-testid="atc-button"><svg stroke="currentColor" fill="currentColor" stroke-width="0" viewBox="0 0 24 24" focusable="false" class="chakra-icon css-1g3sp7a" data-testid="btn-icon" aria-hidden="true" height="1em" width="1em" xmlns="http://www.w3.org/2000/svg"><path d="M19 13h-6v6h-2v-6H5v-2h6V5h2v6h6v2z"></path></svg><span class="css-idkz9h">Add Sesame Bread Thick Sliced to cart</span></button></div></div></div></div></div></div><div class="css-0"><div class="css-f5i5wc"><div class="chakra-linkbox css-vhnn8v"><div data-testid="product-image" class="css-16dr4ly"><img alt="Wonder White Bread White Texas 675 g, $0.44/100g" src="https://assets.shop.loblaws.ca/products/20771655/b3/en/front/20771655_front_a06_@2.png" srcset="https://assets.shop.loblaws.ca/products/20771655/b3/en/front/20771655_front_a06_@2.png 1x, https://assets.shop.loblaws.ca/products/20771655/b3/en/front/20771655_front_a06_@2.png 2x" loading="lazy" class="chakra-image css-oguq8l" aria-hidden="true"></div><div class="css-qoklea"><div class="css-12dchmx"></div><div data-testid="price-product-tile" class="css-8atqhb"><p class="chakra-text css-0"><span class="chakra-text css-pwnbcb" data-testid="regular-price"><span class="css-idkz9h">$2.99</span>$2.99</span></p></div><a href="/white-bread-white-texas/p/20771655_EA?source=nspt" class="chakra-linkbox__overlay css-1hnz6hu"><div class="css-0"><p class="chakra-text css-1ecdp9w" data-testid="product-brand">Wonder</p><h3 class="chakra-heading css-6qrhwc" id="20771655_EA" data-testid="product-title">White Bread White Texas</h3><p class="chakra-text css-1yftjin" data-testid="product-package-size">675 g, $0.44/100g</p></div></a><div class="css-8keand"></div></div><div class="css-1q5omjq"><div class="css-fcebb8"><div data-testid="atc-compact" class="css-y94ivq" style="width: 45px;"><button type="button" class="chakra-button css-mudsm6" data-testid="atc-button"><svg stroke="currentColor" fill="currentColor" stroke-width="0" viewBox="0 0 24 24" focusable="false" class="chakra-icon css-1g3sp7a" data-testid="btn-icon" aria-hidden="true" height="1em" width="1em" xmlns="http://www.w3.org/2000/svg"><path d="M19 13h-6v6h-2v-6H5v-2h6V5h2v6h6v2z"></path></svg><span class="css-idkz9h">Add White Bread White Texas to cart</span></button></div></div></div></div></div></div><div class="css-0"><div class="css-f5i5wc"><div class="chakra-linkbox css-vhnn8v"><div data-testid="product-image" class="css-16dr4ly"><img alt="No Name Cracked Wheat Bread 675 g, $0.29/100g" src="https://assets.shop.loblaws.ca/products/21509159/b3/en/front/21509159_front_a06_@2.png" srcset="https://assets.shop.loblaws.ca/products/21509159/b3/en/front/21509159_front_a06_@2.png 1x, https://assets.shop.loblaws.ca/products/21509159/b3/en/front/21509159_front_a06_@2.png 2x" loading="lazy" class="chakra-image css-oguq8l" aria-hidden="true"></div><div class="css-qoklea"><div class="css-12dchmx"></div><div data-testid="price-product-tile" class="css-8atqhb"><p class="chakra-text css-0"><span class="chakra-text css-pwnbcb" data-testid="regular-price"><span class="css-idkz9h">$1.97</span>$1.97</span></p></div><a href="/cracked-wheat-bread/p/21509159_EA?source=nspt" class="chakra-linkbox__overlay css-1hnz6hu"><div class="css-0"><p class="chakra-text css-1ecdp9w" data-testid="product-brand">No Name</p><h3 class="chakra-heading css-6qrhwc" id="21509159_EA" data-testid="product-title">Cracked Wheat Bread</h3><p class="chakra-text css-1yftjin" data-testid="product-package-size">675 g, $0.29/100g</p></div></a><div class="css-8keand"></div></div><div class="css-1q5omjq"><div class="css-fcebb8"><div data-testid="atc-compact" class="css-y94ivq" style="width: 45px;"><button type="button" class="chakra-button css-mudsm6" data-testid="atc-button"><svg stroke="currentColor" fill="currentColor" stroke-width="0" viewBox="0 0 24 24" focusable="false" class="chakra-icon css-1g3sp7a" data-testid="btn-icon" aria-hidden="true" height="1em" width="1em" xmlns="http://www.w3.org/2000/svg"><path d="M19 13h-6v6h-2v-6H5v-2h6V5h2v6h6v2z"></path></svg><span class="css-idkz9h">Add Cracked Wheat Bread to cart</span></button></div></div></div></div></div></div><div class="css-0"><div class="css-f5i5wc"><div class="chakra-linkbox css-vhnn8v"><div data-testid="product-image" class="css-16dr4ly"><img alt="Sunmaid Cinnamon Swirl Raisin Bread 450 g, $1.11/100g" src="https://assets.shop.loblaws.ca/products/20165873/b3/en/front/20165873_front_a06_@2.png" srcset="https://assets.shop.loblaws.ca/products/20165873/b3/en/front/20165873_front_a06_@2.png 1x, https://assets.shop.loblaws.ca/products/20165873/b3/en/front/20165873_front_a06_@2.png 2x" loading="lazy" class="chakra-image css-oguq8l" aria-hidden="true"></div><div class="css-qoklea"><div class="css-12dchmx"></div><div data-testid="price-product-tile" class="css-8atqhb"><p class="chakra-text css-0"><span class="chakra-text css-pwnbcb" data-testid="regular-price"><span class="css-idkz9h">$4.99</span>$4.99</span></p></div><a href="/cinnamon-swirl-raisin-bread/p/20165873_EA?source=nspt" class="chakra-linkbox__overlay css-1hnz6hu"><div class="css-0"><p class="chakra-text css-1ecdp9w" data-testid="product-brand">Sunmaid</p><h3 class="chakra-heading css-6qrhwc" id="20165873_EA" data-testid="product-title">Cinnamon Swirl Raisin Bread</h3><p class="chakra-text css-1yftjin" data-testid="product-package-size">450 g, $1.11/100g</p></div></a><div class="css-8keand"></div></div><div class="css-1q5omjq"><div class="css-fcebb8"><div data-testid="atc-compact" class="css-y94ivq" style="width: 45px;"><button type="button" class="chakra-button css-mudsm6" data-testid="atc-button"><svg stroke="currentColor" fill="currentColor" stroke-width="0" viewBox="0 0 24 24" focusable="false" class="chakra-icon css-1g3sp7a" data-testid="btn-icon" aria-hidden="true" height="1em" width="1em" xmlns="http://www.w3.org/2000/svg"><path d="M19 13h-6v6h-2v-6H5v-2h6V5h2v6h6v2z"></path></svg><span class="css-idkz9h">Add Cinnamon Swirl Raisin Bread to cart</span></button></div></div></div></div></div></div><div class="css-0"><div class="css-f5i5wc"><div class="chakra-linkbox css-vhnn8v"><div data-testid="product-image" class="css-16dr4ly"><img alt="Dimpflmeier Pumpernickel Bread 454 g, $0.94/100g" src="https://assets.shop.loblaws.ca/products/20188951/b3/en/front/20188951_front_a06_@2.png" srcset="https://assets.shop.loblaws.ca/products/20188951/b3/en/front/20188951_front_a06_@2.png 1x, https://assets.shop.loblaws.ca/products/20188951/b3/en/front/20188951_front_a06_@2.png 2x" loading="lazy" class="chakra-image css-oguq8l" aria-hidden="true"></div><div class="css-qoklea"><div class="css-12dchmx"></div><div data-testid="price-product-tile" class="css-8atqhb"><p class="chakra-text css-0"><span class="chakra-text css-pwnbcb" data-testid="regular-price"><span class="css-idkz9h">$4.29</span>$4.29</span></p></div><a href="/pumpernickel-bread/p/20188951_EA?source=nspt" class="chakra-linkbox__overlay css-1hnz6hu"><div class="css-0"><p class="chakra-text css-1ecdp9w" data-testid="product-brand">Dimpflmeier</p><h3 class="chakra-heading css-6qrhwc" id="20188951_EA" data-testid="product-title">Pumpernickel Bread</h3><p class="chakra-text css-1yftjin" data-testid="product-package-size">454 g, $0.94/100g</p></div></a><div class="css-8keand"></div></div><div class="css-1q5omjq"><div class="css-fcebb8"><div data-testid="atc-compact" class="css-y94ivq" style="width: 45px;"><button type="button" class="chakra-button css-mudsm6" data-testid="atc-button"><svg stroke="currentColor" fill="currentColor" stroke-width="0" viewBox="0 0 24 24" focusable="false" class="chakra-icon css-1g3sp7a" data-testid="btn-icon" aria-hidden="true" height="1em" width="1em" xmlns="http://www.w3.org/2000/svg"><path d="M19 13h-6v6h-2v-6H5v-2h6V5h2v6h6v2z"></path></svg><span class="css-idkz9h">Add Pumpernickel Bread to cart</span></button></div></div></div></div></div></div><div class="css-0"><div class="css-f5i5wc"><div class="chakra-linkbox css-vhnn8v"><div data-testid="product-image" class="css-16dr4ly"><img alt="Furlani Ready Bake Garlic Parmesan Toast Texas-Style Bread 16x40.0 g, $0.83/100g" src="https://assets.shop.loblaws.ca/products/20291572/b3/en/front/20291572_front_a06_@2.png" srcset="https://assets.shop.loblaws.ca/products/20291572/b3/en/front/20291572_front_a06_@2.png 1x, https://assets.shop.loblaws.ca/products/20291572/b3/en/front/20291572_front_a06_@2.png 2x" loading="lazy" class="chakra-image css-oguq8l" aria-hidden="true"></div><div class="css-qoklea"><div class="css-12dchmx"></div><div data-testid="price-product-tile" class="css-8atqhb"><p class="chakra-text css-0"><span class="chakra-text css-pwnbcb" data-testid="regular-price"><span class="css-idkz9h">$5.29</span>$5.29</span></p></div><a href="/ready-bake-garlic-parmesan-toast-texas-style-bread/p/20291572_EA?source=nspt" class="chakra-linkbox__overlay css-1hnz6hu"><div class="css-0"><p class="chakra-text css-1ecdp9w" data-testid="product-brand">Furlani</p><h3 class="chakra-heading css-6qrhwc" id="20291572_EA" data-testid="product-title">Ready Bake Garlic Parmesan Toast Texas-Style Bread</h3><p class="chakra-text css-1yftjin" data-testid="product-package-size">16x40.0 g, $0.83/100g</p></div></a><div class="css-8keand"></div></div><div class="css-1q5omjq"><div class="css-fcebb8"><div data-testid="atc-compact" class="css-y94ivq" style="width: 45px;"><button type="button" class="chakra-button css-mudsm6" data-testid="atc-button"><svg stroke="currentColor" fill="currentColor" stroke-width="0" viewBox="0 0 24 24" focusable="false" class="chakra-icon css-1g3sp7a" data-testid="btn-icon" aria-hidden="true" height="1em" width="1em" xmlns="http://www.w3.org/2000/svg"><path d="M19 13h-6v6h-2v-6H5v-2h6V5h2v6h6v2z"></path></svg><span class="css-idkz9h">Add Ready Bake Garlic Parmesan Toast Texas-Style Bread to cart</span></button></div></div></div></div></div></div><div class="css-0"><div class="css-f5i5wc"><div class="chakra-linkbox css-vhnn8v"><div data-testid="product-image" class="css-16dr4ly"><img alt="Rubschlager Bavarian Rye Loaf 454 g, $0.66/100g" src="https://assets.shop.loblaws.ca/products/20997012/b3/en/front/20997012_front_a06_@2.png" srcset="https://assets.shop.loblaws.ca/products/20997012/b3/en/front/20997012_front_a06_@2.png 1x, https://assets.shop.loblaws.ca/products/20997012/b3/en/front/20997012_front_a06_@2.png 2x" loading="lazy" class="chakra-image css-oguq8l" aria-hidden="true"></div><div class="css-qoklea"><div class="css-12dchmx"></div><div data-testid="price-product-tile" class="css-8atqhb"><p class="chakra-text css-0"><span class="chakra-text css-pwnbcb" data-testid="regular-price"><span class="css-idkz9h">$3.00</span>$3.00</span></p></div><a href="/bavarian-rye-loaf/p/20997012_EA?source=nspt" class="chakra-linkbox__overlay css-1hnz6hu"><div class="css-0"><p class="chakra-text css-1ecdp9w" data-testid="product-brand">Rubschlager</p><h3 class="chakra-heading css-6qrhwc" id="20997012_EA" data-testid="product-title">Bavarian Rye Loaf</h3><p class="chakra-text css-1yftjin" data-testid="product-package-size">454 g, $0.66/100g</p></div></a><div class="css-8keand"></div></div><div class="css-1q5omjq"><div class="css-fcebb8"><div data-testid="atc-compact" class="css-y94ivq" style="width: 45px;"><button type="button" class="chakra-button css-mudsm6" data-testid="atc-button"><svg stroke="currentColor" fill="currentColor" stroke-width="0" viewBox="0 0 24 24" focusable="false" class="chakra-icon css-1g3sp7a" data-testid="btn-icon" aria-hidden="true" height="1em" width="1em" xmlns="http://www.w3.org/2000/svg"><path d="M19 13h-6v6h-2v-6H5v-2h6V5h2v6h6v2z"></path></svg><span class="css-idkz9h">Add Bavarian Rye Loaf to cart</span></button></div></div></div></div></div></div><div class="css-0"><div class="css-f5i5wc"><div class="chakra-linkbox css-vhnn8v"><div data-testid="product-image" class="css-16dr4ly"><img alt="Dempster Signature Sausage Gold Buns, 6 Pack 426 g, $0.84/100g" src="https://assets.shop.loblaws.ca/products/21331650/b3/en/front/21331650_front_a06_@2.png" srcset="https://assets.shop.loblaws.ca/products/21331650/b3/en/front/21331650_front_a06_@2.png 1x, https://assets.shop.loblaws.ca/products/21331650/b3/en/front/21331650_front_a06_@2.png 2x" loading="lazy" class="chakra-image css-oguq8l" aria-hidden="true"></div><div class="css-qoklea"><div class="css-12dchmx"></div><div data-testid="price-product-tile" class="css-8atqhb"><p class="chakra-text css-0"><span class="chakra-text css-pwnbcb" data-testid="regular-price"><span class="css-idkz9h">$3.59</span>$3.59</span></p></div><a href="/signature-sausage-gold-buns-6-pack/p/21331650_EA?source=nspt" class="chakra-linkbox__overlay css-1hnz6hu"><div class="css-0"><p class="chakra-text css-1ecdp9w" data-testid="product-brand">Dempster</p><h3 class="chakra-heading css-6qrhwc" id="21331650_EA" data-testid="product-title">Signature Sausage Gold Buns, 6 Pack</h3><p class="chakra-text css-1yftjin" data-testid="product-package-size">426 g, $0.84/100g</p></div></a><div class="css-8keand"></div></div><div class="css-1q5omjq"><div class="css-fcebb8"><div data-testid="atc-compact" class="css-y94ivq" style="width: 45px;"><button type="button" class="chakra-button css-mudsm6" data-testid="atc-button"><svg stroke="currentColor" fill="currentColor" stroke-width="0" viewBox="0 0 24 24" focusable="false" class="chakra-icon css-1g3sp7a" data-testid="btn-icon" aria-hidden="true" height="1em" width="1em" xmlns="http://www.w3.org/2000/svg"><path d="M19 13h-6v6h-2v-6H5v-2h6V5h2v6h6v2z"></path></svg><span class="css-idkz9h">Add Signature Sausage Gold Buns, 6 Pack to cart</span></button></div></div></div></div></div></div><div class="css-0"><div class="css-f5i5wc"><div class="chakra-linkbox css-vhnn8v"><div data-testid="product-image" class="css-16dr4ly"><img alt="Promise Gluten Free Soft White Loaf 480 g, $1.66/100g" src="https://assets.shop.loblaws.ca/products/21414753/b3/en/front/21414753_front_a06_@2.png" srcset="https://assets.shop.loblaws.ca/products/21414753/b3/en/front/21414753_front_a06_@2.png 1x, https://assets.shop.loblaws.ca/products/21414753/b3/en/front/21414753_front_a06_@2.png 2x" loading="lazy" class="chakra-image css-oguq8l" aria-hidden="true"></div><div class="css-qoklea"><div class="css-12dchmx"></div><div data-testid="price-product-tile" class="css-8atqhb"><p class="chakra-text css-0"><span class="chakra-text css-pwnbcb" data-testid="regular-price"><span class="css-idkz9h">$7.99</span>$7.99</span></p></div><a href="/soft-white-loaf/p/21414753_EA?source=nspt" class="chakra-linkbox__overlay css-1hnz6hu"><div class="css-0"><p class="chakra-text css-1ecdp9w" data-testid="product-brand">Promise Gluten Free</p><h3 class="chakra-heading css-6qrhwc" id="21414753_EA" data-testid="product-title">Soft White Loaf</h3><p class="chakra-text css-1yftjin" data-testid="product-package-size">480 g, $1.66/100g</p></div></a><div class="css-8keand"></div></div><div class="css-1q5omjq"><div class="css-fcebb8"><div data-testid="atc-compact" class="css-y94ivq" style="width: 45px;"><button type="button" class="chakra-button css-mudsm6" data-testid="atc-button"><svg stroke="currentColor" fill="currentColor" stroke-width="0" viewBox="0 0 24 24" focusable="false" class="chakra-icon css-1g3sp7a" data-testid="btn-icon" aria-hidden="true" height="1em" width="1em" xmlns="http://www.w3.org/2000/svg"><path d="M19 13h-6v6h-2v-6H5v-2h6V5h2v6h6v2z"></path></svg><span class="css-idkz9h">Add Soft White Loaf to cart</span></button></div></div></div></div></div></div><div class="css-0"><div class="css-f5i5wc"><div class="chakra-linkbox css-vhnn8v"><div data-testid="product-image" class="css-16dr4ly"><img alt="Dempster 100% Whole Grains 12 Grain Bread 600 g, $0.72/100g" src="https://assets.shop.loblaws.ca/products/20251602/b3/en/front/20251602_front_a06_@2.png" srcset="https://assets.shop.loblaws.ca/products/20251602/b3/en/front/20251602_front_a06_@2.png 1x, https://assets.shop.loblaws.ca/products/20251602/b3/en/front/20251602_front_a06_@2.png 2x" loading="lazy" class="chakra-image css-oguq8l" aria-hidden="true"></div><div class="css-qoklea"><div class="css-12dchmx"></div><div data-testid="price-product-tile" class="css-8atqhb"><p class="chakra-text css-0"><span class="chakra-text css-pwnbcb" data-testid="regular-price"><span class="css-idkz9h">$4.29</span>$4.29</span></p></div><a href="/100-whole-grains-12-grain-bread/p/20251602_EA?source=nspt" class="chakra-linkbox__overlay css-1hnz6hu"><div class="css-0"><p class="chakra-text css-1ecdp9w" data-testid="product-brand">Dempster</p><h3 class="chakra-heading css-6qrhwc" id="20251602_EA" data-testid="product-title">100% Whole Grains 12 Grain Bread</h3><p class="chakra-text css-1yftjin" data-testid="product-package-size">600 g, $0.72/100g</p></div></a><div class="css-8keand"></div></div><div class="css-1q5omjq"><div class="css-fcebb8"><div data-testid="atc-compact" class="css-y94ivq" style="width: 45px;"><button type="button" class="chakra-button css-mudsm6" data-testid="atc-button"><svg stroke="currentColor" fill="currentColor" stroke-width="0" viewBox="0 0 24 24" focusable="false" class="chakra-icon css-1g3sp7a" data-testid="btn-icon" aria-hidden="true" height="1em" width="1em" xmlns="http://www.w3.org/2000/svg"><path d="M19 13h-6v6h-2v-6H5v-2h6V5h2v6h6v2z"></path></svg><span class="css-idkz9h">Add 100% Whole Grains 12 Grain Bread to cart</span></button></div></div></div></div></div></div><div class="css-0"><div class="css-f5i5wc"><div class="chakra-linkbox css-vhnn8v"><div data-testid="product-image" class="css-16dr4ly"><img alt="LA FOURNEE DOREE Milk Brioche Rolls 350 g, $1.85/100g" src="https://assets.shop.loblaws.ca/products/21298033/b3/en/front/21298033_front_a06_@2.png" srcset="https://assets.shop.loblaws.ca/products/21298033/b3/en/front/21298033_front_a06_@2.png 1x, https://assets.shop.loblaws.ca/products/21298033/b3/en/front/21298033_front_a06_@2.png 2x" loading="lazy" class="chakra-image css-oguq8l" aria-hidden="true"></div><div class="css-qoklea"><div class="css-12dchmx"></div><div data-testid="price-product-tile" class="css-8atqhb"><p class="chakra-text css-0"><span class="chakra-text css-pwnbcb" data-testid="regular-price"><span class="css-idkz9h">$6.49</span>$6.49</span></p></div><a href="/milk-brioche-rolls/p/21298033_EA?source=nspt" class="chakra-linkbox__overlay css-1hnz6hu"><div class="css-0"><p class="chakra-text css-1ecdp9w" data-testid="product-brand">LA FOURNEE DOREE</p><h3 class="chakra-heading css-6qrhwc" id="21298033_EA" data-testid="product-title">Milk Brioche Rolls</h3><p class="chakra-text css-1yftjin" data-testid="product-package-size">350 g, $1.85/100g</p></div></a><div class="css-8keand"></div></div><div class="css-1q5omjq"><div class="css-fcebb8"><div data-testid="atc-compact" class="css-y94ivq" style="width: 45px;"><button type="button" class="chakra-button css-mudsm6" data-testid="atc-button"><svg stroke="currentColor" fill="currentColor" stroke-width="0" viewBox="0 0 24 24" focusable="false" class="chakra-icon css-1g3sp7a" data-testid="btn-icon" aria-hidden="true" height="1em" width="1em" xmlns="http://www.w3.org/2000/svg"><path d="M19 13h-6v6h-2v-6H5v-2h6V5h2v6h6v2z"></path></svg><span class="css-idkz9h">Add Milk Brioche Rolls to cart</span></button></div></div></div></div></div></div><div class="css-0"><div class="css-f5i5wc"><div class="chakra-linkbox css-vhnn8v"><div data-testid="product-image" class="css-16dr4ly"><img alt="Wonder 100% Whole Wheat Bread Thin Sliced 675 g, $0.44/100g" src="https://assets.shop.loblaws.ca/products/21109000/b3/en/front/21109000_front_a06_@2.png" srcset="https://assets.shop.loblaws.ca/products/21109000/b3/en/front/21109000_front_a06_@2.png 1x, https://assets.shop.loblaws.ca/products/21109000/b3/en/front/21109000_front_a06_@2.png 2x" loading="lazy" class="chakra-image css-oguq8l" aria-hidden="true"></div><div class="css-qoklea"><div class="css-12dchmx"></div><div data-testid="price-product-tile" class="css-8atqhb"><p class="chakra-text css-0"><span class="chakra-text css-pwnbcb" data-testid="regular-price"><span class="css-idkz9h">$2.99</span>$2.99</span></p></div><a href="/100-whole-wheat-bread-thin-sliced/p/21109000_EA?source=nspt" class="chakra-linkbox__overlay css-1hnz6hu"><div class="css-0"><p class="chakra-text css-1ecdp9w" data-testid="product-brand">Wonder</p><h3 class="chakra-heading css-6qrhwc" id="21109000_EA" data-testid="product-title">100% Whole Wheat Bread Thin Sliced</h3><p class="chakra-text css-1yftjin" data-testid="product-package-size">675 g, $0.44/100g</p></div></a><div class="css-8keand"></div></div><div class="css-1q5omjq"><div class="css-fcebb8"><div data-testid="atc-compact" class="css-y94ivq" style="width: 45px;"><button type="button" class="chakra-button css-mudsm6" data-testid="atc-button"><svg stroke="currentColor" fill="currentColor" stroke-width="0" viewBox="0 0 24 24" focusable="false" class="chakra-icon css-1g3sp7a" data-testid="btn-icon" aria-hidden="true" height="1em" width="1em" xmlns="http://www.w3.org/2000/svg"><path d="M19 13h-6v6h-2v-6H5v-2h6V5h2v6h6v2z"></path></svg><span class="css-idkz9h">Add 100% Whole Wheat Bread Thin Sliced to cart</span></button></div></div></div></div></div></div><div class="css-0"><div class="css-f5i5wc"><div class="chakra-linkbox css-vhnn8v"><div data-testid="product-image" class="css-16dr4ly"><img alt="No Name Ready to Bake Garlic Toast 638 g, $0.55/100g" src="https://assets.shop.loblaws.ca/products/21361140/b3/en/front/21361140_front_a06_@2.png" srcset="https://assets.shop.loblaws.ca/products/21361140/b3/en/front/21361140_front_a06_@2.png 1x, https://assets.shop.loblaws.ca/products/21361140/b3/en/front/21361140_front_a06_@2.png 2x" loading="lazy" class="chakra-image css-oguq8l" aria-hidden="true"></div><div class="css-qoklea"><div class="css-12dchmx"></div><div data-testid="price-product-tile" class="css-8atqhb"><p class="chakra-text css-0"><span class="chakra-text css-pwnbcb" data-testid="regular-price"><span class="css-idkz9h">$3.50</span>$3.50</span></p></div><a href="/ready-to-bake-garlic-toast/p/21361140_EA?source=nspt" class="chakra-linkbox__overlay css-1hnz6hu"><div class="css-0"><p class="chakra-text css-1ecdp9w" data-testid="product-brand">No Name</p><h3 class="chakra-heading css-6qrhwc" id="21361140_EA" data-testid="product-title">Ready to Bake Garlic Toast</h3><p class="chakra-text css-1yftjin" data-testid="product-package-size">638 g, $0.55/100g</p></div></a><div class="css-8keand"></div></div><div class="css-1q5omjq"><div class="css-fcebb8"><div data-testid="atc-compact" class="css-y94ivq" style="width: 45px;"><button type="button" class="chakra-button css-mudsm6" data-testid="atc-button"><svg stroke="currentColor" fill="currentColor" stroke-width="0" viewBox="0 0 24 24" focusable="false" class="chakra-icon css-1g3sp7a" data-testid="btn-icon" aria-hidden="true" height="1em" width="1em" xmlns="http://www.w3.org/2000/svg"><path d="M19 13h-6v6h-2v-6H5v-2h6V5h2v6h6v2z"></path></svg><span class="css-idkz9h">Add Ready to Bake Garlic Toast to cart</span></button></div></div></div></div></div></div><div class="css-0"><div class="css-f5i5wc"><div class="chakra-linkbox css-vhnn8v"><div data-testid="product-image" class="css-16dr4ly"><img alt="President's Choice Gluten Free Millet &amp; Quinoa 454 g, $1.39/100g" src="https://assets.shop.loblaws.ca/products/21286866/b3/en/front/21286866_front_a06_@2.png" srcset="https://assets.shop.loblaws.ca/products/21286866/b3/en/front/21286866_front_a06_@2.png 1x, https://assets.shop.loblaws.ca/products/21286866/b3/en/front/21286866_front_a06_@2.png 2x" loading="lazy" class="chakra-image css-oguq8l" aria-hidden="true"></div><div class="css-qoklea"><div class="css-12dchmx"></div><div data-testid="price-product-tile" class="css-8atqhb"><p class="chakra-text css-0"><span class="chakra-text css-pwnbcb" data-testid="regular-price"><span class="css-idkz9h">$6.29</span>$6.29</span></p></div><a href="/gluten-free-millet-quinoa/p/21286866_EA?source=nspt" class="chakra-linkbox__overlay css-1hnz6hu"><div class="css-0"><p class="chakra-text css-1ecdp9w" data-testid="product-brand">President's Choice</p><h3 class="chakra-heading css-6qrhwc" id="21286866_EA" data-testid="product-title">Gluten Free Millet &amp; Quinoa</h3><p class="chakra-text css-1yftjin" data-testid="product-package-size">454 g, $1.39/100g</p></div></a><div class="css-8keand"></div></div><div class="css-1q5omjq"><div class="css-fcebb8"><div data-testid="atc-compact" class="css-y94ivq" style="width: 45px;"><button type="button" class="chakra-button css-mudsm6" data-testid="atc-button"><svg stroke="currentColor" fill="currentColor" stroke-width="0" viewBox="0 0 24 24" focusable="false" class="chakra-icon css-1g3sp7a" data-testid="btn-icon" aria-hidden="true" height="1em" width="1em" xmlns="http://www.w3.org/2000/svg"><path d="M19 13h-6v6h-2v-6H5v-2h6V5h2v6h6v2z"></path></svg><span class="css-idkz9h">Add Gluten Free Millet &amp; Quinoa to cart</span></button></div></div></div></div></div></div><div class="css-0"><div class="css-f5i5wc"><div class="chakra-linkbox css-vhnn8v"><div data-testid="product-image" class="css-16dr4ly"><img alt="Rubschlager Pumpernickel Loaf 454 g, $0.66/100g" src="https://assets.shop.loblaws.ca/products/20998898/b3/en/front/20998898_front_a06_@2.png" srcset="https://assets.shop.loblaws.ca/products/20998898/b3/en/front/20998898_front_a06_@2.png 1x, https://assets.shop.loblaws.ca/products/20998898/b3/en/front/20998898_front_a06_@2.png 2x" loading="lazy" class="chakra-image css-oguq8l" aria-hidden="true"></div><div class="css-qoklea"><div class="css-12dchmx"></div><div data-testid="price-product-tile" class="css-8atqhb"><p class="chakra-text css-0"><span class="chakra-text css-pwnbcb" data-testid="regular-price"><span class="css-idkz9h">$3.00</span>$3.00</span></p></div><a href="/pumpernickel-loaf/p/20998898_EA?source=nspt" class="chakra-linkbox__overlay css-1hnz6hu"><div class="css-0"><p class="chakra-text css-1ecdp9w" data-testid="product-brand">Rubschlager</p><h3 class="chakra-heading css-6qrhwc" id="20998898_EA" data-testid="product-title">Pumpernickel Loaf</h3><p class="chakra-text css-1yftjin" data-testid="product-package-size">454 g, $0.66/100g</p></div></a><div class="css-8keand"></div></div><div class="css-1q5omjq"><div class="css-fcebb8"><div data-testid="atc-compact" class="css-y94ivq" style="width: 45px;"><button type="button" class="chakra-button css-mudsm6" data-testid="atc-button"><svg stroke="currentColor" fill="currentColor" stroke-width="0" viewBox="0 0 24 24" focusable="false" class="chakra-icon css-1g3sp7a" data-testid="btn-icon" aria-hidden="true" height="1em" width="1em" xmlns="http://www.w3.org/2000/svg"><path d="M19 13h-6v6h-2v-6H5v-2h6V5h2v6h6v2z"></path></svg><span class="css-idkz9h">Add Pumpernickel Loaf to cart</span></button></div></div></div></div></div></div><div class="css-0"><div class="css-f5i5wc"><div class="chakra-linkbox css-vhnn8v"><div data-testid="product-image" class="css-16dr4ly"><img alt="Dimpflmeier Bread Prebiotic Multi-Grain 454 g, $0.88/100g" src="https://assets.shop.loblaws.ca/products/20082929/b3/en/front/20082929_front_a06_@2.png" srcset="https://assets.shop.loblaws.ca/products/20082929/b3/en/front/20082929_front_a06_@2.png 1x, https://assets.shop.loblaws.ca/products/20082929/b3/en/front/20082929_front_a06_@2.png 2x" loading="lazy" class="chakra-image css-oguq8l" aria-hidden="true"></div><div class="css-qoklea"><div class="css-12dchmx"></div><div data-testid="price-product-tile" class="css-8atqhb"><p class="chakra-text css-0"><span class="chakra-text css-pwnbcb" data-testid="regular-price"><span class="css-idkz9h">$3.99</span>$3.99</span></p></div><a href="/bread-prebiotic-multi-grain/p/20082929_EA?source=nspt" class="chakra-linkbox__overlay css-1hnz6hu"><div class="css-0"><p class="chakra-text css-1ecdp9w" data-testid="product-brand">Dimpflmeier</p><h3 class="chakra-heading css-6qrhwc" id="20082929_EA" data-testid="product-title">Bread Prebiotic Multi-Grain</h3><p class="chakra-text css-1yftjin" data-testid="product-package-size">454 g, $0.88/100g</p></div></a><div class="css-8keand"></div></div><div class="css-1q5omjq"><div class="css-fcebb8"><div data-testid="atc-compact" class="css-y94ivq" style="width: 45px;"><button type="button" class="chakra-button css-mudsm6" data-testid="atc-button"><svg stroke="currentColor" fill="currentColor" stroke-width="0" viewBox="0 0 24 24" focusable="false" class="chakra-icon css-1g3sp7a" data-testid="btn-icon" aria-hidden="true" height="1em" width="1em" xmlns="http://www.w3.org/2000/svg"><path d="M19 13h-6v6h-2v-6H5v-2h6V5h2v6h6v2z"></path></svg><span class="css-idkz9h">Add Bread Prebiotic Multi-Grain to cart</span></button></div></div></div></div></div></div><div class="css-0"><div class="css-f5i5wc"><div class="chakra-linkbox css-vhnn8v"><div data-testid="product-image" class="css-16dr4ly"><img alt="Dimpflmeier Sonnenblumenkerne Bread 454 g, $0.83/100g" src="https://assets.shop.loblaws.ca/products/20310000/b3/en/front/20310000_front_a06_@2.png" srcset="https://assets.shop.loblaws.ca/products/20310000/b3/en/front/20310000_front_a06_@2.png 1x, https://assets.shop.loblaws.ca/products/20310000/b3/en/front/20310000_front_a06_@2.png 2x" loading="lazy" class="chakra-image css-oguq8l" aria-hidden="true"></div><div class="css-qoklea"><div class="css-12dchmx"></div><div data-testid="price-product-tile" class="css-8atqhb"><p class="chakra-text css-0"><span class="chakra-text css-pwnbcb" data-testid="regular-price"><span class="css-idkz9h">$3.79</span>$3.79</span></p></div><a href="/sonnenblumenkerne-bread/p/20310000_EA?source=nspt" class="chakra-linkbox__overlay css-1hnz6hu"><div class="css-0"><p class="chakra-text css-1ecdp9w" data-testid="product-brand">Dimpflmeier</p><h3 class="chakra-heading css-6qrhwc" id="20310000_EA" data-testid="product-title">Sonnenblumenkerne Bread</h3><p class="chakra-text css-1yftjin" data-testid="product-package-size">454 g, $0.83/100g</p></div></a><div class="css-8keand"></div></div><div class="css-1q5omjq"><div class="css-fcebb8"><div data-testid="atc-compact" class="css-y94ivq" style="width: 45px;"><button type="button" class="chakra-button css-mudsm6" data-testid="atc-button"><svg stroke="currentColor" fill="currentColor" stroke-width="0" viewBox="0 0 24 24" focusable="false" class="chakra-icon css-1g3sp7a" data-testid="btn-icon" aria-hidden="true" height="1em" width="1em" xmlns="http://www.w3.org/2000/svg"><path d="M19 13h-6v6h-2v-6H5v-2h6V5h2v6h6v2z"></path></svg><span class="css-idkz9h">Add Sonnenblumenkerne Bread to cart</span></button></div></div></div></div></div></div><div class="css-0"><div class="css-f5i5wc"><div class="chakra-linkbox css-vhnn8v"><div data-testid="product-image" class="css-16dr4ly"><img alt="Ready Bake Garlic Bread 330 g, $0.91/100g" src="https://assets.shop.loblaws.ca/products/21020061/b3/en/front/21020061_front_a06_@2.png" srcset="https://assets.shop.loblaws.ca/products/21020061/b3/en/front/21020061_front_a06_@2.png 1x, https://assets.shop.loblaws.ca/products/21020061/b3/en/front/21020061_front_a06_@2.png 2x" loading="lazy" class="chakra-image css-oguq8l" aria-hidden="true"></div><div class="css-qoklea"><div class="css-12dchmx"></div><div data-testid="price-product-tile" class="css-8atqhb"><p class="chakra-text css-0"><span class="chakra-text css-pwnbcb" data-testid="regular-price"><span class="css-idkz9h">$2.99</span>$2.99</span></p></div><a href="/garlic-bread/p/21020061_EA?source=nspt" class="chakra-linkbox__overlay css-1hnz6hu"><div class="css-0"><p class="chakra-text css-1ecdp9w" data-testid="product-brand">Ready Bake</p><h3 class="chakra-heading css-6qrhwc" id="21020061_EA" data-testid="product-title">Garlic Bread</h3><p class="chakra-text css-1yftjin" data-testid="product-package-size">330 g, $0.91/100g</p></div></a><div class="css-8keand"></div></div><div class="css-1q5omjq"><div class="css-fcebb8"><div data-testid="atc-compact" class="css-y94ivq" style="width: 45px;"><button type="button" class="chakra-button css-mudsm6" data-testid="atc-button"><svg stroke="currentColor" fill="currentColor" stroke-width="0" viewBox="0 0 24 24" focusable="false" class="chakra-icon css-1g3sp7a" data-testid="btn-icon" aria-hidden="true" height="1em" width="1em" xmlns="http://www.w3.org/2000/svg"><path d="M19 13h-6v6h-2v-6H5v-2h6V5h2v6h6v2z"></path></svg><span class="css-idkz9h">Add Garlic Bread to cart</span></button></div></div></div></div></div></div><div class="css-0"><div class="css-f5i5wc"><div class="chakra-linkbox css-vhnn8v"><div data-testid="product-image" class="css-16dr4ly"><img alt="Rudolphs Bavarian Premium Sandwich Bread 500 g, $0.60/100g" src="https://assets.shop.loblaws.ca/products/20342144/b3/en/front/20342144_front_a06_@2.png" srcset="https://assets.shop.loblaws.ca/products/20342144/b3/en/front/20342144_front_a06_@2.png 1x, https://assets.shop.loblaws.ca/products/20342144/b3/en/front/20342144_front_a06_@2.png 2x" loading="lazy" class="chakra-image css-oguq8l" aria-hidden="true"></div><div class="css-qoklea"><div class="css-12dchmx"></div><div data-testid="price-product-tile" class="css-8atqhb"><p class="chakra-text css-0"><span class="chakra-text css-o93gbd" data-testid="sale-price"><span class="css-idkz9h">$2.99</span>$2.99</span><span class="chakra-text css-623q5h" data-testid="was-price"><span class="css-idkz9h">$3.99</span>$3.99</span></p><p class="chakra-text css-1m5a6y8" data-testid="price-descriptor">SAVE $1.00</p></div><a href="/bavarian-premium-sandwich-bread/p/20342144_EA?source=nspt" class="chakra-linkbox__overlay css-1hnz6hu"><div class="css-0"><p class="chakra-text css-1ecdp9w" data-testid="product-brand">Rudolphs</p><h3 class="chakra-heading css-6qrhwc" id="20342144_EA" data-testid="product-title">Bavarian Premium Sandwich Bread</h3><p class="chakra-text css-1yftjin" data-testid="product-package-size">500 g, $0.60/100g</p></div></a><div class="css-8keand"></div></div><div class="css-1q5omjq"><div class="css-fcebb8"><div data-testid="atc-compact" class="css-y94ivq" style="width: 45px;"><button type="button" class="chakra-button css-mudsm6" data-testid="atc-button"><svg stroke="currentColor" fill="currentColor" stroke-width="0" viewBox="0 0 24 24" focusable="false" class="chakra-icon css-1g3sp7a" data-testid="btn-icon" aria-hidden="true" height="1em" width="1em" xmlns="http://www.w3.org/2000/svg"><path d="M19 13h-6v6h-2v-6H5v-2h6V5h2v6h6v2z"></path></svg><span class="css-idkz9h">Add Bavarian Premium Sandwich Bread to cart</span></button></div></div></div></div></div></div><div class="css-0"><div class="css-f5i5wc"><div class="chakra-linkbox css-vhnn8v"><div data-testid="product-image" class="css-16dr4ly"><img alt="Rudolphs Light Rye Bread 680 g, $0.56/100g" src="https://assets.shop.loblaws.ca/products/20147520/b3/en/front/20147520_front_a06_@2.png" srcset="https://assets.shop.loblaws.ca/products/20147520/b3/en/front/20147520_front_a06_@2.png 1x, https://assets.shop.loblaws.ca/products/20147520/b3/en/front/20147520_front_a06_@2.png 2x" loading="lazy" class="chakra-image css-oguq8l" aria-hidden="true"></div><div class="css-qoklea"><div class="css-12dchmx"></div><div data-testid="price-product-tile" class="css-8atqhb"><p class="chakra-text css-0"><span class="chakra-text css-pwnbcb" data-testid="regular-price"><span class="css-idkz9h">$3.79</span>$3.79</span></p></div><a href="/light-rye-bread/p/20147520_EA?source=nspt" class="chakra-linkbox__overlay css-1hnz6hu"><div class="css-0"><p class="chakra-text css-1ecdp9w" data-testid="product-brand">Rudolphs</p><h3 class="chakra-heading css-6qrhwc" id="20147520_EA" data-testid="product-title">Light Rye Bread</h3><p class="chakra-text css-1yftjin" data-testid="product-package-size">680 g, $0.56/100g</p></div></a><div class="css-8keand"></div></div><div class="css-1q5omjq"><div class="css-fcebb8"><div data-testid="atc-compact" class="css-y94ivq" style="width: 45px;"><button type="button" class="chakra-button css-mudsm6" data-testid="atc-button"><svg stroke="currentColor" fill="currentColor" stroke-width="0" viewBox="0 0 24 24" focusable="false" class="chakra-icon css-1g3sp7a" data-testid="btn-icon" aria-hidden="true" height="1em" width="1em" xmlns="http://www.w3.org/2000/svg"><path d="M19 13h-6v6h-2v-6H5v-2h6V5h2v6h6v2z"></path></svg><span class="css-idkz9h">Add Light Rye Bread to cart</span></button></div></div></div></div></div></div><div class="css-0"><div class="css-f5i5wc"><div class="chakra-linkbox css-vhnn8v"><div data-testid="product-image" class="css-16dr4ly"><img alt="Dimpflmeier Rye Bread With Whole Grain 454 g, $1.14/100g" src="https://assets.shop.loblaws.ca/products/20013965/b3/en/front/20013965_front_a06_@2.png" srcset="https://assets.shop.loblaws.ca/products/20013965/b3/en/front/20013965_front_a06_@2.png 1x, https://assets.shop.loblaws.ca/products/20013965/b3/en/front/20013965_front_a06_@2.png 2x" loading="lazy" class="chakra-image css-oguq8l" aria-hidden="true"></div><div class="css-qoklea"><div class="css-12dchmx"></div><div data-testid="price-product-tile" class="css-8atqhb"><p class="chakra-text css-0"><span class="chakra-text css-pwnbcb" data-testid="regular-price"><span class="css-idkz9h">$5.19</span>$5.19</span></p></div><a href="/rye-bread-with-whole-grain/p/20013965_EA?source=nspt" class="chakra-linkbox__overlay css-1hnz6hu"><div class="css-0"><p class="chakra-text css-1ecdp9w" data-testid="product-brand">Dimpflmeier</p><h3 class="chakra-heading css-6qrhwc" id="20013965_EA" data-testid="product-title">Rye Bread With Whole Grain</h3><p class="chakra-text css-1yftjin" data-testid="product-package-size">454 g, $1.14/100g</p></div></a><div class="css-8keand"></div></div><div class="css-1q5omjq"><div class="css-fcebb8"><div data-testid="atc-compact" class="css-y94ivq" style="width: 45px;"><button type="button" class="chakra-button css-mudsm6" data-testid="atc-button"><svg stroke="currentColor" fill="currentColor" stroke-width="0" viewBox="0 0 24 24" focusable="false" class="chakra-icon css-1g3sp7a" data-testid="btn-icon" aria-hidden="true" height="1em" width="1em" xmlns="http://www.w3.org/2000/svg"><path d="M19 13h-6v6h-2v-6H5v-2h6V5h2v6h6v2z"></path></svg><span class="css-idkz9h">Add Rye Bread With Whole Grain to cart</span></button></div></div></div></div></div></div><div class="css-0"><div class="css-f5i5wc"><div class="chakra-linkbox css-vhnn8v"><div data-testid="product-image" class="css-16dr4ly"><img alt="Dimpflmeier Bread Original Swedish Style Light Rye 680 g, $0.73/100g" src="https://assets.shop.loblaws.ca/products/20166149/b3/en/front/20166149_front_a06_@2.png" srcset="https://assets.shop.loblaws.ca/products/20166149/b3/en/front/20166149_front_a06_@2.png 1x, https://assets.shop.loblaws.ca/products/20166149/b3/en/front/20166149_front_a06_@2.png 2x" loading="lazy" class="chakra-image css-oguq8l" aria-hidden="true"></div><div class="css-qoklea"><div class="css-12dchmx"></div><div data-testid="price-product-tile" class="css-8atqhb"><p class="chakra-text css-0"><span class="chakra-text css-pwnbcb" data-testid="regular-price"><span class="css-idkz9h">$4.99</span>$4.99</span></p></div><a href="/bread-original-swedish-style-light-rye/p/20166149_EA?source=nspt" class="chakra-linkbox__overlay css-1hnz6hu"><div class="css-0"><p class="chakra-text css-1ecdp9w" data-testid="product-brand">Dimpflmeier</p><h3 class="chakra-heading css-6qrhwc" id="20166149_EA" data-testid="product-title">Bread Original Swedish Style Light Rye</h3><p class="chakra-text css-1yftjin" data-testid="product-package-size">680 g, $0.73/100g</p></div></a><div class="css-8keand"></div></div><div class="css-1q5omjq"><div class="css-fcebb8"><div data-testid="atc-compact" class="css-y94ivq" style="width: 45px;"><button type="button" class="chakra-button css-mudsm6" data-testid="atc-button"><svg stroke="currentColor" fill="currentColor" stroke-width="0" viewBox="0 0 24 24" focusable="false" class="chakra-icon css-1g3sp7a" data-testid="btn-icon" aria-hidden="true" height="1em" width="1em" xmlns="http://www.w3.org/2000/svg"><path d="M19 13h-6v6h-2v-6H5v-2h6V5h2v6h6v2z"></path></svg><span class="css-idkz9h">Add Bread Original Swedish Style Light Rye to cart</span></button></div></div></div></div></div></div><div class="css-0"><div class="css-f5i5wc"><div class="chakra-linkbox css-vhnn8v"><div data-testid="product-image" class="css-16dr4ly"><img alt="Silver Hills Squirrelly Bread 600 g, $0.92/100g" src="https://assets.shop.loblaws.ca/products/20155511/b3/en/front/20155511_front_a06_@2.png" srcset="https://assets.shop.loblaws.ca/products/20155511/b3/en/front/20155511_front_a06_@2.png 1x, https://assets.shop.loblaws.ca/products/20155511/b3/en/front/20155511_front_a06_@2.png 2x" loading="lazy" class="chakra-image css-oguq8l" aria-hidden="true"></div><div class="css-qoklea"><div class="css-12dchmx"></div><div data-testid="price-product-tile" class="css-8atqhb"><p class="chakra-text css-0"><span class="chakra-text css-pwnbcb" data-testid="regular-price"><span class="css-idkz9h">$5.49</span>$5.49</span></p></div><a href="/squirrelly-bread/p/20155511_EA?source=nspt" class="chakra-linkbox__overlay css-1hnz6hu"><div class="css-0"><p class="chakra-text css-1ecdp9w" data-testid="product-brand">Silver Hills</p><h3 class="chakra-heading css-6qrhwc" id="20155511_EA" data-testid="product-title">Squirrelly Bread</h3><p class="chakra-text css-1yftjin" data-testid="product-package-size">600 g, $0.92/100g</p></div></a><div class="css-8keand"></div></div><div class="css-1q5omjq"><div class="css-fcebb8"><div data-testid="atc-compact" class="css-y94ivq" style="width: 45px;"><button type="button" class="chakra-button css-mudsm6" data-testid="atc-button"><svg stroke="currentColor" fill="currentColor" stroke-width="0" viewBox="0 0 24 24" focusable="false" class="chakra-icon css-1g3sp7a" data-testid="btn-icon" aria-hidden="true" height="1em" width="1em" xmlns="http://www.w3.org/2000/svg"><path d="M19 13h-6v6h-2v-6H5v-2h6V5h2v6h6v2z"></path></svg><span class="css-idkz9h">Add Squirrelly Bread to cart</span></button></div></div></div></div></div></div><div class="css-0"><div class="css-f5i5wc"><div class="chakra-linkbox css-vhnn8v"><div data-testid="product-image" class="css-16dr4ly"><img alt="Dimpflmeier Spelt Bread with Wild Rice 454 g, $1.10/100g" src="https://assets.shop.loblaws.ca/products/20305160/b3/en/front/20305160_front_a06_@2.png" srcset="https://assets.shop.loblaws.ca/products/20305160/b3/en/front/20305160_front_a06_@2.png 1x, https://assets.shop.loblaws.ca/products/20305160/b3/en/front/20305160_front_a06_@2.png 2x" loading="lazy" class="chakra-image css-oguq8l" aria-hidden="true"></div><div class="css-qoklea"><div class="css-12dchmx"></div><div data-testid="price-product-tile" class="css-8atqhb"><p class="chakra-text css-0"><span class="chakra-text css-pwnbcb" data-testid="regular-price"><span class="css-idkz9h">$4.99</span>$4.99</span></p></div><a href="/spelt-bread-with-wild-rice/p/20305160_EA?source=nspt" class="chakra-linkbox__overlay css-1hnz6hu"><div class="css-0"><p class="chakra-text css-1ecdp9w" data-testid="product-brand">Dimpflmeier</p><h3 class="chakra-heading css-6qrhwc" id="20305160_EA" data-testid="product-title">Spelt Bread with Wild Rice</h3><p class="chakra-text css-1yftjin" data-testid="product-package-size">454 g, $1.10/100g</p></div></a><div class="css-8keand"></div></div><div class="css-1q5omjq"><div class="css-fcebb8"><div data-testid="atc-compact" class="css-y94ivq" style="width: 45px;"><button type="button" class="chakra-button css-mudsm6" data-testid="atc-button"><svg stroke="currentColor" fill="currentColor" stroke-width="0" viewBox="0 0 24 24" focusable="false" class="chakra-icon css-1g3sp7a" data-testid="btn-icon" aria-hidden="true" height="1em" width="1em" xmlns="http://www.w3.org/2000/svg"><path d="M19 13h-6v6h-2v-6H5v-2h6V5h2v6h6v2z"></path></svg><span class="css-idkz9h">Add Spelt Bread with Wild Rice to cart</span></button></div></div></div></div></div></div><div class="css-0"><div class="css-f5i5wc"><div class="chakra-linkbox css-vhnn8v"><div data-testid="product-image" class="css-16dr4ly"><img alt="Thomas Maple French Toast Flavour Breakfast Bread 459 g, $1.20/100g" src="https://assets.shop.loblaws.ca/products/21530882/b3/en/front/21530882_front_a06_@2.png" srcset="https://assets.shop.loblaws.ca/products/21530882/b3/en/front/21530882_front_a06_@2.png 1x, https://assets.shop.loblaws.ca/products/21530882/b3/en/front/21530882_front_a06_@2.png 2x" loading="lazy" class="chakra-image css-oguq8l" aria-hidden="true"></div><div class="css-qoklea"><div class="css-12dchmx"></div><div data-testid="price-product-tile" class="css-8atqhb"><p class="chakra-text css-0"><span class="chakra-text css-pwnbcb" data-testid="regular-price"><span class="css-idkz9h">$5.49</span>$5.49</span></p></div><a href="/maple-french-toast-flavour-breakfast-bread/p/21530882_EA?source=nspt" class="chakra-linkbox__overlay css-1hnz6hu"><div class="css-0"><p class="chakra-text css-1ecdp9w" data-testid="product-brand">Thomas</p><h3 class="chakra-heading css-6qrhwc" id="21530882_EA" data-testid="product-title">Maple French Toast Flavour Breakfast Bread</h3><p class="chakra-text css-1yftjin" data-testid="product-package-size">459 g, $1.20/100g</p></div></a><div class="css-8keand"></div></div><div class="css-1q5omjq"><div class="css-fcebb8"><div data-testid="atc-compact" class="css-y94ivq" style="width: 45px;"><button type="button" class="chakra-button css-mudsm6" data-testid="atc-button"><svg stroke="currentColor" fill="currentColor" stroke-width="0" viewBox="0 0 24 24" focusable="false" class="chakra-icon css-1g3sp7a" data-testid="btn-icon" aria-hidden="true" height="1em" width="1em" xmlns="http://www.w3.org/2000/svg"><path d="M19 13h-6v6h-2v-6H5v-2h6V5h2v6h6v2z"></path></svg><span class="css-idkz9h">Add Maple French Toast Flavour Breakfast Bread to cart</span></button></div></div></div></div></div></div><div class="css-0"><div class="css-f5i5wc"><div class="chakra-linkbox css-vhnn8v"><div data-testid="product-image" class="css-16dr4ly"><img alt="Dimpflmeier Power Slice      400 g, $2.25/100g" src="https://assets.shop.loblaws.ca/products/21158659/b3/en/front/21158659_front_a06_@2.png" srcset="https://assets.shop.loblaws.ca/products/21158659/b3/en/front/21158659_front_a06_@2.png 1x, https://assets.shop.loblaws.ca/products/21158659/b3/en/front/21158659_front_a06_@2.png 2x" loading="lazy" class="chakra-image css-oguq8l" aria-hidden="true"></div><div class="css-qoklea"><div class="css-12dchmx"></div><div data-testid="price-product-tile" class="css-8atqhb"><p class="chakra-text css-0"><span class="chakra-text css-pwnbcb" data-testid="regular-price"><span class="css-idkz9h">$9.00</span>$9.00</span></p></div><a href="/power-slice/p/21158659_EA?source=nspt" class="chakra-linkbox__overlay css-1hnz6hu"><div class="css-0"><p class="chakra-text css-1ecdp9w" data-testid="product-brand">Dimpflmeier</p><h3 class="chakra-heading css-6qrhwc" id="21158659_EA" data-testid="product-title">Power Slice     </h3><p class="chakra-text css-1yftjin" data-testid="product-package-size">400 g, $2.25/100g</p></div></a><div class="css-8keand"></div></div><div class="css-1q5omjq"><div class="css-fcebb8"><div data-testid="atc-compact" class="css-y94ivq" style="width: 45px;"><button type="button" class="chakra-button css-mudsm6" data-testid="atc-button"><svg stroke="currentColor" fill="currentColor" stroke-width="0" viewBox="0 0 24 24" focusable="false" class="chakra-icon css-1g3sp7a" data-testid="btn-icon" aria-hidden="true" height="1em" width="1em" xmlns="http://www.w3.org/2000/svg"><path d="M19 13h-6v6h-2v-6H5v-2h6V5h2v6h6v2z"></path></svg><span class="css-idkz9h">Add Power Slice      to cart</span></button></div></div></div></div></div></div><div class="css-0"><div class="css-f5i5wc"><div class="chakra-linkbox css-vhnn8v"><div data-testid="product-image" class="css-16dr4ly"><img alt="Little Northern Bakehouse Seeds &amp; Grains Bread 482 g, $1.87/100g" src="https://assets.shop.loblaws.ca/products/20935056/b3/en/front/20935056_front_a06_@2.png" srcset="https://assets.shop.loblaws.ca/products/20935056/b3/en/front/20935056_front_a06_@2.png 1x, https://assets.shop.loblaws.ca/products/20935056/b3/en/front/20935056_front_a06_@2.png 2x" loading="lazy" class="chakra-image css-oguq8l" aria-hidden="true"></div><div class="css-qoklea"><div class="css-12dchmx"></div><div data-testid="price-product-tile" class="css-8atqhb"><p class="chakra-text css-0"><span class="chakra-text css-pwnbcb" data-testid="regular-price"><span class="css-idkz9h">$8.99</span>$8.99</span></p></div><a href="/seeds-grains-bread/p/20935056_EA?source=nspt" class="chakra-linkbox__overlay css-1hnz6hu"><div class="css-0"><p class="chakra-text css-1ecdp9w" data-testid="product-brand">Little Northern Bakehouse</p><h3 class="chakra-heading css-6qrhwc" id="20935056_EA" data-testid="product-title">Seeds &amp; Grains Bread</h3><p class="chakra-text css-1yftjin" data-testid="product-package-size">482 g, $1.87/100g</p></div></a><div class="css-8keand"></div></div><div class="css-1q5omjq"><div class="css-fcebb8"><div data-testid="atc-compact" class="css-y94ivq" style="width: 45px;"><button type="button" class="chakra-button css-mudsm6" data-testid="atc-button"><svg stroke="currentColor" fill="currentColor" stroke-width="0" viewBox="0 0 24 24" focusable="false" class="chakra-icon css-1g3sp7a" data-testid="btn-icon" aria-hidden="true" height="1em" width="1em" xmlns="http://www.w3.org/2000/svg"><path d="M19 13h-6v6h-2v-6H5v-2h6V5h2v6h6v2z"></path></svg><span class="css-idkz9h">Add Seeds &amp; Grains Bread to cart</span></button></div></div></div></div></div></div><div class="css-0"><div class="css-f5i5wc"><div class="chakra-linkbox css-vhnn8v"><div data-testid="product-image" class="css-16dr4ly"><img alt="President's Choice Ready To Bake All-Butter Raspberry-Filled Croissants  360 g, $0.82/100g" src="https://assets.shop.loblaws.ca/products/21545122/b3/en/front/21545122_front_a06_@2.png" srcset="https://assets.shop.loblaws.ca/products/21545122/b3/en/front/21545122_front_a06_@2.png 1x, https://assets.shop.loblaws.ca/products/21545122/b3/en/front/21545122_front_a06_@2.png 2x" loading="lazy" class="chakra-image css-oguq8l" aria-hidden="true"></div><div class="css-qoklea"><div class="css-12dchmx"></div><div data-testid="price-product-tile" class="css-8atqhb"><p class="chakra-text css-0"><span class="chakra-text css-pwnbcb" data-testid="regular-price"><span class="css-idkz9h">$2.94</span>$2.94</span></p></div><a href="/ready-to-bake-all-butter-raspberry-filled-croissan/p/21545122_EA?source=nspt" class="chakra-linkbox__overlay css-1hnz6hu"><div class="css-0"><p class="chakra-text css-1ecdp9w" data-testid="product-brand">President's Choice</p><h3 class="chakra-heading css-6qrhwc" id="21545122_EA" data-testid="product-title">Ready To Bake All-Butter Raspberry-Filled Croissants </h3><p class="chakra-text css-1yftjin" data-testid="product-package-size">360 g, $0.82/100g</p></div></a><div class="css-8keand"></div></div><div class="css-1q5omjq"><div class="css-fcebb8"><div data-testid="atc-compact" class="css-y94ivq" style="width: 45px;"><button type="button" class="chakra-button css-mudsm6" data-testid="atc-button"><svg stroke="currentColor" fill="currentColor" stroke-width="0" viewBox="0 0 24 24" focusable="false" class="chakra-icon css-1g3sp7a" data-testid="btn-icon" aria-hidden="true" height="1em" width="1em" xmlns="http://www.w3.org/2000/svg"><path d="M19 13h-6v6h-2v-6H5v-2h6V5h2v6h6v2z"></path></svg><span class="css-idkz9h">Add Ready To Bake All-Butter Raspberry-Filled Croissants  to cart</span></button></div></div></div></div></div></div><div class="css-0"><div class="css-f5i5wc"><div class="chakra-linkbox css-vhnn8v"><div data-testid="product-image" class="css-16dr4ly"><img alt="Country Harvest Sunflower Flax Bread 600 g, $0.67/100g" src="https://assets.shop.loblaws.ca/products/21428990/b3/en/front/21428990_front_a06_@2.png" srcset="https://assets.shop.loblaws.ca/products/21428990/b3/en/front/21428990_front_a06_@2.png 1x, https://assets.shop.loblaws.ca/products/21428990/b3/en/front/21428990_front_a06_@2.png 2x" loading="lazy" class="chakra-image css-oguq8l" aria-hidden="true"></div><div class="css-qoklea"><div class="css-12dchmx"></div><div data-testid="price-product-tile" class="css-8atqhb"><p class="chakra-text css-0"><span class="chakra-text css-pwnbcb" data-testid="regular-price"><span class="css-idkz9h">$3.99</span>$3.99</span></p></div><a href="/sunflower-flax-bread/p/21428990_EA?source=nspt" class="chakra-linkbox__overlay css-1hnz6hu"><div class="css-0"><p class="chakra-text css-1ecdp9w" data-testid="product-brand">Country Harvest</p><h3 class="chakra-heading css-6qrhwc" id="21428990_EA" data-testid="product-title">Sunflower Flax Bread</h3><p class="chakra-text css-1yftjin" data-testid="product-package-size">600 g, $0.67/100g</p></div></a><div class="css-8keand"></div></div><div class="css-1q5omjq"><div class="css-fcebb8"><div data-testid="atc-compact" class="css-y94ivq" style="width: 45px;"><button disabled="" type="button" class="chakra-button css-mudsm6" data-testid="atc-button"><svg stroke="currentColor" fill="currentColor" stroke-width="0" viewBox="0 0 24 24" focusable="false" class="chakra-icon css-1g3sp7a" data-testid="btn-icon" aria-hidden="true" height="1em" width="1em" xmlns="http://www.w3.org/2000/svg"><path d="M19 13h-6v6h-2v-6H5v-2h6V5h2v6h6v2z"></path></svg><span class="css-idkz9h">Add Sunflower Flax Bread to cart</span></button></div></div><div class="css-4saf4a"><p class="chakra-text css-py8788" data-testid="inventory-badge-text">Out of Stock</p></div></div></div></div></div><div class="css-0"><div class="css-f5i5wc"><div class="chakra-linkbox css-vhnn8v"><div data-testid="product-image" class="css-16dr4ly"><img alt="Thomas Breakfast Bread Blueberry Muffin Flavour 454 g, $1.21/100g" src="https://assets.shop.loblaws.ca/products/21593284/b3/en/front/21593284_front_a06_@2.png" srcset="https://assets.shop.loblaws.ca/products/21593284/b3/en/front/21593284_front_a06_@2.png 1x, https://assets.shop.loblaws.ca/products/21593284/b3/en/front/21593284_front_a06_@2.png 2x" loading="lazy" class="chakra-image css-oguq8l" aria-hidden="true"></div><div class="css-qoklea"><div class="css-12dchmx"></div><div data-testid="price-product-tile" class="css-8atqhb"><p class="chakra-text css-0"><span class="chakra-text css-pwnbcb" data-testid="regular-price"><span class="css-idkz9h">$5.49</span>$5.49</span></p></div><a href="/breakfast-bread-blueberry-muffin-flavour/p/21593284_EA?source=nspt" class="chakra-linkbox__overlay css-1hnz6hu"><div class="css-0"><p class="chakra-text css-1ecdp9w" data-testid="product-brand">Thomas</p><h3 class="chakra-heading css-6qrhwc" id="21593284_EA" data-testid="product-title">Breakfast Bread Blueberry Muffin Flavour</h3><p class="chakra-text css-1yftjin" data-testid="product-package-size">454 g, $1.21/100g</p></div></a><div class="css-8keand"></div></div><div class="css-1q5omjq"><div class="css-fcebb8"><div data-testid="atc-compact" class="css-y94ivq" style="width: 45px;"><button type="button" class="chakra-button css-mudsm6" data-testid="atc-button"><svg stroke="currentColor" fill="currentColor" stroke-width="0" viewBox="0 0 24 24" focusable="false" class="chakra-icon css-1g3sp7a" data-testid="btn-icon" aria-hidden="true" height="1em" width="1em" xmlns="http://www.w3.org/2000/svg"><path d="M19 13h-6v6h-2v-6H5v-2h6V5h2v6h6v2z"></path></svg><span class="css-idkz9h">Add Breakfast Bread Blueberry Muffin Flavour to cart</span></button></div></div></div></div></div></div><div class="css-0"><div class="css-f5i5wc"><div class="chakra-linkbox css-vhnn8v"><div data-testid="product-image" class="css-16dr4ly"><img alt="Country Harvest No Sugar Whole Wheat 600 g, $0.50/100g" src="https://assets.shop.loblaws.ca/products/21178631/b3/en/front/21178631_front_a06_@2.png" srcset="https://assets.shop.loblaws.ca/products/21178631/b3/en/front/21178631_front_a06_@2.png 1x, https://assets.shop.loblaws.ca/products/21178631/b3/en/front/21178631_front_a06_@2.png 2x" loading="lazy" class="chakra-image css-oguq8l" aria-hidden="true"></div><div class="css-qoklea"><div class="css-12dchmx"></div><div data-testid="price-product-tile" class="css-8atqhb"><p class="chakra-text css-0"><span class="chakra-text css-o93gbd" data-testid="sale-price"><span class="css-idkz9h">$3.00</span>$3.00</span><span class="chakra-text css-623q5h" data-testid="was-price"><span class="css-idkz9h">$3.29</span>$3.29</span></p><p class="chakra-text css-1m5a6y8" data-testid="price-descriptor">SAVE $0.29</p></div><a href="/no-sugar-whole-wheat/p/21178631_EA?source=nspt" class="chakra-linkbox__overlay css-1hnz6hu"><div class="css-0"><p class="chakra-text css-1ecdp9w" data-testid="product-brand">Country Harvest</p><h3 class="chakra-heading css-6qrhwc" id="21178631_EA" data-testid="product-title">No Sugar Whole Wheat</h3><p class="chakra-text css-1yftjin" data-testid="product-package-size">600 g, $0.50/100g</p></div></a><div class="css-8keand"></div></div><div class="css-1q5omjq"><div class="css-fcebb8"><div data-testid="atc-compact" class="css-y94ivq" style="width: 45px;"><button type="button" class="chakra-button css-mudsm6" data-testid="atc-button"><svg stroke="currentColor" fill="currentColor" stroke-width="0" viewBox="0 0 24 24" focusable="false" class="chakra-icon css-1g3sp7a" data-testid="btn-icon" aria-hidden="true" height="1em" width="1em" xmlns="http://www.w3.org/2000/svg"><path d="M19 13h-6v6h-2v-6H5v-2h6V5h2v6h6v2z"></path></svg><span class="css-idkz9h">Add No Sugar Whole Wheat to cart</span></button></div></div></div></div></div></div><div class="css-0"><div class="css-f5i5wc"><div class="chakra-linkbox css-vhnn8v"><div data-testid="product-image" class="css-16dr4ly"><img alt="Carbonaut Bread Seeded Gluten Free 550 g, $1.82/100g" src="https://assets.shop.loblaws.ca/products/21394204/b3/en/front/21394204_front_a06_@2.png" srcset="https://assets.shop.loblaws.ca/products/21394204/b3/en/front/21394204_front_a06_@2.png 1x, https://assets.shop.loblaws.ca/products/21394204/b3/en/front/21394204_front_a06_@2.png 2x" loading="lazy" class="chakra-image css-oguq8l" aria-hidden="true"></div><div class="css-qoklea"><div class="css-12dchmx"></div><div data-testid="price-product-tile" class="css-8atqhb"><p class="chakra-text css-0"><span class="chakra-text css-pwnbcb" data-testid="regular-price"><span class="css-idkz9h">$9.99</span>$9.99</span></p></div><a href="/bread-seeded-gluten-free/p/21394204_EA?source=nspt" class="chakra-linkbox__overlay css-1hnz6hu"><div class="css-0"><p class="chakra-text css-1ecdp9w" data-testid="product-brand">Carbonaut</p><h3 class="chakra-heading css-6qrhwc" id="21394204_EA" data-testid="product-title">Bread Seeded Gluten Free</h3><p class="chakra-text css-1yftjin" data-testid="product-package-size">550 g, $1.82/100g</p></div></a><div class="css-8keand"></div></div><div class="css-1q5omjq"><div class="css-fcebb8"><div data-testid="atc-compact" class="css-y94ivq" style="width: 45px;"><button type="button" class="chakra-button css-mudsm6" data-testid="atc-button"><svg stroke="currentColor" fill="currentColor" stroke-width="0" viewBox="0 0 24 24" focusable="false" class="chakra-icon css-1g3sp7a" data-testid="btn-icon" aria-hidden="true" height="1em" width="1em" xmlns="http://www.w3.org/2000/svg"><path d="M19 13h-6v6h-2v-6H5v-2h6V5h2v6h6v2z"></path></svg><span class="css-idkz9h">Add Bread Seeded Gluten Free to cart</span></button></div></div></div></div></div></div><div class="css-0"><div class="css-f5i5wc"><div class="chakra-linkbox css-vhnn8v"><div data-testid="product-image" class="css-16dr4ly"><img alt="Country Harvest Quinoa Flax Bread 600 g, $0.50/100g" src="https://assets.shop.loblaws.ca/products/21428983/b3/en/front/21428983_front_a06_@2.png" srcset="https://assets.shop.loblaws.ca/products/21428983/b3/en/front/21428983_front_a06_@2.png 1x, https://assets.shop.loblaws.ca/products/21428983/b3/en/front/21428983_front_a06_@2.png 2x" loading="lazy" class="chakra-image css-oguq8l" aria-hidden="true"></div><div class="css-qoklea"><div class="css-12dchmx"></div><div data-testid="price-product-tile" class="css-8atqhb"><p class="chakra-text css-0"><span class="chakra-text css-o93gbd" data-testid="sale-price"><span class="css-idkz9h">$3.00</span>$3.00</span><span class="chakra-text css-623q5h" data-testid="was-price"><span class="css-idkz9h">$3.29</span>$3.29</span></p><p class="chakra-text css-1m5a6y8" data-testid="price-descriptor">SAVE $0.29</p></div><a href="/quinoa-flax-bread/p/21428983_EA?source=nspt" class="chakra-linkbox__overlay css-1hnz6hu"><div class="css-0"><p class="chakra-text css-1ecdp9w" data-testid="product-brand">Country Harvest</p><h3 class="chakra-heading css-6qrhwc" id="21428983_EA" data-testid="product-title">Quinoa Flax Bread</h3><p class="chakra-text css-1yftjin" data-testid="product-package-size">600 g, $0.50/100g</p></div></a><div class="css-8keand"></div></div><div class="css-1q5omjq"><div class="css-fcebb8"><div data-testid="atc-compact" class="css-y94ivq" style="width: 45px;"><button type="button" class="chakra-button css-mudsm6" data-testid="atc-button"><svg stroke="currentColor" fill="currentColor" stroke-width="0" viewBox="0 0 24 24" focusable="false" class="chakra-icon css-1g3sp7a" data-testid="btn-icon" aria-hidden="true" height="1em" width="1em" xmlns="http://www.w3.org/2000/svg"><path d="M19 13h-6v6h-2v-6H5v-2h6V5h2v6h6v2z"></path></svg><span class="css-idkz9h">Add Quinoa Flax Bread to cart</span></button></div></div></div></div></div></div></div><div data-testid="product-grid" class="css-epcqr3"><div class="css-0"><div class="css-f5i5wc"><div class="chakra-linkbox css-vhnn8v"><div data-testid="product-image" class="css-16dr4ly"><img alt="Little Northern Bakehouse Bread Whole Grain Gluten Free 567 g, $1.50/100g" src="https://assets.shop.loblaws.ca/products/21100055/b3/en/front/21100055_front_a06_@2.png" srcset="https://assets.shop.loblaws.ca/products/21100055/b3/en/front/21100055_front_a06_@2.png 1x, https://assets.shop.loblaws.ca/products/21100055/b3/en/front/21100055_front_a06_@2.png 2x" loading="lazy" class="chakra-image css-oguq8l" aria-hidden="true"></div><div class="css-qoklea"><div class="css-12dchmx"></div><div data-testid="price-product-tile" class="css-8atqhb"><p class="chakra-text css-0"><span class="chakra-text css-pwnbcb" data-testid="regular-price"><span class="css-idkz9h">$8.49</span>$8.49</span></p></div><a href="/bread-whole-grain-gluten-free/p/21100055_EA?source=nspt" class="chakra-linkbox__overlay css-1hnz6hu"><div class="css-0"><p class="chakra-text css-1ecdp9w" data-testid="product-brand">Little Northern Bakehouse</p><h3 class="chakra-heading css-6qrhwc" id="21100055_EA" data-testid="product-title">Bread Whole Grain Gluten Free</h3><p class="chakra-text css-1yftjin" data-testid="product-package-size">567 g, $1.50/100g</p></div></a><div class="css-8keand"></div></div><div class="css-1q5omjq"><div class="css-fcebb8"><div data-testid="atc-compact" class="css-y94ivq" style="width: 45px;"><button type="button" class="chakra-button css-mudsm6" data-testid="atc-button"><svg stroke="currentColor" fill="currentColor" stroke-width="0" viewBox="0 0 24 24" focusable="false" class="chakra-icon css-1g3sp7a" data-testid="btn-icon" aria-hidden="true" height="1em" width="1em" xmlns="http://www.w3.org/2000/svg"><path d="M19 13h-6v6h-2v-6H5v-2h6V5h2v6h6v2z"></path></svg><span class="css-idkz9h">Add Bread Whole Grain Gluten Free to cart</span></button></div></div></div></div></div></div><div class="css-0"><div class="css-f5i5wc"><div class="chakra-linkbox css-vhnn8v"><div data-testid="product-image" class="css-16dr4ly"><img alt="PC Blue Menu 100% Whole Wheat Loaf 450 g, $1.00/100g" src="https://assets.shop.loblaws.ca/products/21015167/b3/en/front/21015167_front_a06_@2.png" srcset="https://assets.shop.loblaws.ca/products/21015167/b3/en/front/21015167_front_a06_@2.png 1x, https://assets.shop.loblaws.ca/products/21015167/b3/en/front/21015167_front_a06_@2.png 2x" loading="lazy" class="chakra-image css-oguq8l" aria-hidden="true"></div><div class="css-qoklea"><div class="css-12dchmx"></div><div data-testid="price-product-tile" class="css-8atqhb"><p class="chakra-text css-0"><span class="chakra-text css-pwnbcb" data-testid="regular-price"><span class="css-idkz9h">$4.49</span>$4.49</span></p></div><a href="/100-whole-wheat-loaf/p/21015167_EA?source=nspt" class="chakra-linkbox__overlay css-1hnz6hu"><div class="css-0"><p class="chakra-text css-1ecdp9w" data-testid="product-brand">PC Blue Menu</p><h3 class="chakra-heading css-6qrhwc" id="21015167_EA" data-testid="product-title">100% Whole Wheat Loaf</h3><p class="chakra-text css-1yftjin" data-testid="product-package-size">450 g, $1.00/100g</p></div></a><div class="css-8keand"></div></div><div class="css-1q5omjq"><div class="css-fcebb8"><div data-testid="atc-compact" class="css-y94ivq" style="width: 45px;"><button type="button" class="chakra-button css-mudsm6" data-testid="atc-button"><svg stroke="currentColor" fill="currentColor" stroke-width="0" viewBox="0 0 24 24" focusable="false" class="chakra-icon css-1g3sp7a" data-testid="btn-icon" aria-hidden="true" height="1em" width="1em" xmlns="http://www.w3.org/2000/svg"><path d="M19 13h-6v6h-2v-6H5v-2h6V5h2v6h6v2z"></path></svg><span class="css-idkz9h">Add 100% Whole Wheat Loaf to cart</span></button></div></div><div class="css-4saf4a"><p class="chakra-text css-py8788" data-testid="inventory-badge-text">Low Stock</p></div></div></div></div></div><div class="css-0"><div class="css-f5i5wc"><div class="chakra-linkbox css-vhnn8v"><div data-testid="product-image" class="css-16dr4ly"><img alt="Carbonaut Bread  White  544 g, $1.84/100g" src="https://assets.shop.loblaws.ca/products/21379251/b3/en/front/21379251_front_a06_@2.png" srcset="https://assets.shop.loblaws.ca/products/21379251/b3/en/front/21379251_front_a06_@2.png 1x, https://assets.shop.loblaws.ca/products/21379251/b3/en/front/21379251_front_a06_@2.png 2x" loading="lazy" class="chakra-image css-oguq8l" aria-hidden="true"></div><div class="css-qoklea"><div class="css-12dchmx"></div><div data-testid="price-product-tile" class="css-8atqhb"><p class="chakra-text css-0"><span class="chakra-text css-pwnbcb" data-testid="regular-price"><span class="css-idkz9h">$9.99</span>$9.99</span></p></div><a href="/bread-white/p/21379251_EA?source=nspt" class="chakra-linkbox__overlay css-1hnz6hu"><div class="css-0"><p class="chakra-text css-1ecdp9w" data-testid="product-brand">Carbonaut</p><h3 class="chakra-heading css-6qrhwc" id="21379251_EA" data-testid="product-title">Bread  White </h3><p class="chakra-text css-1yftjin" data-testid="product-package-size">544 g, $1.84/100g</p></div></a><div class="css-8keand"></div></div><div class="css-1q5omjq"><div class="css-fcebb8"><div data-testid="atc-compact" class="css-y94ivq" style="width: 45px;"><button type="button" class="chakra-button css-mudsm6" data-testid="atc-button"><svg stroke="currentColor" fill="currentColor" stroke-width="0" viewBox="0 0 24 24" focusable="false" class="chakra-icon css-1g3sp7a" data-testid="btn-icon" aria-hidden="true" height="1em" width="1em" xmlns="http://www.w3.org/2000/svg"><path d="M19 13h-6v6h-2v-6H5v-2h6V5h2v6h6v2z"></path></svg><span class="css-idkz9h">Add Bread  White  to cart</span></button></div></div></div></div></div></div><div class="css-0"><div class="css-f5i5wc"><div class="chakra-linkbox css-vhnn8v"><div data-testid="product-image" class="css-16dr4ly"><img alt="Country Harvest Seeds and Grains Bread 600 g, $0.50/100g" src="https://assets.shop.loblaws.ca/products/21178638/b3/en/front/21178638_front_a06_@2.png" srcset="https://assets.shop.loblaws.ca/products/21178638/b3/en/front/21178638_front_a06_@2.png 1x, https://assets.shop.loblaws.ca/products/21178638/b3/en/front/21178638_front_a06_@2.png 2x" loading="lazy" class="chakra-image css-oguq8l" aria-hidden="true"></div><div class="css-qoklea"><div class="css-12dchmx"></div><div data-testid="price-product-tile" class="css-8atqhb"><p class="chakra-text css-0"><span class="chakra-text css-o93gbd" data-testid="sale-price"><span class="css-idkz9h">$3.00</span>$3.00</span><span class="chakra-text css-623q5h" data-testid="was-price"><span class="css-idkz9h">$3.29</span>$3.29</span></p><p class="chakra-text css-1m5a6y8" data-testid="price-descriptor">SAVE $0.29</p></div><a href="/seeds-and-grains-bread/p/21178638_EA?source=nspt" class="chakra-linkbox__overlay css-1hnz6hu"><div class="css-0"><p class="chakra-text css-1ecdp9w" data-testid="product-brand">Country Harvest</p><h3 class="chakra-heading css-6qrhwc" id="21178638_EA" data-testid="product-title">Seeds and Grains Bread</h3><p class="chakra-text css-1yftjin" data-testid="product-package-size">600 g, $0.50/100g</p></div></a><div class="css-8keand"></div></div><div class="css-1q5omjq"><div class="css-fcebb8"><div data-testid="atc-compact" class="css-y94ivq" style="width: 45px;"><button type="button" class="chakra-button css-mudsm6" data-testid="atc-button"><svg stroke="currentColor" fill="currentColor" stroke-width="0" viewBox="0 0 24 24" focusable="false" class="chakra-icon css-1g3sp7a" data-testid="btn-icon" aria-hidden="true" height="1em" width="1em" xmlns="http://www.w3.org/2000/svg"><path d="M19 13h-6v6h-2v-6H5v-2h6V5h2v6h6v2z"></path></svg><span class="css-idkz9h">Add Seeds and Grains Bread to cart</span></button></div></div></div></div></div></div><div class="css-0"><div class="css-f5i5wc"><div class="chakra-linkbox css-vhnn8v"><div data-testid="product-image" class="css-16dr4ly"><img alt="Carbonaut Bread U.F. Oat 544 g, $1.84/100g" src="https://assets.shop.loblaws.ca/products/21446964/b3/en/front/21446964_front_a06_@2.png" srcset="https://assets.shop.loblaws.ca/products/21446964/b3/en/front/21446964_front_a06_@2.png 1x, https://assets.shop.loblaws.ca/products/21446964/b3/en/front/21446964_front_a06_@2.png 2x" loading="lazy" class="chakra-image css-oguq8l" aria-hidden="true"></div><div class="css-qoklea"><div class="css-12dchmx"></div><div data-testid="price-product-tile" class="css-8atqhb"><p class="chakra-text css-0"><span class="chakra-text css-pwnbcb" data-testid="regular-price"><span class="css-idkz9h">$9.99</span>$9.99</span></p></div><a href="/bread-u-f-oat/p/21446964_EA?source=nspt" class="chakra-linkbox__overlay css-1hnz6hu"><div class="css-0"><p class="chakra-text css-1ecdp9w" data-testid="product-brand">Carbonaut</p><h3 class="chakra-heading css-6qrhwc" id="21446964_EA" data-testid="product-title">Bread U.F. Oat</h3><p class="chakra-text css-1yftjin" data-testid="product-package-size">544 g, $1.84/100g</p></div></a><div class="css-8keand"></div></div><div class="css-1q5omjq"><div class="css-fcebb8"><div data-testid="atc-compact" class="css-y94ivq" style="width: 45px;"><button type="button" class="chakra-button css-mudsm6" data-testid="atc-button"><svg stroke="currentColor" fill="currentColor" stroke-width="0" viewBox="0 0 24 24" focusable="false" class="chakra-icon css-1g3sp7a" data-testid="btn-icon" aria-hidden="true" height="1em" width="1em" xmlns="http://www.w3.org/2000/svg"><path d="M19 13h-6v6h-2v-6H5v-2h6V5h2v6h6v2z"></path></svg><span class="css-idkz9h">Add Bread U.F. Oat to cart</span></button></div></div></div></div></div></div><div class="css-0"><div class="css-f5i5wc"><div class="chakra-linkbox css-vhnn8v"><div data-testid="product-image" class="css-16dr4ly"><img alt="Dimpflmeier Munich Style Rye Bread 500 g, $0.76/100g" src="https://assets.shop.loblaws.ca/products/20071326/b3/en/front/20071326_front_a06_@2.png" srcset="https://assets.shop.loblaws.ca/products/20071326/b3/en/front/20071326_front_a06_@2.png 1x, https://assets.shop.loblaws.ca/products/20071326/b3/en/front/20071326_front_a06_@2.png 2x" loading="lazy" class="chakra-image css-oguq8l" aria-hidden="true"></div><div class="css-qoklea"><div class="css-12dchmx"></div><div data-testid="price-product-tile" class="css-8atqhb"><p class="chakra-text css-0"><span class="chakra-text css-pwnbcb" data-testid="regular-price"><span class="css-idkz9h">$3.79</span>$3.79</span></p></div><a href="/munich-style-rye-bread/p/20071326_EA?source=nspt" class="chakra-linkbox__overlay css-1hnz6hu"><div class="css-0"><p class="chakra-text css-1ecdp9w" data-testid="product-brand">Dimpflmeier</p><h3 class="chakra-heading css-6qrhwc" id="20071326_EA" data-testid="product-title">Munich Style Rye Bread</h3><p class="chakra-text css-1yftjin" data-testid="product-package-size">500 g, $0.76/100g</p></div></a><div class="css-8keand"></div></div><div class="css-1q5omjq"><div class="css-fcebb8"><div data-testid="atc-compact" class="css-y94ivq" style="width: 45px;"><button type="button" class="chakra-button css-mudsm6" data-testid="atc-button"><svg stroke="currentColor" fill="currentColor" stroke-width="0" viewBox="0 0 24 24" focusable="false" class="chakra-icon css-1g3sp7a" data-testid="btn-icon" aria-hidden="true" height="1em" width="1em" xmlns="http://www.w3.org/2000/svg"><path d="M19 13h-6v6h-2v-6H5v-2h6V5h2v6h6v2z"></path></svg><span class="css-idkz9h">Add Munich Style Rye Bread to cart</span></button></div></div></div></div></div></div><div class="css-0"><div class="css-f5i5wc"><div class="chakra-linkbox css-vhnn8v"><div data-testid="product-image" class="css-16dr4ly"><img alt="New York Style 3 Pack 3x284.0 g, $0.59/100g" srcset="undefined 1x, undefined 2x" loading="lazy" class="chakra-image css-oguq8l" aria-hidden="true"></div><div class="css-qoklea"><div class="css-12dchmx"></div><div data-testid="price-product-tile" class="css-8atqhb"><p class="chakra-text css-0"><span class="chakra-text css-pwnbcb" data-testid="regular-price"><span class="css-idkz9h">$5.00</span>$5.00</span></p></div><a href="/3-pack/p/20897419_EA?source=nspt" class="chakra-linkbox__overlay css-1hnz6hu"><div class="css-0"><p class="chakra-text css-1ecdp9w" data-testid="product-brand">New York Style</p><h3 class="chakra-heading css-6qrhwc" id="20897419_EA" data-testid="product-title">3 Pack</h3><p class="chakra-text css-1yftjin" data-testid="product-package-size">3x284.0 g, $0.59/100g</p></div></a><div class="css-8keand"></div></div><div class="css-1q5omjq"><div class="css-fcebb8"><div data-testid="atc-compact" class="css-y94ivq" style="width: 45px;"><button type="button" class="chakra-button css-mudsm6" data-testid="atc-button"><svg stroke="currentColor" fill="currentColor" stroke-width="0" viewBox="0 0 24 24" focusable="false" class="chakra-icon css-1g3sp7a" data-testid="btn-icon" aria-hidden="true" height="1em" width="1em" xmlns="http://www.w3.org/2000/svg"><path d="M19 13h-6v6h-2v-6H5v-2h6V5h2v6h6v2z"></path></svg><span class="css-idkz9h">Add 3 Pack to cart</span></button></div></div></div></div></div></div><div class="css-0"><div class="css-f5i5wc"><div class="chakra-linkbox css-vhnn8v"><div data-testid="product-image" class="css-16dr4ly"><img alt="Wonder Texas Toast Bread, 100% Whole Wheat 675 g, $0.44/100g" src="https://assets.shop.loblaws.ca/products/20323798/b3/en/front/20323798_front_a06_@2.png" srcset="https://assets.shop.loblaws.ca/products/20323798/b3/en/front/20323798_front_a06_@2.png 1x, https://assets.shop.loblaws.ca/products/20323798/b3/en/front/20323798_front_a06_@2.png 2x" loading="lazy" class="chakra-image css-oguq8l" aria-hidden="true"></div><div class="css-qoklea"><div class="css-12dchmx"></div><div data-testid="price-product-tile" class="css-8atqhb"><p class="chakra-text css-0"><span class="chakra-text css-pwnbcb" data-testid="regular-price"><span class="css-idkz9h">$2.99</span>$2.99</span></p></div><a href="/texas-toast-bread-100-whole-wheat/p/20323798_EA?source=nspt" class="chakra-linkbox__overlay css-1hnz6hu"><div class="css-0"><p class="chakra-text css-1ecdp9w" data-testid="product-brand">Wonder</p><h3 class="chakra-heading css-6qrhwc" id="20323798_EA" data-testid="product-title">Texas Toast Bread, 100% Whole Wheat</h3><p class="chakra-text css-1yftjin" data-testid="product-package-size">675 g, $0.44/100g</p></div></a><div class="css-8keand"></div></div><div class="css-1q5omjq"><div class="css-fcebb8"><div data-testid="atc-compact" class="css-y94ivq" style="width: 45px;"><button type="button" class="chakra-button css-mudsm6" data-testid="atc-button"><svg stroke="currentColor" fill="currentColor" stroke-width="0" viewBox="0 0 24 24" focusable="false" class="chakra-icon css-1g3sp7a" data-testid="btn-icon" aria-hidden="true" height="1em" width="1em" xmlns="http://www.w3.org/2000/svg"><path d="M19 13h-6v6h-2v-6H5v-2h6V5h2v6h6v2z"></path></svg><span class="css-idkz9h">Add Texas Toast Bread, 100% Whole Wheat to cart</span></button></div></div></div></div></div></div><div class="css-0"><div class="css-f5i5wc"><div class="chakra-linkbox css-vhnn8v"><div data-testid="product-image" class="css-16dr4ly"><img alt="null Whole Wheat Baguette 255 g, $0.39/100g" src="https://assets.shop.loblaws.ca/products/21530097/b3/en/front/21530097_front_a06_@2.png" srcset="https://assets.shop.loblaws.ca/products/21530097/b3/en/front/21530097_front_a06_@2.png 1x, https://assets.shop.loblaws.ca/products/21530097/b3/en/front/21530097_front_a06_@2.png 2x" loading="lazy" class="chakra-image css-oguq8l" aria-hidden="true"></div><div class="css-qoklea"><div class="css-12dchmx"></div><div data-testid="price-product-tile" class="css-8atqhb"><p class="chakra-text css-0"><span class="chakra-text css-pwnbcb" data-testid="regular-price"><span class="css-idkz9h">$0.99</span>$0.99</span></p></div><a href="/whole-wheat-baguette/p/21530097_EA?source=nspt" class="chakra-linkbox__overlay css-1hnz6hu"><div class="css-0"><h3 class="chakra-heading css-6qrhwc" id="21530097_EA" data-testid="product-title">Whole Wheat Baguette</h3><p class="chakra-text css-1yftjin" data-testid="product-package-size">255 g, $0.39/100g</p></div></a><div class="css-8keand"></div></div><div class="css-1q5omjq"><div class="css-fcebb8"><div data-testid="atc-compact" class="css-y94ivq" style="width: 45px;"><button type="button" class="chakra-button css-mudsm6" data-testid="atc-button"><svg stroke="currentColor" fill="currentColor" stroke-width="0" viewBox="0 0 24 24" focusable="false" class="chakra-icon css-1g3sp7a" data-testid="btn-icon" aria-hidden="true" height="1em" width="1em" xmlns="http://www.w3.org/2000/svg"><path d="M19 13h-6v6h-2v-6H5v-2h6V5h2v6h6v2z"></path></svg><span class="css-idkz9h">Add Whole Wheat Baguette to cart</span></button></div></div></div></div></div></div><div class="css-0"><div class="css-f5i5wc"><div class="chakra-linkbox css-vhnn8v"><div data-testid="product-image" class="css-16dr4ly"><img alt="President's Choice Extra Thick Sliced Cinnamon Bread with Raisins 675 g, $0.67/100g" src="https://assets.shop.loblaws.ca/products/20639729/b3/en/front/20639729_front_a06_@2.png" srcset="https://assets.shop.loblaws.ca/products/20639729/b3/en/front/20639729_front_a06_@2.png 1x, https://assets.shop.loblaws.ca/products/20639729/b3/en/front/20639729_front_a06_@2.png 2x" loading="lazy" class="chakra-image css-oguq8l" aria-hidden="true"></div><div class="css-qoklea"><div class="css-12dchmx"></div><div data-testid="price-product-tile" class="css-8atqhb"><p class="chakra-text css-0"><span class="chakra-text css-pwnbcb" data-testid="regular-price"><span class="css-idkz9h">$4.49</span>$4.49</span></p></div><a href="/extra-thick-sliced-cinnamon-bread-with-raisins/p/20639729_EA?source=nspt" class="chakra-linkbox__overlay css-1hnz6hu"><div class="css-0"><p class="chakra-text css-1ecdp9w" data-testid="product-brand">President's Choice</p><h3 class="chakra-heading css-6qrhwc" id="20639729_EA" data-testid="product-title">Extra Thick Sliced Cinnamon Bread with Raisins</h3><p class="chakra-text css-1yftjin" data-testid="product-package-size">675 g, $0.67/100g</p></div></a><div class="css-8keand"></div></div><div class="css-1q5omjq"><div class="css-fcebb8"><div data-testid="atc-compact" class="css-y94ivq" style="width: 45px;"><button type="button" class="chakra-button css-mudsm6" data-testid="atc-button"><svg stroke="currentColor" fill="currentColor" stroke-width="0" viewBox="0 0 24 24" focusable="false" class="chakra-icon css-1g3sp7a" data-testid="btn-icon" aria-hidden="true" height="1em" width="1em" xmlns="http://www.w3.org/2000/svg"><path d="M19 13h-6v6h-2v-6H5v-2h6V5h2v6h6v2z"></path></svg><span class="css-idkz9h">Add Extra Thick Sliced Cinnamon Bread with Raisins to cart</span></button></div></div></div></div></div></div><div class="css-0"><div class="css-f5i5wc"><div class="chakra-linkbox css-vhnn8v"><div data-testid="product-image" class="css-16dr4ly"><img alt="La Baguetterie Roasted Garlic Oval 398 g, $0.88/100g" src="https://assets.shop.loblaws.ca/products/20928110/b3/en/front/20928110_front_a06_@2.png" srcset="https://assets.shop.loblaws.ca/products/20928110/b3/en/front/20928110_front_a06_@2.png 1x, https://assets.shop.loblaws.ca/products/20928110/b3/en/front/20928110_front_a06_@2.png 2x" loading="lazy" class="chakra-image css-oguq8l" aria-hidden="true"></div><div class="css-qoklea"><div class="css-12dchmx"></div><div data-testid="price-product-tile" class="css-8atqhb"><p class="chakra-text css-0"><span class="chakra-text css-pwnbcb" data-testid="regular-price"><span class="css-idkz9h">$3.49</span>$3.49</span></p></div><a href="/roasted-garlic-oval/p/20928110_EA?source=nspt" class="chakra-linkbox__overlay css-1hnz6hu"><div class="css-0"><p class="chakra-text css-1ecdp9w" data-testid="product-brand">La Baguetterie</p><h3 class="chakra-heading css-6qrhwc" id="20928110_EA" data-testid="product-title">Roasted Garlic Oval</h3><p class="chakra-text css-1yftjin" data-testid="product-package-size">398 g, $0.88/100g</p></div></a><div class="css-8keand"></div></div><div class="css-1q5omjq"><div class="css-fcebb8"><div data-testid="atc-compact" class="css-y94ivq" style="width: 45px;"><button type="button" class="chakra-button css-mudsm6" data-testid="atc-button"><svg stroke="currentColor" fill="currentColor" stroke-width="0" viewBox="0 0 24 24" focusable="false" class="chakra-icon css-1g3sp7a" data-testid="btn-icon" aria-hidden="true" height="1em" width="1em" xmlns="http://www.w3.org/2000/svg"><path d="M19 13h-6v6h-2v-6H5v-2h6V5h2v6h6v2z"></path></svg><span class="css-idkz9h">Add Roasted Garlic Oval to cart</span></button></div></div></div></div></div></div><div class="css-0"><div class="css-f5i5wc"><div class="chakra-linkbox css-vhnn8v"><div data-testid="product-image" class="css-16dr4ly"><img alt="President's Choice Italian Tipo &quot;OO&quot; Flour Pizza Dough 560 g, $0.53/100g" src="https://assets.shop.loblaws.ca/products/21412185/b3/en/front/21412185_front_a06_@2.png" srcset="https://assets.shop.loblaws.ca/products/21412185/b3/en/front/21412185_front_a06_@2.png 1x, https://assets.shop.loblaws.ca/products/21412185/b3/en/front/21412185_front_a06_@2.png 2x" loading="lazy" class="chakra-image css-oguq8l" aria-hidden="true"></div><div class="css-qoklea"><div class="css-12dchmx"></div><div data-testid="price-product-tile" class="css-8atqhb"><p class="chakra-text css-0"><span class="chakra-text css-pwnbcb" data-testid="regular-price"><span class="css-idkz9h">$2.99</span>$2.99</span></p></div><a href="/italian-tipo-oo-flour-pizza-dough/p/21412185_EA?source=nspt" class="chakra-linkbox__overlay css-1hnz6hu"><div class="css-0"><p class="chakra-text css-1ecdp9w" data-testid="product-brand">President's Choice</p><h3 class="chakra-heading css-6qrhwc" id="21412185_EA" data-testid="product-title">Italian Tipo "OO" Flour Pizza Dough</h3><p class="chakra-text css-1yftjin" data-testid="product-package-size">560 g, $0.53/100g</p></div></a><div class="css-8keand"></div></div><div class="css-1q5omjq"><div class="css-fcebb8"><div data-testid="atc-compact" class="css-y94ivq" style="width: 45px;"><button type="button" class="chakra-button css-mudsm6" data-testid="atc-button"><svg stroke="currentColor" fill="currentColor" stroke-width="0" viewBox="0 0 24 24" focusable="false" class="chakra-icon css-1g3sp7a" data-testid="btn-icon" aria-hidden="true" height="1em" width="1em" xmlns="http://www.w3.org/2000/svg"><path d="M19 13h-6v6h-2v-6H5v-2h6V5h2v6h6v2z"></path></svg><span class="css-idkz9h">Add Italian Tipo "OO" Flour Pizza Dough to cart</span></button></div></div></div></div></div></div><div class="css-0"><div class="css-f5i5wc"><div class="chakra-linkbox css-vhnn8v"><div data-testid="product-image" class="css-16dr4ly"><img alt="Little Northern Bakehouse Millet &amp; Chia Bread 454 g, $1.98/100g" src="https://assets.shop.loblaws.ca/products/20935128/b3/en/front/20935128_front_a06_@2.png" srcset="https://assets.shop.loblaws.ca/products/20935128/b3/en/front/20935128_front_a06_@2.png 1x, https://assets.shop.loblaws.ca/products/20935128/b3/en/front/20935128_front_a06_@2.png 2x" loading="lazy" class="chakra-image css-oguq8l" aria-hidden="true"></div><div class="css-qoklea"><div class="css-12dchmx"></div><div data-testid="price-product-tile" class="css-8atqhb"><p class="chakra-text css-0"><span class="chakra-text css-pwnbcb" data-testid="regular-price"><span class="css-idkz9h">$8.99</span>$8.99</span></p></div><a href="/millet-chia-bread/p/20935128_EA?source=nspt" class="chakra-linkbox__overlay css-1hnz6hu"><div class="css-0"><p class="chakra-text css-1ecdp9w" data-testid="product-brand">Little Northern Bakehouse</p><h3 class="chakra-heading css-6qrhwc" id="20935128_EA" data-testid="product-title">Millet &amp; Chia Bread</h3><p class="chakra-text css-1yftjin" data-testid="product-package-size">454 g, $1.98/100g</p></div></a><div class="css-8keand"></div></div><div class="css-1q5omjq"><div class="css-fcebb8"><div data-testid="atc-compact" class="css-y94ivq" style="width: 45px;"><button type="button" class="chakra-button css-mudsm6" data-testid="atc-button"><svg stroke="currentColor" fill="currentColor" stroke-width="0" viewBox="0 0 24 24" focusable="false" class="chakra-icon css-1g3sp7a" data-testid="btn-icon" aria-hidden="true" height="1em" width="1em" xmlns="http://www.w3.org/2000/svg"><path d="M19 13h-6v6h-2v-6H5v-2h6V5h2v6h6v2z"></path></svg><span class="css-idkz9h">Add Millet &amp; Chia Bread to cart</span></button></div></div></div></div></div></div><div class="css-0"><div class="css-f5i5wc"><div class="chakra-linkbox css-vhnn8v"><div data-testid="product-image" class="css-16dr4ly"><img alt="Rubschlager Bavarian Multigrain Loaf 454 g, $0.66/100g" src="https://assets.shop.loblaws.ca/products/20997017/b3/en/front/20997017_front_a06_@2.png" srcset="https://assets.shop.loblaws.ca/products/20997017/b3/en/front/20997017_front_a06_@2.png 1x, https://assets.shop.loblaws.ca/products/20997017/b3/en/front/20997017_front_a06_@2.png 2x" loading="lazy" class="chakra-image css-oguq8l" aria-hidden="true"></div><div class="css-qoklea"><div class="css-12dchmx"></div><div data-testid="price-product-tile" class="css-8atqhb"><p class="chakra-text css-0"><span class="chakra-text css-pwnbcb" data-testid="regular-price"><span class="css-idkz9h">$3.00</span>$3.00</span></p></div><a href="/bavarian-multigrain-loaf/p/20997017_EA?source=nspt" class="chakra-linkbox__overlay css-1hnz6hu"><div class="css-0"><p class="chakra-text css-1ecdp9w" data-testid="product-brand">Rubschlager</p><h3 class="chakra-heading css-6qrhwc" id="20997017_EA" data-testid="product-title">Bavarian Multigrain Loaf</h3><p class="chakra-text css-1yftjin" data-testid="product-package-size">454 g, $0.66/100g</p></div></a><div class="css-8keand"></div></div><div class="css-1q5omjq"><div class="css-fcebb8"><div data-testid="atc-compact" class="css-y94ivq" style="width: 45px;"><button type="button" class="chakra-button css-mudsm6" data-testid="atc-button"><svg stroke="currentColor" fill="currentColor" stroke-width="0" viewBox="0 0 24 24" focusable="false" class="chakra-icon css-1g3sp7a" data-testid="btn-icon" aria-hidden="true" height="1em" width="1em" xmlns="http://www.w3.org/2000/svg"><path d="M19 13h-6v6h-2v-6H5v-2h6V5h2v6h6v2z"></path></svg><span class="css-idkz9h">Add Bavarian Multigrain Loaf to cart</span></button></div></div></div></div></div></div><div class="css-0"><div class="css-f5i5wc"><div class="chakra-linkbox css-vhnn8v"><div data-testid="product-image" class="css-16dr4ly"><img alt="Country Harvest Stone Milled Whole Wheat Bread 600 g, $0.50/100g" src="https://assets.shop.loblaws.ca/products/21178962/b3/en/front/21178962_front_a06_@2.png" srcset="https://assets.shop.loblaws.ca/products/21178962/b3/en/front/21178962_front_a06_@2.png 1x, https://assets.shop.loblaws.ca/products/21178962/b3/en/front/21178962_front_a06_@2.png 2x" loading="lazy" class="chakra-image css-oguq8l" aria-hidden="true"></div><div class="css-qoklea"><div class="css-12dchmx"></div><div data-testid="price-product-tile" class="css-8atqhb"><p class="chakra-text css-0"><span class="chakra-text css-o93gbd" data-testid="sale-price"><span class="css-idkz9h">$3.00</span>$3.00</span><span class="chakra-text css-623q5h" data-testid="was-price"><span class="css-idkz9h">$3.29</span>$3.29</span></p><p class="chakra-text css-1m5a6y8" data-testid="price-descriptor">SAVE $0.29</p></div><a href="/stone-milled-whole-wheat-bread/p/21178962_EA?source=nspt" class="chakra-linkbox__overlay css-1hnz6hu"><div class="css-0"><p class="chakra-text css-1ecdp9w" data-testid="product-brand">Country Harvest</p><h3 class="chakra-heading css-6qrhwc" id="21178962_EA" data-testid="product-title">Stone Milled Whole Wheat Bread</h3><p class="chakra-text css-1yftjin" data-testid="product-package-size">600 g, $0.50/100g</p></div></a><div class="css-8keand"></div></div><div class="css-1q5omjq"><div class="css-fcebb8"><div data-testid="atc-compact" class="css-y94ivq" style="width: 45px;"><button type="button" class="chakra-button css-mudsm6" data-testid="atc-button"><svg stroke="currentColor" fill="currentColor" stroke-width="0" viewBox="0 0 24 24" focusable="false" class="chakra-icon css-1g3sp7a" data-testid="btn-icon" aria-hidden="true" height="1em" width="1em" xmlns="http://www.w3.org/2000/svg"><path d="M19 13h-6v6h-2v-6H5v-2h6V5h2v6h6v2z"></path></svg><span class="css-idkz9h">Add Stone Milled Whole Wheat Bread to cart</span></button></div></div></div></div></div></div><div class="css-0"><div class="css-f5i5wc"><div class="chakra-linkbox css-vhnn8v"><div data-testid="product-image" class="css-16dr4ly"><img alt="President's Choice Whole Wheat Crustless Bread Tramezzini 250 g, $1.80/100g" src="https://assets.shop.loblaws.ca/products/20708056/b3/en/front/20708056_front_a06_@2.png" srcset="https://assets.shop.loblaws.ca/products/20708056/b3/en/front/20708056_front_a06_@2.png 1x, https://assets.shop.loblaws.ca/products/20708056/b3/en/front/20708056_front_a06_@2.png 2x" loading="lazy" class="chakra-image css-oguq8l" aria-hidden="true"></div><div class="css-qoklea"><div class="css-12dchmx"></div><div data-testid="price-product-tile" class="css-8atqhb"><p class="chakra-text css-0"><span class="chakra-text css-pwnbcb" data-testid="regular-price"><span class="css-idkz9h">$4.49</span>$4.49</span></p></div><a href="/whole-wheat-crustless-bread-tramezzini/p/20708056_EA?source=nspt" class="chakra-linkbox__overlay css-1hnz6hu"><div class="css-0"><p class="chakra-text css-1ecdp9w" data-testid="product-brand">President's Choice</p><h3 class="chakra-heading css-6qrhwc" id="20708056_EA" data-testid="product-title">Whole Wheat Crustless Bread Tramezzini</h3><p class="chakra-text css-1yftjin" data-testid="product-package-size">250 g, $1.80/100g</p></div></a><div class="css-8keand"></div></div><div class="css-1q5omjq"><div class="css-fcebb8"><div data-testid="atc-compact" class="css-y94ivq" style="width: 45px;"><button type="button" class="chakra-button css-mudsm6" data-testid="atc-button"><svg stroke="currentColor" fill="currentColor" stroke-width="0" viewBox="0 0 24 24" focusable="false" class="chakra-icon css-1g3sp7a" data-testid="btn-icon" aria-hidden="true" height="1em" width="1em" xmlns="http://www.w3.org/2000/svg"><path d="M19 13h-6v6h-2v-6H5v-2h6V5h2v6h6v2z"></path></svg><span class="css-idkz9h">Add Whole Wheat Crustless Bread Tramezzini to cart</span></button></div></div></div></div></div></div><div class="css-0"><div class="css-f5i5wc"><div class="chakra-linkbox css-vhnn8v"><div data-testid="product-image" class="css-16dr4ly"><img alt="Villa Di Manno Vienna Style Bread 312 g, $0.96/100g" src="https://assets.shop.loblaws.ca/products/20133689/b3/en/front/20133689_front_a06_@2.png" srcset="https://assets.shop.loblaws.ca/products/20133689/b3/en/front/20133689_front_a06_@2.png 1x, https://assets.shop.loblaws.ca/products/20133689/b3/en/front/20133689_front_a06_@2.png 2x" loading="lazy" class="chakra-image css-oguq8l" aria-hidden="true"></div><div class="css-qoklea"><div class="css-12dchmx"></div><div data-testid="price-product-tile" class="css-8atqhb"><p class="chakra-text css-0"><span class="chakra-text css-pwnbcb" data-testid="regular-price"><span class="css-idkz9h">$2.99</span>$2.99</span></p></div><a href="/vienna-style-bread/p/20133689_EA?source=nspt" class="chakra-linkbox__overlay css-1hnz6hu"><div class="css-0"><p class="chakra-text css-1ecdp9w" data-testid="product-brand">Villa Di Manno</p><h3 class="chakra-heading css-6qrhwc" id="20133689_EA" data-testid="product-title">Vienna Style Bread</h3><p class="chakra-text css-1yftjin" data-testid="product-package-size">312 g, $0.96/100g</p></div></a><div class="css-8keand"></div></div><div class="css-1q5omjq"><div class="css-fcebb8"><div data-testid="atc-compact" class="css-y94ivq" style="width: 45px;"><button type="button" class="chakra-button css-mudsm6" data-testid="atc-button"><svg stroke="currentColor" fill="currentColor" stroke-width="0" viewBox="0 0 24 24" focusable="false" class="chakra-icon css-1g3sp7a" data-testid="btn-icon" aria-hidden="true" height="1em" width="1em" xmlns="http://www.w3.org/2000/svg"><path d="M19 13h-6v6h-2v-6H5v-2h6V5h2v6h6v2z"></path></svg><span class="css-idkz9h">Add Vienna Style Bread to cart</span></button></div></div></div></div></div></div><div class="css-0"><div class="css-f5i5wc"><div class="chakra-linkbox css-vhnn8v"><div data-testid="product-image" class="css-16dr4ly"><img alt="La Baguetterie White Baguette 326 g, $1.07/100g" src="https://assets.shop.loblaws.ca/products/21405144/b3/en/front/21405144_front_a06_@2.png" srcset="https://assets.shop.loblaws.ca/products/21405144/b3/en/front/21405144_front_a06_@2.png 1x, https://assets.shop.loblaws.ca/products/21405144/b3/en/front/21405144_front_a06_@2.png 2x" loading="lazy" class="chakra-image css-oguq8l" aria-hidden="true"></div><div class="css-qoklea"><div class="css-12dchmx"></div><div data-testid="price-product-tile" class="css-8atqhb"><p class="chakra-text css-0"><span class="chakra-text css-pwnbcb" data-testid="regular-price"><span class="css-idkz9h">$3.49</span>$3.49</span></p></div><a href="/white-baguette/p/21405144_EA?source=nspt" class="chakra-linkbox__overlay css-1hnz6hu"><div class="css-0"><p class="chakra-text css-1ecdp9w" data-testid="product-brand">La Baguetterie</p><h3 class="chakra-heading css-6qrhwc" id="21405144_EA" data-testid="product-title">White Baguette</h3><p class="chakra-text css-1yftjin" data-testid="product-package-size">326 g, $1.07/100g</p></div></a><div class="css-8keand"></div></div><div class="css-1q5omjq"><div class="css-fcebb8"><div data-testid="atc-compact" class="css-y94ivq" style="width: 45px;"><button type="button" class="chakra-button css-mudsm6" data-testid="atc-button"><svg stroke="currentColor" fill="currentColor" stroke-width="0" viewBox="0 0 24 24" focusable="false" class="chakra-icon css-1g3sp7a" data-testid="btn-icon" aria-hidden="true" height="1em" width="1em" xmlns="http://www.w3.org/2000/svg"><path d="M19 13h-6v6h-2v-6H5v-2h6V5h2v6h6v2z"></path></svg><span class="css-idkz9h">Add White Baguette to cart</span></button></div></div></div></div></div></div><div class="css-0"><div class="css-f5i5wc"><div class="chakra-linkbox css-vhnn8v"><div data-testid="product-image" class="css-16dr4ly"><img alt="Dempster Bread 100% Whole Grains Ancient Grains with Quinoa  600 g, $0.72/100g" src="https://assets.shop.loblaws.ca/products/20006502/b3/en/front/20006502_front_a06_@2.png" srcset="https://assets.shop.loblaws.ca/products/20006502/b3/en/front/20006502_front_a06_@2.png 1x, https://assets.shop.loblaws.ca/products/20006502/b3/en/front/20006502_front_a06_@2.png 2x" loading="lazy" class="chakra-image css-oguq8l" aria-hidden="true"></div><div class="css-qoklea"><div class="css-12dchmx"></div><div data-testid="price-product-tile" class="css-8atqhb"><p class="chakra-text css-0"><span class="chakra-text css-pwnbcb" data-testid="regular-price"><span class="css-idkz9h">$4.29</span>$4.29</span></p></div><a href="/bread-100-whole-grains-ancient-grains-with-quinoa/p/20006502_EA?source=nspt" class="chakra-linkbox__overlay css-1hnz6hu"><div class="css-0"><p class="chakra-text css-1ecdp9w" data-testid="product-brand">Dempster</p><h3 class="chakra-heading css-6qrhwc" id="20006502_EA" data-testid="product-title">Bread 100% Whole Grains Ancient Grains with Quinoa </h3><p class="chakra-text css-1yftjin" data-testid="product-package-size">600 g, $0.72/100g</p></div></a><div class="css-8keand"></div></div><div class="css-1q5omjq"><div class="css-fcebb8"><div data-testid="atc-compact" class="css-y94ivq" style="width: 45px;"><button type="button" class="chakra-button css-mudsm6" data-testid="atc-button"><svg stroke="currentColor" fill="currentColor" stroke-width="0" viewBox="0 0 24 24" focusable="false" class="chakra-icon css-1g3sp7a" data-testid="btn-icon" aria-hidden="true" height="1em" width="1em" xmlns="http://www.w3.org/2000/svg"><path d="M19 13h-6v6h-2v-6H5v-2h6V5h2v6h6v2z"></path></svg><span class="css-idkz9h">Add Bread 100% Whole Grains Ancient Grains with Quinoa  to cart</span></button></div></div></div></div></div></div><div class="css-0"><div class="css-f5i5wc"><div class="chakra-linkbox css-vhnn8v"><div data-testid="product-image" class="css-16dr4ly"><img alt="Country Harvest Whole Grains Bread No Sugar Added 600 g, $0.50/100g" src="https://assets.shop.loblaws.ca/products/21178630/b3/en/front/21178630_front_a06_@2.png" srcset="https://assets.shop.loblaws.ca/products/21178630/b3/en/front/21178630_front_a06_@2.png 1x, https://assets.shop.loblaws.ca/products/21178630/b3/en/front/21178630_front_a06_@2.png 2x" loading="lazy" class="chakra-image css-oguq8l" aria-hidden="true"></div><div class="css-qoklea"><div class="css-12dchmx"></div><div data-testid="price-product-tile" class="css-8atqhb"><p class="chakra-text css-0"><span class="chakra-text css-o93gbd" data-testid="sale-price"><span class="css-idkz9h">$3.00</span>$3.00</span><span class="chakra-text css-623q5h" data-testid="was-price"><span class="css-idkz9h">$3.29</span>$3.29</span></p><p class="chakra-text css-1m5a6y8" data-testid="price-descriptor">SAVE $0.29</p></div><a href="/whole-grains-bread-no-sugar-added/p/21178630_EA?source=nspt" class="chakra-linkbox__overlay css-1hnz6hu"><div class="css-0"><p class="chakra-text css-1ecdp9w" data-testid="product-brand">Country Harvest</p><h3 class="chakra-heading css-6qrhwc" id="21178630_EA" data-testid="product-title">Whole Grains Bread No Sugar Added</h3><p class="chakra-text css-1yftjin" data-testid="product-package-size">600 g, $0.50/100g</p></div></a><div class="css-8keand"></div></div><div class="css-1q5omjq"><div class="css-fcebb8"><div data-testid="atc-compact" class="css-y94ivq" style="width: 45px;"><button type="button" class="chakra-button css-mudsm6" data-testid="atc-button"><svg stroke="currentColor" fill="currentColor" stroke-width="0" viewBox="0 0 24 24" focusable="false" class="chakra-icon css-1g3sp7a" data-testid="btn-icon" aria-hidden="true" height="1em" width="1em" xmlns="http://www.w3.org/2000/svg"><path d="M19 13h-6v6h-2v-6H5v-2h6V5h2v6h6v2z"></path></svg><span class="css-idkz9h">Add Whole Grains Bread No Sugar Added to cart</span></button></div></div></div></div></div></div><div class="css-0"><div class="css-f5i5wc"><div class="chakra-linkbox css-vhnn8v"><div data-testid="product-image" class="css-16dr4ly"><img alt="Country Harvest Cranberry &amp; Oats Loaf 600 g, $0.50/100g" src="https://assets.shop.loblaws.ca/products/21430976/b3/en/front/21430976_front_a06_@2.png" srcset="https://assets.shop.loblaws.ca/products/21430976/b3/en/front/21430976_front_a06_@2.png 1x, https://assets.shop.loblaws.ca/products/21430976/b3/en/front/21430976_front_a06_@2.png 2x" loading="lazy" class="chakra-image css-oguq8l" aria-hidden="true"></div><div class="css-qoklea"><div class="css-12dchmx"></div><div data-testid="price-product-tile" class="css-8atqhb"><p class="chakra-text css-0"><span class="chakra-text css-o93gbd" data-testid="sale-price"><span class="css-idkz9h">$3.00</span>$3.00</span><span class="chakra-text css-623q5h" data-testid="was-price"><span class="css-idkz9h">$3.29</span>$3.29</span></p><p class="chakra-text css-1m5a6y8" data-testid="price-descriptor">SAVE $0.29</p></div><a href="/cranberry-oats-loaf/p/21430976_EA?source=nspt" class="chakra-linkbox__overlay css-1hnz6hu"><div class="css-0"><p class="chakra-text css-1ecdp9w" data-testid="product-brand">Country Harvest</p><h3 class="chakra-heading css-6qrhwc" id="21430976_EA" data-testid="product-title">Cranberry &amp; Oats Loaf</h3><p class="chakra-text css-1yftjin" data-testid="product-package-size">600 g, $0.50/100g</p></div></a><div class="css-8keand"></div></div><div class="css-1q5omjq"><div class="css-fcebb8"><div data-testid="atc-compact" class="css-y94ivq" style="width: 45px;"><button type="button" class="chakra-button css-mudsm6" data-testid="atc-button"><svg stroke="currentColor" fill="currentColor" stroke-width="0" viewBox="0 0 24 24" focusable="false" class="chakra-icon css-1g3sp7a" data-testid="btn-icon" aria-hidden="true" height="1em" width="1em" xmlns="http://www.w3.org/2000/svg"><path d="M19 13h-6v6h-2v-6H5v-2h6V5h2v6h6v2z"></path></svg><span class="css-idkz9h">Add Cranberry &amp; Oats Loaf to cart</span></button></div></div></div></div></div></div><div class="css-0"><div class="css-f5i5wc"><div class="chakra-linkbox css-vhnn8v"><div data-testid="product-image" class="css-16dr4ly"><img alt="Dempster 100% Whole Grains Multigrain Bread 600 g, $0.72/100g" src="https://assets.shop.loblaws.ca/products/20157691/b3/en/front/20157691_front_a06_@2.png" srcset="https://assets.shop.loblaws.ca/products/20157691/b3/en/front/20157691_front_a06_@2.png 1x, https://assets.shop.loblaws.ca/products/20157691/b3/en/front/20157691_front_a06_@2.png 2x" loading="lazy" class="chakra-image css-oguq8l" aria-hidden="true"></div><div class="css-qoklea"><div class="css-12dchmx"></div><div data-testid="price-product-tile" class="css-8atqhb"><p class="chakra-text css-0"><span class="chakra-text css-pwnbcb" data-testid="regular-price"><span class="css-idkz9h">$4.29</span>$4.29</span></p></div><a href="/100-whole-grains-multigrain-bread/p/20157691_EA?source=nspt" class="chakra-linkbox__overlay css-1hnz6hu"><div class="css-0"><p class="chakra-text css-1ecdp9w" data-testid="product-brand">Dempster</p><h3 class="chakra-heading css-6qrhwc" id="20157691_EA" data-testid="product-title">100% Whole Grains Multigrain Bread</h3><p class="chakra-text css-1yftjin" data-testid="product-package-size">600 g, $0.72/100g</p></div></a><div class="css-8keand"></div></div><div class="css-1q5omjq"><div class="css-fcebb8"><div data-testid="atc-compact" class="css-y94ivq" style="width: 45px;"><button type="button" class="chakra-button css-mudsm6" data-testid="atc-button"><svg stroke="currentColor" fill="currentColor" stroke-width="0" viewBox="0 0 24 24" focusable="false" class="chakra-icon css-1g3sp7a" data-testid="btn-icon" aria-hidden="true" height="1em" width="1em" xmlns="http://www.w3.org/2000/svg"><path d="M19 13h-6v6h-2v-6H5v-2h6V5h2v6h6v2z"></path></svg><span class="css-idkz9h">Add 100% Whole Grains Multigrain Bread to cart</span></button></div></div></div></div></div></div><div class="css-0"><div class="css-f5i5wc"><div class="chakra-linkbox css-vhnn8v"><div data-testid="product-image" class="css-16dr4ly"><img alt="President's Choice Gluten Free White Bread 454 g, $1.39/100g" src="https://assets.shop.loblaws.ca/products/21245347/b3/en/front/21245347_front_a06_@2.png" srcset="https://assets.shop.loblaws.ca/products/21245347/b3/en/front/21245347_front_a06_@2.png 1x, https://assets.shop.loblaws.ca/products/21245347/b3/en/front/21245347_front_a06_@2.png 2x" loading="lazy" class="chakra-image css-oguq8l" aria-hidden="true"></div><div class="css-qoklea"><div class="css-12dchmx"></div><div data-testid="price-product-tile" class="css-8atqhb"><p class="chakra-text css-0"><span class="chakra-text css-pwnbcb" data-testid="regular-price"><span class="css-idkz9h">$6.29</span>$6.29</span></p></div><a href="/gluten-free-white-bread/p/21245347_EA?source=nspt" class="chakra-linkbox__overlay css-1hnz6hu"><div class="css-0"><p class="chakra-text css-1ecdp9w" data-testid="product-brand">President's Choice</p><h3 class="chakra-heading css-6qrhwc" id="21245347_EA" data-testid="product-title">Gluten Free White Bread</h3><p class="chakra-text css-1yftjin" data-testid="product-package-size">454 g, $1.39/100g</p></div></a><div class="css-8keand"></div></div><div class="css-1q5omjq"><div class="css-fcebb8"><div data-testid="atc-compact" class="css-y94ivq" style="width: 45px;"><button type="button" class="chakra-button css-mudsm6" data-testid="atc-button"><svg stroke="currentColor" fill="currentColor" stroke-width="0" viewBox="0 0 24 24" focusable="false" class="chakra-icon css-1g3sp7a" data-testid="btn-icon" aria-hidden="true" height="1em" width="1em" xmlns="http://www.w3.org/2000/svg"><path d="M19 13h-6v6h-2v-6H5v-2h6V5h2v6h6v2z"></path></svg><span class="css-idkz9h">Add Gluten Free White Bread to cart</span></button></div></div></div></div></div></div><div class="css-0"><div class="css-f5i5wc"><div class="chakra-linkbox css-vhnn8v"><div data-testid="product-image" class="css-16dr4ly"><img alt="President's Choice Hot Cross Buns Extra-Raisins 565 g, $0.79/100g" src="https://assets.shop.loblaws.ca/products/21577822/b3/en/front/21577822_front_a06_@2.png" srcset="https://assets.shop.loblaws.ca/products/21577822/b3/en/front/21577822_front_a06_@2.png 1x, https://assets.shop.loblaws.ca/products/21577822/b3/en/front/21577822_front_a06_@2.png 2x" loading="lazy" class="chakra-image css-oguq8l" aria-hidden="true"></div><div class="css-qoklea"><div class="css-12dchmx"></div><div data-testid="price-product-tile" class="css-8atqhb"><p class="chakra-text css-0"><span class="chakra-text css-pwnbcb" data-testid="regular-price"><span class="css-idkz9h">$4.49</span>$4.49</span></p></div><a href="/hot-cross-buns-extra-raisins/p/21577822_EA?source=nspt" class="chakra-linkbox__overlay css-1hnz6hu"><div class="css-0"><p class="chakra-text css-1ecdp9w" data-testid="product-brand">President's Choice</p><h3 class="chakra-heading css-6qrhwc" id="21577822_EA" data-testid="product-title">Hot Cross Buns Extra-Raisins</h3><p class="chakra-text css-1yftjin" data-testid="product-package-size">565 g, $0.79/100g</p></div></a><div class="css-8keand"></div></div><div class="css-1q5omjq"><div class="css-fcebb8"><div data-testid="atc-compact" class="css-y94ivq" style="width: 45px;"><button type="button" class="chakra-button css-mudsm6" data-testid="atc-button"><svg stroke="currentColor" fill="currentColor" stroke-width="0" viewBox="0 0 24 24" focusable="false" class="chakra-icon css-1g3sp7a" data-testid="btn-icon" aria-hidden="true" height="1em" width="1em" xmlns="http://www.w3.org/2000/svg"><path d="M19 13h-6v6h-2v-6H5v-2h6V5h2v6h6v2z"></path></svg><span class="css-idkz9h">Add Hot Cross Buns Extra-Raisins to cart</span></button></div></div></div></div></div></div><div class="css-0"><div class="css-f5i5wc"><div class="chakra-linkbox css-vhnn8v"><div data-testid="product-image" class="css-16dr4ly"><img alt="Dimpflmeier Pumpernickel Bread 454 g, $0.86/100g" src="https://assets.shop.loblaws.ca/products/20120773/b3/en/front/20120773_front_a06_@2.png" srcset="https://assets.shop.loblaws.ca/products/20120773/b3/en/front/20120773_front_a06_@2.png 1x, https://assets.shop.loblaws.ca/products/20120773/b3/en/front/20120773_front_a06_@2.png 2x" loading="lazy" class="chakra-image css-oguq8l" aria-hidden="true"></div><div class="css-qoklea"><div class="css-12dchmx"></div><div data-testid="price-product-tile" class="css-8atqhb"><p class="chakra-text css-0"><span class="chakra-text css-pwnbcb" data-testid="regular-price"><span class="css-idkz9h">$3.89</span>$3.89</span></p></div><a href="/pumpernickel-bread/p/20120773_EA?source=nspt" class="chakra-linkbox__overlay css-1hnz6hu"><div class="css-0"><p class="chakra-text css-1ecdp9w" data-testid="product-brand">Dimpflmeier</p><h3 class="chakra-heading css-6qrhwc" id="20120773_EA" data-testid="product-title">Pumpernickel Bread</h3><p class="chakra-text css-1yftjin" data-testid="product-package-size">454 g, $0.86/100g</p></div></a><div class="css-8keand"></div></div><div class="css-1q5omjq"><div class="css-fcebb8"><div data-testid="atc-compact" class="css-y94ivq" style="width: 45px;"><button type="button" class="chakra-button css-mudsm6" data-testid="atc-button"><svg stroke="currentColor" fill="currentColor" stroke-width="0" viewBox="0 0 24 24" focusable="false" class="chakra-icon css-1g3sp7a" data-testid="btn-icon" aria-hidden="true" height="1em" width="1em" xmlns="http://www.w3.org/2000/svg"><path d="M19 13h-6v6h-2v-6H5v-2h6V5h2v6h6v2z"></path></svg><span class="css-idkz9h">Add Pumpernickel Bread to cart</span></button></div></div></div></div></div></div><div class="css-0"><div class="css-f5i5wc"><div class="chakra-linkbox css-vhnn8v"><div data-testid="product-image" class="css-16dr4ly"><img alt="Dimpflmeier Farmer's Gold Bread Light Rye 6 Grain  700 g, $0.42/100g" src="https://assets.shop.loblaws.ca/products/21048088/b3/en/front/21048088_front_a06_@2.png" srcset="https://assets.shop.loblaws.ca/products/21048088/b3/en/front/21048088_front_a06_@2.png 1x, https://assets.shop.loblaws.ca/products/21048088/b3/en/front/21048088_front_a06_@2.png 2x" loading="lazy" class="chakra-image css-oguq8l" aria-hidden="true"></div><div class="css-qoklea"><div class="css-12dchmx"></div><div data-testid="price-product-tile" class="css-8atqhb"><p class="chakra-text css-0"><span class="chakra-text css-o93gbd" data-testid="sale-price"><span class="css-idkz9h">$2.97</span>$2.97</span><span class="chakra-text css-623q5h" data-testid="was-price"><span class="css-idkz9h">$4.99</span>$4.99</span></p><p class="chakra-text css-1m5a6y8" data-testid="price-descriptor">SAVE $2.02</p></div><a href="/farmer-s-gold-bread-light-rye-6-grain/p/21048088_EA?source=nspt" class="chakra-linkbox__overlay css-1hnz6hu"><div class="css-0"><p class="chakra-text css-1ecdp9w" data-testid="product-brand">Dimpflmeier</p><h3 class="chakra-heading css-6qrhwc" id="21048088_EA" data-testid="product-title">Farmer's Gold Bread Light Rye 6 Grain </h3><p class="chakra-text css-1yftjin" data-testid="product-package-size">700 g, $0.42/100g</p></div></a><div class="css-8keand"></div></div><div class="css-1q5omjq"><div class="css-fcebb8"><div data-testid="atc-compact" class="css-y94ivq" style="width: 45px;"><button type="button" class="chakra-button css-mudsm6" data-testid="atc-button"><svg stroke="currentColor" fill="currentColor" stroke-width="0" viewBox="0 0 24 24" focusable="false" class="chakra-icon css-1g3sp7a" data-testid="btn-icon" aria-hidden="true" height="1em" width="1em" xmlns="http://www.w3.org/2000/svg"><path d="M19 13h-6v6h-2v-6H5v-2h6V5h2v6h6v2z"></path></svg><span class="css-idkz9h">Add Farmer's Gold Bread Light Rye 6 Grain  to cart</span></button></div></div></div></div></div></div><div class="css-0"><div class="css-f5i5wc"><div class="chakra-linkbox css-vhnn8v"><div data-testid="product-image" class="css-16dr4ly"><img alt="D'Italiano Brizzolio Bread 600 g, $0.63/100g" src="https://assets.shop.loblaws.ca/products/20773424/b3/en/front/20773424_front_a06_@2.png" srcset="https://assets.shop.loblaws.ca/products/20773424/b3/en/front/20773424_front_a06_@2.png 1x, https://assets.shop.loblaws.ca/products/20773424/b3/en/front/20773424_front_a06_@2.png 2x" loading="lazy" class="chakra-image css-oguq8l" aria-hidden="true"></div><div class="css-qoklea"><div class="css-12dchmx"></div><div data-testid="price-product-tile" class="css-8atqhb"><p class="chakra-text css-0"><span class="chakra-text css-pwnbcb" data-testid="regular-price"><span class="css-idkz9h">$3.79</span>$3.79</span></p></div><a href="/brizzolio-bread/p/20773424_EA?source=nspt" class="chakra-linkbox__overlay css-1hnz6hu"><div class="css-0"><p class="chakra-text css-1ecdp9w" data-testid="product-brand">D'Italiano</p><h3 class="chakra-heading css-6qrhwc" id="20773424_EA" data-testid="product-title">Brizzolio Bread</h3><p class="chakra-text css-1yftjin" data-testid="product-package-size">600 g, $0.63/100g</p></div></a><div class="css-8keand"></div></div><div class="css-1q5omjq"><div class="css-fcebb8"><div data-testid="atc-compact" class="css-y94ivq" style="width: 45px;"><button type="button" class="chakra-button css-mudsm6" data-testid="atc-button"><svg stroke="currentColor" fill="currentColor" stroke-width="0" viewBox="0 0 24 24" focusable="false" class="chakra-icon css-1g3sp7a" data-testid="btn-icon" aria-hidden="true" height="1em" width="1em" xmlns="http://www.w3.org/2000/svg"><path d="M19 13h-6v6h-2v-6H5v-2h6V5h2v6h6v2z"></path></svg><span class="css-idkz9h">Add Brizzolio Bread to cart</span></button></div></div></div></div></div></div><div class="css-0"><div class="css-f5i5wc"><div class="chakra-linkbox css-vhnn8v"><div data-testid="product-image" class="css-16dr4ly"><img alt="T&amp;T Coconut Cream Bun 90 g, $1.66/100g" src="https://assets.shop.loblaws.ca/products/21475470/b3/en/front/21475470_front_a06_@2.png" srcset="https://assets.shop.loblaws.ca/products/21475470/b3/en/front/21475470_front_a06_@2.png 1x, https://assets.shop.loblaws.ca/products/21475470/b3/en/front/21475470_front_a06_@2.png 2x" loading="lazy" class="chakra-image css-oguq8l" aria-hidden="true"></div><div class="css-qoklea"><div class="css-12dchmx"><div class="chakra-badge css-34x0wr" data-testid="product-badge"><div class="css-u4p24i">New</div></div></div><div data-testid="price-product-tile" class="css-8atqhb"><p class="chakra-text css-0"><span class="chakra-text css-pwnbcb" data-testid="regular-price"><span class="css-idkz9h">$1.49</span>$1.49</span></p></div><a href="/coconut-cream-bun/p/21475470_EA?source=nspt" class="chakra-linkbox__overlay css-1hnz6hu"><div class="css-0"><p class="chakra-text css-1ecdp9w" data-testid="product-brand">T&amp;T</p><h3 class="chakra-heading css-6qrhwc" id="21475470_EA" data-testid="product-title">Coconut Cream Bun</h3><p class="chakra-text css-1yftjin" data-testid="product-package-size">90 g, $1.66/100g</p></div></a><div class="css-8keand"></div></div><div class="css-1q5omjq"><div class="css-fcebb8"><div data-testid="atc-compact" class="css-y94ivq" style="width: 45px;"><button type="button" class="chakra-button css-mudsm6" data-testid="atc-button"><svg stroke="currentColor" fill="currentColor" stroke-width="0" viewBox="0 0 24 24" focusable="false" class="chakra-icon css-1g3sp7a" data-testid="btn-icon" aria-hidden="true" height="1em" width="1em" xmlns="http://www.w3.org/2000/svg"><path d="M19 13h-6v6h-2v-6H5v-2h6V5h2v6h6v2z"></path></svg><span class="css-idkz9h">Add Coconut Cream Bun to cart</span></button></div></div></div></div></div></div><div class="css-0"><div class="css-f5i5wc"><div class="chakra-linkbox css-vhnn8v"><div data-testid="product-image" class="css-16dr4ly"><img alt="Dimpflmeier Rye Bread With Sunflower Seeds 454 g, $1.10/100g" src="https://assets.shop.loblaws.ca/products/20309503/b3/en/front/20309503_front_a06_@2.png" srcset="https://assets.shop.loblaws.ca/products/20309503/b3/en/front/20309503_front_a06_@2.png 1x, https://assets.shop.loblaws.ca/products/20309503/b3/en/front/20309503_front_a06_@2.png 2x" loading="lazy" class="chakra-image css-oguq8l" aria-hidden="true"></div><div class="css-qoklea"><div class="css-12dchmx"></div><div data-testid="price-product-tile" class="css-8atqhb"><p class="chakra-text css-0"><span class="chakra-text css-pwnbcb" data-testid="regular-price"><span class="css-idkz9h">$4.99</span>$4.99</span></p></div><a href="/rye-bread-with-sunflower-seeds/p/20309503_EA?source=nspt" class="chakra-linkbox__overlay css-1hnz6hu"><div class="css-0"><p class="chakra-text css-1ecdp9w" data-testid="product-brand">Dimpflmeier</p><h3 class="chakra-heading css-6qrhwc" id="20309503_EA" data-testid="product-title">Rye Bread With Sunflower Seeds</h3><p class="chakra-text css-1yftjin" data-testid="product-package-size">454 g, $1.10/100g</p></div></a><div class="css-8keand"></div></div><div class="css-1q5omjq"><div class="css-fcebb8"><div data-testid="atc-compact" class="css-y94ivq" style="width: 45px;"><button type="button" class="chakra-button css-mudsm6" data-testid="atc-button"><svg stroke="currentColor" fill="currentColor" stroke-width="0" viewBox="0 0 24 24" focusable="false" class="chakra-icon css-1g3sp7a" data-testid="btn-icon" aria-hidden="true" height="1em" width="1em" xmlns="http://www.w3.org/2000/svg"><path d="M19 13h-6v6h-2v-6H5v-2h6V5h2v6h6v2z"></path></svg><span class="css-idkz9h">Add Rye Bread With Sunflower Seeds to cart</span></button></div></div></div></div></div></div><div class="css-0"><div class="css-f5i5wc"><div class="chakra-linkbox css-vhnn8v"><div data-testid="product-image" class="css-16dr4ly"><img alt="Little Northern Bakehouse Sweet Hawaiian Wide Slice 539 g, $1.58/100g" src="https://assets.shop.loblaws.ca/products/21479458/b3/en/front/21479458_front_a06_@2.png" srcset="https://assets.shop.loblaws.ca/products/21479458/b3/en/front/21479458_front_a06_@2.png 1x, https://assets.shop.loblaws.ca/products/21479458/b3/en/front/21479458_front_a06_@2.png 2x" loading="lazy" class="chakra-image css-oguq8l" aria-hidden="true"></div><div class="css-qoklea"><div class="css-12dchmx"></div><div data-testid="price-product-tile" class="css-8atqhb"><p class="chakra-text css-0"><span class="chakra-text css-pwnbcb" data-testid="regular-price"><span class="css-idkz9h">$8.49</span>$8.49</span></p></div><a href="/sweet-hawaiian-wide-slice/p/21479458_EA?source=nspt" class="chakra-linkbox__overlay css-1hnz6hu"><div class="css-0"><p class="chakra-text css-1ecdp9w" data-testid="product-brand">Little Northern Bakehouse</p><h3 class="chakra-heading css-6qrhwc" id="21479458_EA" data-testid="product-title">Sweet Hawaiian Wide Slice</h3><p class="chakra-text css-1yftjin" data-testid="product-package-size">539 g, $1.58/100g</p></div></a><div class="css-8keand"></div></div><div class="css-1q5omjq"><div class="css-fcebb8"><div data-testid="atc-compact" class="css-y94ivq" style="width: 45px;"><button type="button" class="chakra-button css-mudsm6" data-testid="atc-button"><svg stroke="currentColor" fill="currentColor" stroke-width="0" viewBox="0 0 24 24" focusable="false" class="chakra-icon css-1g3sp7a" data-testid="btn-icon" aria-hidden="true" height="1em" width="1em" xmlns="http://www.w3.org/2000/svg"><path d="M19 13h-6v6h-2v-6H5v-2h6V5h2v6h6v2z"></path></svg><span class="css-idkz9h">Add Sweet Hawaiian Wide Slice to cart</span></button></div></div><div class="css-4saf4a"><p class="chakra-text css-py8788" data-testid="inventory-badge-text">Low Stock</p></div></div></div></div></div><div class="css-0"><div class="css-f5i5wc"><div class="chakra-linkbox css-vhnn8v"><div data-testid="product-image" class="css-16dr4ly"><img alt="Country Harvest Oat &amp; Honey Whole Wheat Bread 600 g, $0.50/100g" src="https://assets.shop.loblaws.ca/products/21178635/b3/en/front/21178635_front_a06_@2.png" srcset="https://assets.shop.loblaws.ca/products/21178635/b3/en/front/21178635_front_a06_@2.png 1x, https://assets.shop.loblaws.ca/products/21178635/b3/en/front/21178635_front_a06_@2.png 2x" loading="lazy" class="chakra-image css-oguq8l" aria-hidden="true"></div><div class="css-qoklea"><div class="css-12dchmx"></div><div data-testid="price-product-tile" class="css-8atqhb"><p class="chakra-text css-0"><span class="chakra-text css-o93gbd" data-testid="sale-price"><span class="css-idkz9h">$3.00</span>$3.00</span><span class="chakra-text css-623q5h" data-testid="was-price"><span class="css-idkz9h">$3.29</span>$3.29</span></p><p class="chakra-text css-1m5a6y8" data-testid="price-descriptor">SAVE $0.29</p></div><a href="/oat-honey-whole-wheat-bread/p/21178635_EA?source=nspt" class="chakra-linkbox__overlay css-1hnz6hu"><div class="css-0"><p class="chakra-text css-1ecdp9w" data-testid="product-brand">Country Harvest</p><h3 class="chakra-heading css-6qrhwc" id="21178635_EA" data-testid="product-title">Oat &amp; Honey Whole Wheat Bread</h3><p class="chakra-text css-1yftjin" data-testid="product-package-size">600 g, $0.50/100g</p></div></a><div class="css-8keand"></div></div><div class="css-1q5omjq"><div class="css-fcebb8"><div data-testid="atc-compact" class="css-y94ivq" style="width: 45px;"><button type="button" class="chakra-button css-mudsm6" data-testid="atc-button"><svg stroke="currentColor" fill="currentColor" stroke-width="0" viewBox="0 0 24 24" focusable="false" class="chakra-icon css-1g3sp7a" data-testid="btn-icon" aria-hidden="true" height="1em" width="1em" xmlns="http://www.w3.org/2000/svg"><path d="M19 13h-6v6h-2v-6H5v-2h6V5h2v6h6v2z"></path></svg><span class="css-idkz9h">Add Oat &amp; Honey Whole Wheat Bread to cart</span></button></div></div></div></div></div></div><div class="css-0"><div class="css-f5i5wc"><div class="chakra-linkbox css-vhnn8v"><div data-testid="product-image" class="css-16dr4ly"><img alt="Little Northern Bakehouse Delicious Gluten Free Loaf White Wide Slice 567 g, $1.50/100g" src="https://assets.shop.loblaws.ca/products/21100057/b3/en/front/21100057_front_a06_@2.png" srcset="https://assets.shop.loblaws.ca/products/21100057/b3/en/front/21100057_front_a06_@2.png 1x, https://assets.shop.loblaws.ca/products/21100057/b3/en/front/21100057_front_a06_@2.png 2x" loading="lazy" class="chakra-image css-oguq8l" aria-hidden="true"></div><div class="css-qoklea"><div class="css-12dchmx"></div><div data-testid="price-product-tile" class="css-8atqhb"><p class="chakra-text css-0"><span class="chakra-text css-pwnbcb" data-testid="regular-price"><span class="css-idkz9h">$8.49</span>$8.49</span></p></div><a href="/delicious-gluten-free-loaf-white-wide-slice/p/21100057_EA?source=nspt" class="chakra-linkbox__overlay css-1hnz6hu"><div class="css-0"><p class="chakra-text css-1ecdp9w" data-testid="product-brand">Little Northern Bakehouse</p><h3 class="chakra-heading css-6qrhwc" id="21100057_EA" data-testid="product-title">Delicious Gluten Free Loaf White Wide Slice</h3><p class="chakra-text css-1yftjin" data-testid="product-package-size">567 g, $1.50/100g</p></div></a><div class="css-8keand"></div></div><div class="css-1q5omjq"><div class="css-fcebb8"><div data-testid="atc-compact" class="css-y94ivq" style="width: 45px;"><button type="button" class="chakra-button css-mudsm6" data-testid="atc-button"><svg stroke="currentColor" fill="currentColor" stroke-width="0" viewBox="0 0 24 24" focusable="false" class="chakra-icon css-1g3sp7a" data-testid="btn-icon" aria-hidden="true" height="1em" width="1em" xmlns="http://www.w3.org/2000/svg"><path d="M19 13h-6v6h-2v-6H5v-2h6V5h2v6h6v2z"></path></svg><span class="css-idkz9h">Add Delicious Gluten Free Loaf White Wide Slice to cart</span></button></div></div></div></div></div></div><div class="css-0"><div class="css-f5i5wc"><div class="chakra-linkbox css-vhnn8v"><div data-testid="product-image" class="css-16dr4ly"><img alt="LA FOURNEE DOREE Sliced Brioche Bread 500 g, $1.20/100g" src="https://assets.shop.loblaws.ca/products/20978205/b3/en/front/20978205_front_a06_@2.png" srcset="https://assets.shop.loblaws.ca/products/20978205/b3/en/front/20978205_front_a06_@2.png 1x, https://assets.shop.loblaws.ca/products/20978205/b3/en/front/20978205_front_a06_@2.png 2x" loading="lazy" class="chakra-image css-oguq8l" aria-hidden="true"></div><div class="css-qoklea"><div class="css-12dchmx"></div><div data-testid="price-product-tile" class="css-8atqhb"><p class="chakra-text css-0"><span class="chakra-text css-pwnbcb" data-testid="regular-price"><span class="css-idkz9h">$5.99</span>$5.99</span></p></div><a href="/sliced-brioche-bread/p/20978205_EA?source=nspt" class="chakra-linkbox__overlay css-1hnz6hu"><div class="css-0"><p class="chakra-text css-1ecdp9w" data-testid="product-brand">LA FOURNEE DOREE</p><h3 class="chakra-heading css-6qrhwc" id="20978205_EA" data-testid="product-title">Sliced Brioche Bread</h3><p class="chakra-text css-1yftjin" data-testid="product-package-size">500 g, $1.20/100g</p></div></a><div class="css-8keand"></div></div><div class="css-1q5omjq"><div class="css-fcebb8"><div data-testid="atc-compact" class="css-y94ivq" style="width: 45px;"><button type="button" class="chakra-button css-mudsm6" data-testid="atc-button"><svg stroke="currentColor" fill="currentColor" stroke-width="0" viewBox="0 0 24 24" focusable="false" class="chakra-icon css-1g3sp7a" data-testid="btn-icon" aria-hidden="true" height="1em" width="1em" xmlns="http://www.w3.org/2000/svg"><path d="M19 13h-6v6h-2v-6H5v-2h6V5h2v6h6v2z"></path></svg><span class="css-idkz9h">Add Sliced Brioche Bread to cart</span></button></div></div></div></div></div></div><div class="css-0"><div class="css-f5i5wc"><div class="chakra-linkbox css-vhnn8v"><div data-testid="product-image" class="css-16dr4ly"><img alt="Wonder Raisin &amp; Cinnamon Loaf 675 g, $0.74/100g" src="https://assets.shop.loblaws.ca/products/21529971/b3/en/front/21529971_front_a06_@2.png" srcset="https://assets.shop.loblaws.ca/products/21529971/b3/en/front/21529971_front_a06_@2.png 1x, https://assets.shop.loblaws.ca/products/21529971/b3/en/front/21529971_front_a06_@2.png 2x" loading="lazy" class="chakra-image css-oguq8l" aria-hidden="true"></div><div class="css-qoklea"><div class="css-12dchmx"></div><div data-testid="price-product-tile" class="css-8atqhb"><p class="chakra-text css-0"><span class="chakra-text css-pwnbcb" data-testid="regular-price"><span class="css-idkz9h">$4.99</span>$4.99</span></p></div><a href="/raisin-cinnamon-loaf/p/21529971_EA?source=nspt" class="chakra-linkbox__overlay css-1hnz6hu"><div class="css-0"><p class="chakra-text css-1ecdp9w" data-testid="product-brand">Wonder</p><h3 class="chakra-heading css-6qrhwc" id="21529971_EA" data-testid="product-title">Raisin &amp; Cinnamon Loaf</h3><p class="chakra-text css-1yftjin" data-testid="product-package-size">675 g, $0.74/100g</p></div></a><div class="css-8keand"></div></div><div class="css-1q5omjq"><div class="css-fcebb8"><div data-testid="atc-compact" class="css-y94ivq" style="width: 45px;"><button disabled="" type="button" class="chakra-button css-mudsm6" data-testid="atc-button"><svg stroke="currentColor" fill="currentColor" stroke-width="0" viewBox="0 0 24 24" focusable="false" class="chakra-icon css-1g3sp7a" data-testid="btn-icon" aria-hidden="true" height="1em" width="1em" xmlns="http://www.w3.org/2000/svg"><path d="M19 13h-6v6h-2v-6H5v-2h6V5h2v6h6v2z"></path></svg><span class="css-idkz9h">Add Raisin &amp; Cinnamon Loaf to cart</span></button></div></div><div class="css-4saf4a"><p class="chakra-text css-py8788" data-testid="inventory-badge-text">Out of Stock</p></div></div></div></div></div></div>