[
    {
        "id": 1,
        "name": "Pepperettes Sausage Sticks, European",
        "price": "300 g, $3.66/100g",
        "brand": "Schneider",
        "image_url": "https://assets.shop.loblaws.ca/products/21196171/b3/en/front/21196171_front_a06_@2.png",
        "image_alt": "Schneider Pepperettes Sausage Sticks, European 300 g, $3.66/100g",
        "price_product_tile": "$10.99$10.99"
    },
    {
        "id": 2,
        "name": "Pepperettes Sausage Sticks, Original",
        "price": "375 g, $2.93/100g",
        "brand": "Schneider",
        "image_url": "https://assets.shop.loblaws.ca/products/20976110/b3/en/front/20976110_front_a06_@2.png",
        "image_alt": "Schneider Pepperettes Sausage Sticks, Original 375 g, $2.93/100g",
        "price_product_tile": "$10.99$10.99"
    },
    {
        "id": 3,
        "name": "Pepperettes Sausage Sticks, Pepperoni",
        "price": "300 g, $3.66/100g",
        "brand": "Schneider",
        "image_url": "https://assets.shop.loblaws.ca/products/21433636/b3/en/front/21433636_front_a06_@2.png",
        "image_alt": "Schneider Pepperettes Sausage Sticks, Pepperoni 300 g, $3.66/100g",
        "price_product_tile": "$10.99$10.99"
    },
    {
        "id": 4,
        "name": "Natural Selections Sliced Black Forest Deli Ham, Smoked",
        "price": "175 g, $34.23/1kg $3.42/100g",
        "brand": "Maple Leaf",
        "image_url": "https://assets.shop.loblaws.ca/products/20065285/b3/en/front/20065285_front_a06_@2.png",
        "image_alt": "Maple Leaf Natural Selections Sliced Black Forest Deli Ham, Smoked 175 g, $34.23/1kg $3.42/100g",
        "price_product_tile": "$5.99$5.99$7.49$7.49SAVE $1.50"
    },
    {
        "id": 5,
        "name": "Natural Selections Sliced Deli Turkey Breast, Oven Roasted",
        "price": "175 g, $34.23/1kg $3.42/100g",
        "brand": "Maple Leaf",
        "image_url": "https://assets.shop.loblaws.ca/products/20009282/b3/en/front/20009282_front_a06_@2.png",
        "image_alt": "Maple Leaf Natural Selections Sliced Deli Turkey Breast, Oven Roasted 175 g, $34.23/1kg $3.42/100g",
        "price_product_tile": "$5.99$5.99$7.49$7.49SAVE $1.50"
    },
    {
        "id": 6,
        "name": "Kolbassa Sausage",
        "price": "375 g, $19.97/1kg $2.00/100g",
        "brand": "Pillers",
        "image_url": "https://assets.shop.loblaws.ca/products/20308469/b3/en/front/20308469_front_a06_@2.png",
        "image_alt": "Pillers Kolbassa Sausage 375 g, $19.97/1kg $2.00/100g",
        "price_product_tile": "$7.49$7.49"
    },
    {
        "id": 7,
        "name": "Natural Selections Shaved Deli Turkey Breast, Hickory Smoked",
        "price": "175 g, $34.23/1kg $3.42/100g",
        "brand": "Maple Leaf",
        "image_url": "https://assets.shop.loblaws.ca/products/20582322/b3/en/front/20582322_front_a06_@2.png",
        "image_alt": "Maple Leaf Natural Selections Shaved Deli Turkey Breast, Hickory Smoked 175 g, $34.23/1kg $3.42/100g",
        "price_product_tile": "$5.99$5.99$7.49$7.49SAVE $1.50"
    },
    {
        "id": 8,
        "name": "Pepperettes\u00ae Sausage Sticks, Hot Pepperoni",
        "price": "375 g, $2.93/100g",
        "brand": "Schneider",
        "image_url": "https://assets.shop.loblaws.ca/products/21053172/b3/en/front/21053172_front_a06_@2.png",
        "image_alt": "Schneider Pepperettes\u00ae Sausage Sticks, Hot Pepperoni 375 g, $2.93/100g",
        "price_product_tile": "$10.99$10.99"
    },
    {
        "id": 9,
        "name": "Pizzeria Style Pepperoni",
        "price": "150 g, $3.33/100g",
        "brand": "President's Choice",
        "image_url": "https://assets.shop.loblaws.ca/products/21464136/b3/en/front/21464136_front_a06_@2.png",
        "image_alt": "President's Choice Pizzeria Style Pepperoni 150 g, $3.33/100g",
        "price_product_tile": "$4.99$4.99"
    },
    {
        "id": 10,
        "name": "Natural Selections Shaved Deli Turkey Breast, Oven Roasted, Family Size",
        "price": "375 g, $37.31/1kg $3.73/100g",
        "brand": "Maple Leaf",
        "image_url": "https://assets.shop.loblaws.ca/products/20772016/b3/en/front/20772016_front_a06_@2.png",
        "image_alt": "Maple Leaf Natural Selections Shaved Deli Turkey Breast, Oven Roasted, Family Size 375 g, $37.31/1kg $3.73/100g",
        "price_product_tile": "$13.99$13.99"
    },
    {
        "id": 11,
        "name": "Pepperoni, Sliced",
        "price": "250 g, $29.96/1kg $3.00/100g",
        "brand": "Pillers",
        "image_url": "https://assets.shop.loblaws.ca/products/20042333/b3/en/front/20042333_front_a06_@2.png",
        "image_alt": "Pillers Pepperoni, Sliced 250 g, $29.96/1kg $3.00/100g",
        "price_product_tile": "$7.49$7.49"
    },
    {
        "id": 12,
        "name": "Turkey Bites Smoked Turkey Sausage Original",
        "price": "300 g, $2.83/100g",
        "brand": "Pillers",
        "image_url": "https://assets.shop.loblaws.ca/products/21099386/b3/en/front/21099386_front_a06_@2.png",
        "image_alt": "Pillers Turkey Bites Smoked Turkey Sausage Original 300 g, $2.83/100g",
        "price_product_tile": "$8.49$8.49$10.99$10.99SAVE $2.50"
    },
    {
        "id": 13,
        "name": "Natural Selections Sliced Deli Chicken Breast, Oven Roasted",
        "price": "175 g, $34.23/1kg $3.42/100g",
        "brand": "Maple Leaf",
        "image_url": "https://assets.shop.loblaws.ca/products/20066495/b3/en/front/20066495_front_a06_@2.png",
        "image_alt": "Maple Leaf Natural Selections Sliced Deli Chicken Breast, Oven Roasted 175 g, $34.23/1kg $3.42/100g",
        "price_product_tile": "$5.99$5.99$7.49$7.49SAVE $1.50"
    },
    {
        "id": 14,
        "name": "Natural Selections Shaved Black Forest Deli Ham, Smoked, Family Size",
        "price": "400 g, $34.98/1kg $3.50/100g",
        "brand": "Maple Leaf",
        "image_url": "https://assets.shop.loblaws.ca/products/20772015/b3/en/front/20772015_front_a06_@2.png",
        "image_alt": "Maple Leaf Natural Selections Shaved Black Forest Deli Ham, Smoked, Family Size 400 g, $34.98/1kg $3.50/100g",
        "price_product_tile": "$13.99$13.99"
    },
    {
        "id": 15,
        "name": "Pepperoni Mild Sliced",
        "price": "900 g, $1.33/100g",
        "brand": "Roma",
        "image_url": "https://assets.shop.loblaws.ca/products/21217461/b3/en/front/21217461_front_a06_@2.png",
        "image_alt": "Roma Pepperoni Mild Sliced 900 g, $1.33/100g",
        "price_product_tile": "$11.99$11.99"
    },
    {
        "id": 16,
        "name": "Mortadella",
        "price": "175 g, $25.66/1kg $2.57/100g",
        "brand": "San Daniele",
        "image_url": "https://assets.shop.loblaws.ca/products/20576743/b3/en/front/20576743_front_a06_@2.png",
        "image_alt": "San Daniele Mortadella 175 g, $25.66/1kg $2.57/100g",
        "price_product_tile": "$4.49$4.49"
    },
    {
        "id": 17,
        "name": "Genoa Salami",
        "price": "150 g, $4.33/100g",
        "brand": "Mastro",
        "image_url": "https://assets.shop.loblaws.ca/products/21061099/b3/en/front/21061099_front_a06_@2.png",
        "image_alt": "Mastro Genoa Salami     150 g, $4.33/100g",
        "price_product_tile": "$6.49$6.49"
    },
    {
        "id": 18,
        "name": "Natural Selections Sliced Baked Honey Deli Ham",
        "price": "175 g, $34.23/1kg $3.42/100g",
        "brand": "Maple Leaf",
        "image_url": "https://assets.shop.loblaws.ca/products/20339105/b3/en/front/20339105_front_a06_@2.png",
        "image_alt": "Maple Leaf Natural Selections Sliced Baked Honey Deli Ham 175 g, $34.23/1kg $3.42/100g",
        "price_product_tile": "$5.99$5.99$7.49$7.49SAVE $1.50"
    },
    {
        "id": 19,
        "name": "Natural Selections Sliced Deli Ham, Baked",
        "price": "175 g, $34.23/1kg $3.42/100g",
        "brand": "Maple Leaf",
        "image_url": "https://assets.shop.loblaws.ca/products/20060489/b3/en/front/20060489_front_a06_@2.png",
        "image_alt": "Maple Leaf Natural Selections Sliced Deli Ham, Baked 175 g, $34.23/1kg $3.42/100g",
        "price_product_tile": "$5.99$5.99$7.49$7.49SAVE $1.50"
    },
    {
        "id": 20,
        "name": "Pepperoni Original",
        "price": "500 g, $1.70/100g",
        "brand": "Pillers",
        "image_url": "https://assets.shop.loblaws.ca/products/21099391/b3/en/front/21099391_front_a06_@2.png",
        "image_alt": "Pillers Pepperoni Original 500 g, $1.70/100g",
        "price_product_tile": "$8.49$8.49$10.99$10.99SAVE $2.50"
    },
    {
        "id": 21,
        "name": "Antipasto Misto",
        "price": "100 g, $59.90/1kg $5.99/100g",
        "brand": "Marcangelo",
        "image_url": "https://assets.shop.loblaws.ca/products/20865352/b3/en/front/20865352_front_a06_@2.png",
        "image_alt": "Marcangelo Antipasto Misto  100 g, $59.90/1kg $5.99/100g",
        "price_product_tile": "$5.99$5.99$6.99$6.99SAVE $1.00"
    },
    {
        "id": 22,
        "name": "Halal Mild Salami All Beef",
        "price": "200 g, $3.25/100g",
        "brand": "Solmaz",
        "image_url": "https://assets.shop.loblaws.ca/products/21548100/b3/en/front/21548100_front_a06_@2.png",
        "image_alt": "Solmaz Halal Mild Salami All Beef 200 g, $3.25/100g",
        "price_product_tile": "$6.49$6.49"
    },
    {
        "id": 23,
        "name": "Morcela, Sweet",
        "price": "$19.90/1kg",
        "brand": "Borges",
        "image_url": "https://assets.shop.loblaws.ca/products/20321630/b3/en/front/20321630_front_a06_@2.png",
        "image_alt": "Borges Morcela, Sweet $19.90/1kg",
        "price_product_tile": "$1.99$1.99"
    },
    {
        "id": 24,
        "name": "Bacon Chunks, Mild",
        "price": "$21.90/1kg",
        "brand": "Borges",
        "image_url": "https://assets.shop.loblaws.ca/products/20317309/b3/en/front/20317309_front_a06_@2.png",
        "image_alt": "Borges Bacon Chunks, Mild $21.90/1kg",
        "price_product_tile": "$2.19$2.19"
    },
    {
        "id": 25,
        "name": "Halal Turkey Breast Smoked Oven Roasted",
        "price": "175 g, $4.00/100g",
        "brand": "Solmaz",
        "image_url": "https://assets.shop.loblaws.ca/products/21542596/b3/en/front/21542596_front_a06_@2.png",
        "image_alt": "Solmaz Halal Turkey Breast Smoked Oven Roasted 175 g, $4.00/100g",
        "price_product_tile": "$7.00$7.00"
    },
    {
        "id": 26,
        "name": "Polish Sausage",
        "price": "300 g, $1.50/100g",
        "brand": "Brandt",
        "image_url": "https://assets.shop.loblaws.ca/products/20854423/b3/en/front/20854423_front_a06_@2.png",
        "image_alt": "Brandt Polish Sausage      300 g, $1.50/100g",
        "price_product_tile": "$4.49$4.49"
    },
    {
        "id": 27,
        "name": "Traditional Sausage, Spanish",
        "price": "$19.90/1kg",
        "brand": "Borges",
        "image_url": "https://assets.shop.loblaws.ca/products/20087144/b3/en/front/20087144_front_a06_@2.png",
        "image_alt": "Borges Traditional Sausage, Spanish     $19.90/1kg",
        "price_product_tile": "$1.99$1.99"
    },
    {
        "id": 28,
        "name": "Linguina Sausage, Mild (Thin Sliced)",
        "price": "$19.90/1kg",
        "brand": "Borges",
        "image_url": "https://assets.shop.loblaws.ca/products/20129579/b3/en/front/20129579_front_a06_@2.png",
        "image_alt": "Borges Linguina Sausage, Mild (Thin Sliced) $19.90/1kg",
        "price_product_tile": "$1.99$1.99"
    },
    {
        "id": 29,
        "name": "Chicken, Sliced",
        "price": "55 g, $36.18/1kg $3.62/100g",
        "brand": "Carl Buddig",
        "image_url": "https://assets.shop.loblaws.ca/products/20662016/b3/en/front/20662016_front_a06_@2.png",
        "image_alt": "Carl Buddig Chicken, Sliced 55 g, $36.18/1kg $3.62/100g",
        "price_product_tile": "$1.99$1.99"
    },
    {
        "id": 30,
        "name": "Black Forest Ham",
        "price": "400 g, $3.25/100g",
        "brand": "President's Choice",
        "image_url": "https://assets.shop.loblaws.ca/products/21301478/b3/en/front/21301478_front_a06_@2.png",
        "image_alt": "President's Choice Black Forest Ham 400 g, $3.25/100g",
        "price_product_tile": "$12.99$12.99"
    },
    {
        "id": 31,
        "name": "Corned Beef",
        "price": "55 g, $36.18/1kg $3.62/100g",
        "brand": "Carl Buddig",
        "image_url": "https://assets.shop.loblaws.ca/products/20074681/b3/en/front/20074681_front_a06_@2.png",
        "image_alt": "Carl Buddig Corned Beef 55 g, $36.18/1kg $3.62/100g",
        "price_product_tile": "$1.99$1.99"
    },
    {
        "id": 32,
        "name": "Pork & Chicken Liver P\u00e2t\u00e9 With Black Pepper",
        "price": "150 g, $3.66/100g",
        "brand": "President's Choice",
        "image_url": "https://assets.shop.loblaws.ca/products/21043073/b3/en/front/21043073_front_a06_@2.png",
        "image_alt": "President's Choice Pork & Chicken Liver P\u00e2t\u00e9 With Black Pepper 150 g, $3.66/100g",
        "price_product_tile": "$5.49$5.49"
    },
    {
        "id": 33,
        "name": "Italian-Style Chicken Breast Strips",
        "price": "500 g, $2.80/100g",
        "brand": "Ziggy's",
        "image_url": "https://assets.shop.loblaws.ca/products/21299914/b3/en/front/21299914_front_a06_@2.png",
        "image_alt": "Ziggy's Italian-Style Chicken Breast Strips 500 g, $2.80/100g",
        "price_product_tile": "$13.99$13.99"
    },
    {
        "id": 34,
        "name": "Marc Angelo Salami with Prosciutto 225 g",
        "price": "225 g, $4.44/100g",
        "brand": "Marcangelo",
        "image_url": "https://assets.shop.loblaws.ca/products/21362680/b3/en/front/21362680_front_a06_@2.png",
        "image_alt": "Marcangelo Marc Angelo Salami with Prosciutto 225 g 225 g, $4.44/100g",
        "price_product_tile": "$9.99$9.99"
    },
    {
        "id": 35,
        "name": "Chicken Bologna",
        "price": "375 g, $8.00/1kg $0.80/100g",
        "brand": "No Name",
        "image_url": "https://assets.shop.loblaws.ca/products/20103516/b3/en/front/20103516_front_a06_@2.png",
        "image_alt": "No Name Chicken Bologna 375 g, $8.00/1kg $0.80/100g",
        "price_product_tile": "$3.00$3.00"
    },
    {
        "id": 36,
        "name": "Sopressata Salami",
        "price": "300 g, $33.30/1kg $3.33/100g",
        "brand": "Mastro",
        "image_url": "https://assets.shop.loblaws.ca/products/20049268/b3/en/front/20049268_front_a06_@2.png",
        "image_alt": "Mastro Sopressata Salami 300 g, $33.30/1kg $3.33/100g",
        "price_product_tile": "$9.99$9.99"
    },
    {
        "id": 37,
        "name": "Summer Sausage",
        "price": "150 g, $3.33/100g",
        "brand": "Pillers",
        "image_url": "https://assets.shop.loblaws.ca/products/21206370/b3/en/front/21206370_front_a06_@2.png",
        "image_alt": "Pillers Summer Sausage  150 g, $3.33/100g",
        "price_product_tile": "$5.00$5.00"
    },
    {
        "id": 38,
        "name": "Salami Genoa, Hot Baby",
        "price": "600 g, $21.65/1kg $2.17/100g",
        "brand": "Mastro",
        "image_url": "https://assets.shop.loblaws.ca/products/20302356/b3/en/front/20302356_front_a06_@2.png",
        "image_alt": "Mastro Salami Genoa, Hot Baby 600 g, $21.65/1kg $2.17/100g",
        "price_product_tile": "$12.99$12.99"
    },
    {
        "id": 39,
        "name": "Turkey Breast Cooked",
        "price": "150 g, $3.33/100g",
        "brand": "Pillers",
        "image_url": "https://assets.shop.loblaws.ca/products/20965533/b3/en/front/20965533_front_a06_@2.png",
        "image_alt": "Pillers Turkey Breast Cooked 150 g, $3.33/100g",
        "price_product_tile": "$5.00$5.00"
    },
    {
        "id": 40,
        "name": "Cacciatore Salami, Hot",
        "price": "300 g, $4.33/100g",
        "brand": "Marcangelo",
        "image_url": "https://assets.shop.loblaws.ca/products/21021493/b3/en/front/21021493_front_a06_@2.png",
        "image_alt": "Marcangelo Cacciatore Salami, Hot 300 g, $4.33/100g",
        "price_product_tile": "$12.99$12.99"
    },
    {
        "id": 41,
        "name": "Antipasto, Club Pack",
        "price": "200 g, $6.25/100g",
        "brand": "PC Splendido",
        "image_url": "https://assets.shop.loblaws.ca/products/21049119/b3/en/front/21049119_front_a06_@2.png",
        "image_alt": "PC Splendido Antipasto, Club Pack 200 g, $6.25/100g",
        "price_product_tile": "$12.49$12.49"
    },
    {
        "id": 42,
        "name": "Smoked Summer Sausage, Sliced",
        "price": "500 g, $12.00/1kg $1.20/100g",
        "brand": "No Name",
        "image_url": "https://assets.shop.loblaws.ca/products/20151390/b3/en/front/20151390_front_a06_@2.png",
        "image_alt": "No Name Smoked Summer Sausage, Sliced 500 g, $12.00/1kg $1.20/100g",
        "price_product_tile": "$6.00$6.00"
    },
    {
        "id": 43,
        "name": "Sopressata Salami",
        "price": "150 g, $46.60/1kg $4.66/100g",
        "brand": "President's Choice",
        "image_url": "https://assets.shop.loblaws.ca/products/20313149/b3/en/front/20313149_front_a06_@2.png",
        "image_alt": "President's Choice Sopressata Salami 150 g, $46.60/1kg $4.66/100g",
        "price_product_tile": "$6.99$6.99"
    },
    {
        "id": 44,
        "name": "Pepperoni, Sliced",
        "price": "175 g, $31.37/1kg $3.14/100g",
        "brand": "Ziggy's",
        "image_url": "https://assets.shop.loblaws.ca/products/20085869/b3/en/front/20085869_front_a06_@2.png",
        "image_alt": "Ziggy's Pepperoni, Sliced 175 g, $31.37/1kg $3.14/100g",
        "price_product_tile": "$5.49$5.49"
    },
    {
        "id": 45,
        "name": "Original Chicken Strips",
        "price": "500 g, $2.80/100g",
        "brand": "Ziggy's",
        "image_url": "https://assets.shop.loblaws.ca/products/21299922/b3/en/front/21299922_front_a06_@2.png",
        "image_alt": "Ziggy's Original Chicken Strips 500 g, $2.80/100g",
        "price_product_tile": "$13.99$13.99"
    },
    {
        "id": 46,
        "name": "Polish Sausage Ring",
        "price": "1 kg, $1.45/100g",
        "brand": "Pillers",
        "image_url": "https://assets.shop.loblaws.ca/products/20107159/b3/en/front/20107159_front_a06_@2.png",
        "image_alt": "Pillers Polish Sausage Ring 1 kg, $1.45/100g",
        "price_product_tile": "$14.49$14.49"
    },
    {
        "id": 47,
        "name": "Salami Genoa",
        "price": "600 g, $2.17/100g",
        "brand": "Mastro",
        "image_url": "https://assets.shop.loblaws.ca/products/20181136/b3/en/front/20181136_front_a06_@2.png",
        "image_alt": "Mastro Salami Genoa 600 g, $2.17/100g",
        "price_product_tile": "$12.99$12.99"
    },
    {
        "id": 48,
        "name": "Free From Turkey",
        "price": "175 g, $42.80/1kg $4.28/100g",
        "brand": "President's Choice",
        "image_url": "https://assets.shop.loblaws.ca/products/20682966/b3/en/front/20682966_front_a06_@2.png",
        "image_alt": "President's Choice Free From Turkey 175 g, $42.80/1kg $4.28/100g",
        "price_product_tile": "$7.49$7.49"
    },
    {
        "id": 49,
        "name": "Cacciatore Salami, Hot",
        "price": "300 g, $4.33/100g",
        "brand": "Marcangelo",
        "image_url": "https://assets.shop.loblaws.ca/products/21021493/b3/en/front/21021493_front_a06_@2.png",
        "image_alt": "Marcangelo Cacciatore Salami, Hot 300 g, $4.33/100g",
        "price_product_tile": "$12.99$12.99"
    },
    {
        "id": 50,
        "name": "Free From Turkey",
        "price": "175 g, $42.80/1kg $4.28/100g",
        "brand": "President's Choice",
        "image_url": "https://assets.shop.loblaws.ca/products/20682966/b3/en/front/20682966_front_a06_@2.png",
        "image_alt": "President's Choice Free From Turkey 175 g, $42.80/1kg $4.28/100g",
        "price_product_tile": "$7.49$7.49"
    },
    {
        "id": 51,
        "name": "Mild Genoa Salami Slices",
        "price": "150 g, $46.60/1kg $4.66/100g",
        "brand": "President's Choice",
        "image_url": "https://assets.shop.loblaws.ca/products/20103918/b3/en/front/20103918_front_a06_@2.png",
        "image_alt": "President's Choice Mild Genoa Salami Slices 150 g, $46.60/1kg $4.66/100g",
        "price_product_tile": "$6.99$6.99"
    },
    {
        "id": 52,
        "name": "Free From Oven Roasted Turkey, Club Pack",
        "price": "375 g, $3.60/100g",
        "brand": "President's Choice",
        "image_url": "https://assets.shop.loblaws.ca/products/20923814/b3/en/front/20923814_front_a06_@2.png",
        "image_alt": "President's Choice Free From Oven Roasted Turkey, Club Pack 375 g, $3.60/100g",
        "price_product_tile": "$13.49$13.49"
    },
    {
        "id": 53,
        "name": "Hot & Honey Pepperoni",
        "price": "375 g, $2.26/100g",
        "brand": "Pillers",
        "image_url": "https://assets.shop.loblaws.ca/products/21455286/b3/en/front/21455286_front_a06_@2.png",
        "image_alt": "Pillers Hot & Honey Pepperoni 375 g, $2.26/100g",
        "price_product_tile": "$8.49$8.49"
    },
    {
        "id": 54,
        "name": "Mortadella, Light",
        "price": "175 g, $25.66/1kg $2.57/100g",
        "brand": "San Daniele",
        "image_url": "https://assets.shop.loblaws.ca/products/20577183/b3/en/front/20577183_front_a06_@2.png",
        "image_alt": "San Daniele Mortadella, Light 175 g, $25.66/1kg $2.57/100g",
        "price_product_tile": "$4.49$4.49"
    },
    {
        "id": 55,
        "name": "Free From Oven-Roasted Chicken Breast",
        "price": "175 g, $4.28/100g",
        "brand": "President's Choice",
        "image_url": "https://assets.shop.loblaws.ca/products/21002684/b3/en/front/21002684_front_a06_@2.png",
        "image_alt": "President's Choice Free From Oven-Roasted Chicken Breast 175 g, $4.28/100g",
        "price_product_tile": "$7.49$7.49"
    },
    {
        "id": 56,
        "name": "Prosciutto Cotto",
        "price": "125 g, $35.92/1kg $3.59/100g",
        "brand": "Mastro",
        "image_url": "https://assets.shop.loblaws.ca/products/20576742/b3/en/front/20576742_front_a06_@2.png",
        "image_alt": "Mastro Prosciutto Cotto 125 g, $35.92/1kg $3.59/100g",
        "price_product_tile": "$4.49$4.49"
    },
    {
        "id": 57,
        "name": "Market Summer Sausage",
        "price": "600 g, $24.15/1kg $2.42/100g",
        "brand": "Noah Martin",
        "image_url": "https://assets.shop.loblaws.ca/products/20793336/b3/en/front/20793336_front_a06_@2.png",
        "image_alt": "Noah Martin Market Summer Sausage 600 g, $24.15/1kg $2.42/100g",
        "price_product_tile": "$14.49$14.49"
    },
    {
        "id": 58,
        "name": "Maple Smoked Ham Slices",
        "price": "175 g, $3.42/100g",
        "brand": "Schneider",
        "image_url": "https://assets.shop.loblaws.ca/products/21556968/b3/en/front/21556968_front_a06_@2.png",
        "image_alt": "Schneider Maple Smoked Ham Slices 175 g, $3.42/100g",
        "price_product_tile": "$5.99$5.99$7.49$7.49SAVE $1.50"
    },
    {
        "id": 59,
        "name": "Chicken Bologna",
        "price": "375 g, $10.64/1kg $1.06/100g",
        "brand": "Zabiha Halal",
        "image_url": "https://assets.shop.loblaws.ca/products/20088355/b3/en/front/20088355_front_a06_@2.png",
        "image_alt": "Zabiha Halal Chicken Bologna 375 g, $10.64/1kg $1.06/100g",
        "price_product_tile": "$3.99$3.99"
    },
    {
        "id": 60,
        "name": "Halal Macon Chicken",
        "price": "375 g, $1.92/100g",
        "brand": "Solmaz",
        "image_url": "https://assets.shop.loblaws.ca/products/21548105/b3/en/front/21548105_front_a06_@2.png",
        "image_alt": "Solmaz Halal Macon Chicken 375 g, $1.92/100g",
        "price_product_tile": "$7.19$7.19"
    },
    {
        "id": 61,
        "name": "Roast Beef",
        "price": "175 g, $4.28/100g",
        "brand": "One World Halal",
        "image_url": "https://assets.shop.loblaws.ca/products/21348959/b3/en/front/21348959_front_a06_@2.png",
        "image_alt": "One World Halal Roast Beef 175 g, $4.28/100g",
        "price_product_tile": "$7.49$7.49"
    },
    {
        "id": 62,
        "name": "Halal Sojuk Mild",
        "price": "350 g, $4.26/100g",
        "brand": "Solmaz",
        "image_url": "https://assets.shop.loblaws.ca/products/21542599/b3/en/front/21542599_front_a06_@2.png",
        "image_alt": "Solmaz Halal Sojuk Mild 350 g, $4.26/100g",
        "price_product_tile": "$14.90$14.90"
    },
    {
        "id": 63,
        "name": "Beirao Chourico, Mild",
        "price": "$19.90/1kg",
        "brand": "Borges",
        "image_url": "https://assets.shop.loblaws.ca/products/20304959/b3/en/front/20304959_front_a06_@2.png",
        "image_alt": "Borges Beirao Chourico, Mild $19.90/1kg",
        "price_product_tile": "$1.99$1.99"
    },
    {
        "id": 64,
        "name": "Naturally Smoked Pepperoni Slim Stick",
        "price": "250 g, $39.96/1kg $4.00/100g",
        "brand": "Schneider",
        "image_url": "https://assets.shop.loblaws.ca/products/20035359/b3/en/front/20035359_front_a06_@2.png",
        "image_alt": "Schneider Naturally Smoked Pepperoni Slim Stick 250 g, $39.96/1kg $4.00/100g",
        "price_product_tile": "$9.99$9.99"
    },
    {
        "id": 65,
        "name": "Halal Sausage Turkey",
        "price": "500 g, $2.10/100g",
        "brand": "Solmaz",
        "image_url": "https://assets.shop.loblaws.ca/products/21548026/b3/en/front/21548026_front_a06_@2.png",
        "image_alt": "Solmaz Halal Sausage Turkey 500 g, $2.10/100g",
        "price_product_tile": "$10.49$10.49"
    },
    {
        "id": 66,
        "name": "Halal Barbecue Sausage All Beef",
        "price": "500 g, $2.10/100g",
        "brand": "Solmaz",
        "image_url": "https://assets.shop.loblaws.ca/products/21548031/b3/en/front/21548031_front_a06_@2.png",
        "image_alt": "Solmaz Halal Barbecue Sausage All Beef 500 g, $2.10/100g",
        "price_product_tile": "$10.49$10.49"
    },
    {
        "id": 67,
        "name": "Parma Dry Cured Artisanal Salame",
        "price": "225 g, $4.44/100g",
        "brand": "Marcangelo",
        "image_url": "https://assets.shop.loblaws.ca/products/21337522/b3/en/front/21337522_front_a06_@2.png",
        "image_alt": "Marcangelo Parma Dry Cured Artisanal Salame 225 g, $4.44/100g",
        "price_product_tile": "$9.99$9.99"
    },
    {
        "id": 68,
        "name": "Liver Sausage Chub",
        "price": "250 g, $1.80/100g",
        "brand": "Brandt",
        "image_url": "https://assets.shop.loblaws.ca/products/20034492/b3/en/front/20034492_front_a06_@2.png",
        "image_alt": "Brandt Liver Sausage Chub 250 g, $1.80/100g",
        "price_product_tile": "$4.49$4.49"
    },
    {
        "id": 69,
        "name": "Charcuterie, Gran Piatto",
        "price": "200 g, $5.25/100g",
        "brand": "Mastro",
        "image_url": "https://assets.shop.loblaws.ca/products/21554465/b3/en/front/21554465_front_a06_@2.png",
        "image_alt": "Mastro Charcuterie, Gran Piatto 200 g, $5.25/100g",
        "price_product_tile": "$10.49$10.49"
    },
    {
        "id": 70,
        "name": "Mortadella Bologna",
        "price": "125 g, $3.19/100g",
        "brand": "Marcangelo",
        "image_url": "https://assets.shop.loblaws.ca/products/21383148/b3/en/front/21383148_front_a06_@2.png",
        "image_alt": "Marcangelo Mortadella Bologna 125 g, $3.19/100g",
        "price_product_tile": "$3.99$3.99$4.49$4.49SAVE $0.50"
    },
    {
        "id": 71,
        "name": "Chourico Sausage, Hot",
        "price": "$19.90/1kg",
        "brand": "Borges",
        "image_url": "https://assets.shop.loblaws.ca/products/20308190/b3/en/front/20308190_front_a06_@2.png",
        "image_alt": "Borges Chourico Sausage, Hot $19.90/1kg",
        "price_product_tile": "$1.99$1.99"
    },
    {
        "id": 72,
        "name": "Cooked Italian Meat Trio",
        "price": "250 g, $4.00/100g",
        "brand": "Mastro",
        "image_url": "https://assets.shop.loblaws.ca/products/21064064/b3/en/front/21064064_front_a06_@2.png",
        "image_alt": "Mastro Cooked Italian Meat Trio 250 g, $4.00/100g",
        "price_product_tile": "$9.99$9.99"
    },
    {
        "id": 73,
        "name": "Natural Choice Mild Spanish-Style Chorizo Semi-Dry Cured Sausage",
        "price": "250 g, $4.00/100g",
        "brand": "President's Choice",
        "image_url": "https://assets.shop.loblaws.ca/products/20938085/b3/en/front/20938085_front_a06_@2.png",
        "image_alt": "President's Choice Natural Choice Mild Spanish-Style Chorizo Semi-Dry Cured Sausage 250 g, $4.00/100g",
        "price_product_tile": "$9.99$9.99"
    },
    {
        "id": 74,
        "name": "Hungarian Salami",
        "price": "150 g, $3.33/100g",
        "brand": "Pillers",
        "image_url": "https://assets.shop.loblaws.ca/products/21206939/b3/en/front/21206939_front_a06_@2.png",
        "image_alt": "Pillers Hungarian Salami 150 g, $3.33/100g",
        "price_product_tile": "$5.00$5.00"
    },
    {
        "id": 75,
        "name": "Lyoner Sausage",
        "price": "1 kg, $1,849.00/100kg",
        "brand": "Freybe",
        "image_url": "https://assets.shop.loblaws.ca/products/20097889/b3/en/front/20097889_front_a06_@2.png",
        "image_alt": "Freybe Lyoner Sausage 1 kg, $1,849.00/100kg",
        "price_product_tile": "$18.49$18.49"
    },
    {
        "id": 76,
        "name": "Pepperoni, Pizza Cut",
        "price": "175 g, $34.23/1kg $3.42/100g",
        "brand": "Marcangelo",
        "image_url": "https://assets.shop.loblaws.ca/products/20832437/b3/en/front/20832437_front_a06_@2.png",
        "image_alt": "Marcangelo Pepperoni, Pizza Cut 175 g, $34.23/1kg $3.42/100g",
        "price_product_tile": "$5.99$5.99$6.49$6.49SAVE $0.50"
    },
    {
        "id": 77,
        "name": "Sweet Chourico Sausage",
        "price": "$19.90/1kg",
        "brand": "Borges",
        "image_url": "https://assets.shop.loblaws.ca/products/20305950/b3/en/front/20305950_front_a06_@2.png",
        "image_alt": "Borges Sweet Chourico Sausage $19.90/1kg",
        "price_product_tile": "$1.99$1.99"
    },
    {
        "id": 78,
        "name": "Tandoori Chicken Breast Cooked",
        "price": "200 g, $2.50/100g",
        "brand": "Pillers",
        "image_url": "https://assets.shop.loblaws.ca/products/21568323/b3/en/front/21568323_front_a06_@2.png",
        "image_alt": "Pillers Tandoori Chicken Breast Cooked 200 g, $2.50/100g",
        "price_product_tile": "$5.00$5.00"
    },
    {
        "id": 79,
        "name": "Chubbs- Hot Salami",
        "price": "375 g, $2.00/100g",
        "brand": "One World Halal",
        "image_url": "https://assets.shop.loblaws.ca/products/21348324/b3/en/front/21348324_front_a06_@2.png",
        "image_alt": "One World Halal Chubbs- Hot Salami 375 g, $2.00/100g",
        "price_product_tile": "$7.49$7.49"
    },
    {
        "id": 80,
        "name": "Black Forest Ham",
        "price": "55 g, $36.18/1kg $3.62/100g",
        "brand": "Carl Buddig",
        "image_url": "https://assets.shop.loblaws.ca/products/20762169/b3/en/front/20762169_front_a06_@2.png",
        "image_alt": "Carl Buddig Black Forest Ham 55 g, $36.18/1kg $3.62/100g",
        "price_product_tile": "$1.99$1.99"
    },
    {
        "id": 81,
        "name": "Black Forest Ham",
        "price": "200 g, $2.50/100g",
        "brand": "Pillers",
        "image_url": "https://assets.shop.loblaws.ca/products/21206382/b3/en/front/21206382_front_a06_@2.png",
        "image_alt": "Pillers Black Forest Ham  200 g, $2.50/100g",
        "price_product_tile": "$5.00$5.00"
    },
    {
        "id": 82,
        "name": "Chicken Salami With Herbs",
        "price": "375 g, $2.00/100g",
        "brand": "One World Halal",
        "image_url": "https://assets.shop.loblaws.ca/products/21348499/b3/en/front/21348499_front_a06_@2.png",
        "image_alt": "One World Halal Chicken Salami With Herbs 375 g, $2.00/100g",
        "price_product_tile": "$7.49$7.49"
    },
    {
        "id": 83,
        "name": "Italian Style Sub Trio Slices",
        "price": "300 g, $2.00/100g",
        "brand": "Ziggy's",
        "image_url": "https://assets.shop.loblaws.ca/products/21596532/b3/en/front/21596532_front_a06_@2.png",
        "image_alt": "Ziggy's Italian Style Sub Trio Slices 300 g, $2.00/100g",
        "price_product_tile": "$6.00$6.00"
    },
    {
        "id": 84,
        "name": "Genoa Hot Salami",
        "price": "150 g, $4.33/100g",
        "brand": "Mastro",
        "image_url": "https://assets.shop.loblaws.ca/products/21061096/b3/en/front/21061096_front_a06_@2.png",
        "image_alt": "Mastro Genoa Hot Salami 150 g, $4.33/100g",
        "price_product_tile": "$6.49$6.49"
    },
    {
        "id": 85,
        "name": "Free From Honey Ham",
        "price": "175 g, $42.80/1kg $4.28/100g",
        "brand": "President's Choice",
        "image_url": "https://assets.shop.loblaws.ca/products/20682859/b3/en/front/20682859_front_a06_@2.png",
        "image_alt": "President's Choice Free From Honey Ham 175 g, $42.80/1kg $4.28/100g",
        "price_product_tile": "$7.49$7.49"
    },
    {
        "id": 86,
        "name": "Free From Black Forrest Ham, Club Pack",
        "price": "400 g, $33.73/1kg $3.37/100g",
        "brand": "President's Choice",
        "image_url": "https://assets.shop.loblaws.ca/products/20903492/b3/en/front/20903492_front_a06_@2.png",
        "image_alt": "President's Choice Free From Black Forrest Ham, Club Pack 400 g, $33.73/1kg $3.37/100g",
        "price_product_tile": "$13.49$13.49"
    },
    {
        "id": 87,
        "name": "Smoked Turkey Breast Slices Club Pack",
        "price": "600 g, $1.67/100g",
        "brand": "Ziggy's",
        "image_url": "https://assets.shop.loblaws.ca/products/21596533/b3/en/front/21596533_front_a06_@2.png",
        "image_alt": "Ziggy's Smoked Turkey Breast Slices Club Pack 600 g, $1.67/100g",
        "price_product_tile": "$10.00$10.00"
    },
    {
        "id": 88,
        "name": "Bologna Slices",
        "price": "300 g, $1.17/100g",
        "brand": "Ziggy's",
        "image_url": "https://assets.shop.loblaws.ca/products/21589522/b3/en/front/21589522_front_a06_@2.png",
        "image_alt": "Ziggy's Bologna Slices 300 g, $1.17/100g",
        "price_product_tile": "$3.50$3.50"
    },
    {
        "id": 89,
        "name": "Salami Chub",
        "price": "500 g, $10.00/1kg $1.00/100g",
        "brand": "No Name",
        "image_url": "https://assets.shop.loblaws.ca/products/20176087/b3/en/front/20176087_front_a06_@2.png",
        "image_alt": "No Name Salami Chub 500 g, $10.00/1kg $1.00/100g",
        "price_product_tile": "$5.00$5.00$6.00$6.00SAVE $1.00"
    },
    {
        "id": 90,
        "name": "Coppa Di Parma",
        "price": "100 g, $59.90/1kg $5.99/100g",
        "brand": "Marcangelo",
        "image_url": "https://assets.shop.loblaws.ca/products/20864840/b3/en/front/20864840_front_a06_@2.png",
        "image_alt": "Marcangelo Coppa Di Parma 100 g, $59.90/1kg $5.99/100g",
        "price_product_tile": "$5.99$5.99$6.99$6.99SAVE $1.00"
    },
    {
        "id": 91,
        "name": "Dutch Treet Garlic Bologna",
        "price": "500 g, $15.98/1kg $1.60/100g",
        "brand": "Schneider",
        "image_url": "https://assets.shop.loblaws.ca/products/20167679/b3/en/front/20167679_front_a06_@2.png",
        "image_alt": "Schneider Dutch Treet Garlic Bologna 500 g, $15.98/1kg $1.60/100g",
        "price_product_tile": "$7.99$7.99"
    },
    {
        "id": 92,
        "name": "Chicken Pepperoni Snacks",
        "price": "375 g, $2.26/100g",
        "brand": "Pillers",
        "image_url": "https://assets.shop.loblaws.ca/products/21164932/b3/en/front/21164932_front_a06_@2.png",
        "image_alt": "Pillers Chicken Pepperoni Snacks 375 g, $2.26/100g",
        "price_product_tile": "$8.49$8.49$10.99$10.99SAVE $2.50"
    },
    {
        "id": 93,
        "name": "Sliced Turkey Pepperoni",
        "price": "175 g, $2.28/100g",
        "brand": "Ziggy's",
        "image_url": "https://assets.shop.loblaws.ca/products/21434499/b3/en/front/21434499_front_a06_@2.png",
        "image_alt": "Ziggy's Sliced Turkey Pepperoni 175 g, $2.28/100g",
        "price_product_tile": "$3.99$3.99"
    },
    {
        "id": 94,
        "name": "Smoked Kolbassa Style Ham Slices",
        "price": "175 g, $2.00/100g",
        "brand": "Ziggy's",
        "image_url": "https://assets.shop.loblaws.ca/products/21589403/b3/en/front/21589403_front_a06_@2.png",
        "image_alt": "Ziggy's Smoked Kolbassa Style Ham Slices 175 g, $2.00/100g",
        "price_product_tile": "$3.50$3.50"
    },
    {
        "id": 95,
        "name": "Free From Stone Roasted Ham",
        "price": "175 g, $42.80/1kg $4.28/100g",
        "brand": "President's Choice",
        "image_url": "https://assets.shop.loblaws.ca/products/20303394/b3/en/front/20303394_front_a06_@2.png",
        "image_alt": "President's Choice Free From Stone Roasted Ham 175 g, $42.80/1kg $4.28/100g",
        "price_product_tile": "$7.49$7.49"
    },
    {
        "id": 96,
        "name": "Bacon Chunks, Hot",
        "price": "$21.90/1kg",
        "brand": "Borges",
        "image_url": "https://assets.shop.loblaws.ca/products/20188189/b3/en/front/20188189_front_a06_@2.png",
        "image_alt": "Borges Bacon Chunks, Hot $21.90/1kg",
        "price_product_tile": "$2.19$2.19"
    },
    {
        "id": 97,
        "name": "Bacon Chunks, Hot",
        "price": "$21.90/1kg",
        "brand": "Borges",
        "image_url": "https://assets.shop.loblaws.ca/products/20188189/b3/en/front/20188189_front_a06_@2.png",
        "image_alt": "Borges Bacon Chunks, Hot $21.90/1kg",
        "price_product_tile": "$2.19$2.19"
    },
    {
        "id": 98,
        "name": "Beef Salami Hot",
        "price": "100 g, $6.09/100g",
        "brand": "Mrakovic",
        "image_url": "https://assets.shop.loblaws.ca/products/21610694/b3/en/front/21610694_front_a06_@2.png",
        "image_alt": "Mrakovic Beef Salami Hot 100 g, $6.09/100g",
        "price_product_tile": "$6.09$6.09"
    },
    {
        "id": 99,
        "name": "Halal Hot Salami All Beef",
        "price": "200 g, $3.25/100g",
        "brand": "Solmaz",
        "image_url": "https://assets.shop.loblaws.ca/products/21548104/b3/en/front/21548104_front_a06_@2.png",
        "image_alt": "Solmaz Halal Hot Salami All Beef 200 g, $3.25/100g",
        "price_product_tile": "$6.49$6.49"
    },
    {
        "id": 100,
        "name": "Italian-Style Salami Trio, Club Pack",
        "price": "250 g, $4.60/100g",
        "brand": "President's Choice",
        "image_url": "https://assets.shop.loblaws.ca/products/21509539/b3/en/front/21509539_front_a06_@2.png",
        "image_alt": "President's Choice Italian-Style Salami Trio, Club Pack 250 g, $4.60/100g",
        "price_product_tile": "$11.49$11.49"
    },
    {
        "id": 101,
        "name": "Chicken Breast Strips",
        "price": "200 g, $3.50/100g",
        "brand": "Ziggy's",
        "image_url": "https://assets.shop.loblaws.ca/products/21603178/b3/en/front/21603178_front_a06_@2.png",
        "image_alt": "Ziggy's Chicken Breast Strips 200 g, $3.50/100g",
        "price_product_tile": "$6.99$6.99"
    },
    {
        "id": 102,
        "name": "Calabrese Salami",
        "price": "150 g, $46.60/1kg $4.66/100g",
        "brand": "President's Choice",
        "image_url": "https://assets.shop.loblaws.ca/products/20326648/b3/en/front/20326648_front_a06_@2.png",
        "image_alt": "President's Choice Calabrese Salami 150 g, $46.60/1kg $4.66/100g",
        "price_product_tile": "$6.99$6.99"
    },
    {
        "id": 103,
        "name": "Pepperoni Semi-Dry Cured",
        "price": "150 g, $3.33/100g",
        "brand": "Pillers",
        "image_url": "https://assets.shop.loblaws.ca/products/21568266/b3/en/front/21568266_front_a06_@2.png",
        "image_alt": "Pillers Pepperoni Semi-Dry Cured 150 g, $3.33/100g",
        "price_product_tile": "$5.00$5.00"
    },
    {
        "id": 104,
        "name": "Splendido Dry-Cured Salami Cacciatore Mild",
        "price": "225 g, $4.22/100g",
        "brand": "PC Splendido",
        "image_url": "https://assets.shop.loblaws.ca/products/21449780/b3/en/front/21449780_front_a06_@2.png",
        "image_alt": "PC Splendido Splendido Dry-Cured Salami Cacciatore Mild 225 g, $4.22/100g",
        "price_product_tile": "$9.49$9.49"
    },
    {
        "id": 105,
        "name": "Buffalo-Style Chicken Breast Strips",
        "price": "200 g, $3.50/100g",
        "brand": "Ziggy's",
        "image_url": "https://assets.shop.loblaws.ca/products/21603095/b3/en/front/21603095_front_a06_@2.png",
        "image_alt": "Ziggy's Buffalo-Style Chicken Breast Strips 200 g, $3.50/100g",
        "price_product_tile": "$6.99$6.99"
    },
    {
        "id": 106,
        "name": "Cacciatore Salami, Mild",
        "price": "300 g, $4.33/100g",
        "brand": "Marcangelo",
        "image_url": "https://assets.shop.loblaws.ca/products/21021491/b3/en/front/21021491_front_a06_@2.png",
        "image_alt": "Marcangelo Cacciatore Salami, Mild 300 g, $4.33/100g",
        "price_product_tile": "$12.99$12.99"
    },
    {
        "id": 107,
        "name": "Pepperellos, Original",
        "price": "500 g, $25.98/1kg $2.60/100g",
        "brand": "President's Choice",
        "image_url": "https://assets.shop.loblaws.ca/products/20923774/b3/en/front/20923774_front_a06_@2.png",
        "image_alt": "President's Choice Pepperellos, Original 500 g, $25.98/1kg $2.60/100g",
        "price_product_tile": "$12.99$12.99"
    },
    {
        "id": 108,
        "name": "Ham, Sliced",
        "price": "55 g, $36.18/1kg $3.62/100g",
        "brand": "Carl Buddig",
        "image_url": "https://assets.shop.loblaws.ca/products/20663114/b3/en/front/20663114_front_a06_@2.png",
        "image_alt": "Carl Buddig Ham, Sliced 55 g, $36.18/1kg $3.62/100g",
        "price_product_tile": "$1.99$1.99"
    },
    {
        "id": 109,
        "name": "Garlic Sausage Coil",
        "price": "750 g, $1.20/100g",
        "brand": "No Name",
        "image_url": "https://assets.shop.loblaws.ca/products/20090793/b3/en/front/20090793_front_a06_@2.png",
        "image_alt": "No Name Garlic Sausage Coil 750 g, $1.20/100g",
        "price_product_tile": "$9.00$9.00$10.00$10.00SAVE $1.00"
    },
    {
        "id": 110,
        "name": "Deli Assortment Slices",
        "price": "400 g, $3.75/100g",
        "brand": "President's Choice",
        "image_url": "https://assets.shop.loblaws.ca/products/21105597/b3/en/front/21105597_front_a06_@2.png",
        "image_alt": "President's Choice Deli Assortment Slices 400 g, $3.75/100g",
        "price_product_tile": "$14.99$14.99"
    },
    {
        "id": 111,
        "name": "Splendido Dry-Cured Salami Cacciatore with Prosciutto",
        "price": "225 g, $4.22/100g",
        "brand": "PC Splendido",
        "image_url": "https://assets.shop.loblaws.ca/products/21449787/b3/en/front/21449787_front_a06_@2.png",
        "image_alt": "PC Splendido Splendido Dry-Cured Salami Cacciatore with Prosciutto  225 g, $4.22/100g",
        "price_product_tile": "$9.49$9.49"
    },
    {
        "id": 112,
        "name": "Splendido Dry-Cured Salami Cacciatore Hot",
        "price": "225 g, $4.22/100g",
        "brand": "PC Splendido",
        "image_url": "https://assets.shop.loblaws.ca/products/21449758/b3/en/front/21449758_front_a06_@2.png",
        "image_alt": "PC Splendido Splendido Dry-Cured Salami Cacciatore Hot  225 g, $4.22/100g",
        "price_product_tile": "$9.49$9.49"
    },
    {
        "id": 113,
        "name": "Mortadella",
        "price": "375 g, $2.00/100g",
        "brand": "One World Halal",
        "image_url": "https://assets.shop.loblaws.ca/products/21348489/b3/en/front/21348489_front_a06_@2.png",
        "image_alt": "One World Halal Mortadella 375 g, $2.00/100g",
        "price_product_tile": "$7.49$7.49"
    },
    {
        "id": 114,
        "name": "Thinly Sliced Hot Genoa Salami",
        "price": "150 g, $46.60/1kg $4.66/100g",
        "brand": "President's Choice",
        "image_url": "https://assets.shop.loblaws.ca/products/20308327/b3/en/front/20308327_front_a06_@2.png",
        "image_alt": "President's Choice Thinly Sliced Hot Genoa Salami 150 g, $46.60/1kg $4.66/100g",
        "price_product_tile": "$6.99$6.99"
    },
    {
        "id": 115,
        "name": "Turkey, Sliced",
        "price": "55 g, $36.18/1kg $3.62/100g",
        "brand": "Carl Buddig",
        "image_url": "https://assets.shop.loblaws.ca/products/20662015/b3/en/front/20662015_front_a06_@2.png",
        "image_alt": "Carl Buddig Turkey, Sliced 55 g, $36.18/1kg $3.62/100g",
        "price_product_tile": "$1.99$1.99"
    },
    {
        "id": 116,
        "name": "Prosciutto",
        "price": "100 g, $5.99/100g",
        "brand": "San Daniele",
        "image_url": "https://assets.shop.loblaws.ca/products/20581660/b3/en/front/20581660_front_a06_@2.png",
        "image_alt": "San Daniele Prosciutto 100 g, $5.99/100g",
        "price_product_tile": "$5.99$5.99"
    },
    {
        "id": 117,
        "name": "Free From Oven-Roasted Chicken Breast",
        "price": "375 g, $3.60/100g",
        "brand": "President's Choice",
        "image_url": "https://assets.shop.loblaws.ca/products/21076606/b3/en/front/21076606_front_a06_@2.png",
        "image_alt": "President's Choice Free From Oven-Roasted Chicken Breast 375 g, $3.60/100g",
        "price_product_tile": "$13.49$13.49"
    },
    {
        "id": 118,
        "name": "Prosciutto",
        "price": "100 g, $59.90/1kg $5.99/100g",
        "brand": "Marcangelo",
        "image_url": "https://assets.shop.loblaws.ca/products/20864839/b3/en/front/20864839_front_a06_@2.png",
        "image_alt": "Marcangelo Prosciutto 100 g, $59.90/1kg $5.99/100g",
        "price_product_tile": "$5.99$5.99$7.49$7.49SAVE $1.50"
    },
    {
        "id": 119,
        "name": "Pepperoni, Sliced Club Pack",
        "price": "500 g, $22.98/1kg $2.30/100g",
        "brand": "Ziggy's",
        "image_url": "https://assets.shop.loblaws.ca/products/20040698/b3/en/front/20040698_front_a06_@2.png",
        "image_alt": "Ziggy's Pepperoni, Sliced Club Pack 500 g, $22.98/1kg $2.30/100g",
        "price_product_tile": "$11.49$11.49"
    },
    {
        "id": 120,
        "name": "Diced Pancetta",
        "price": "150 g, $49.93/1kg $4.99/100g",
        "brand": "President's Choice",
        "image_url": "https://assets.shop.loblaws.ca/products/20049345/b3/en/front/20049345_front_a06_@2.png",
        "image_alt": "President's Choice Diced Pancetta 150 g, $49.93/1kg $4.99/100g",
        "price_product_tile": "$7.49$7.49"
    },
    {
        "id": 121,
        "name": "Natural Selections Shaved Deli Chicken Breast, Hickory Smoked",
        "price": "175 g, $34.23/1kg $3.42/100g",
        "brand": "Maple Leaf",
        "image_url": "https://assets.shop.loblaws.ca/products/20670376/b3/en/front/20670376_front_a06_@2.png",
        "image_alt": "Maple Leaf Natural Selections Shaved Deli Chicken Breast, Hickory Smoked 175 g, $34.23/1kg $3.42/100g",
        "price_product_tile": "$5.99$5.99$7.49$7.49SAVE $1.50"
    },
    {
        "id": 122,
        "name": "Smoked Chicken Breast Slices",
        "price": "175 g, $2.00/100g",
        "brand": "Ziggy's",
        "image_url": "https://assets.shop.loblaws.ca/products/21590180/b3/en/front/21590180_front_a06_@2.png",
        "image_alt": "Ziggy's Smoked Chicken Breast Slices 175 g, $2.00/100g",
        "price_product_tile": "$3.50$3.50"
    },
    {
        "id": 123,
        "name": "Calabrese Salami, Hot",
        "price": "125 g, $5.19/100g",
        "brand": "Mastro",
        "image_url": "https://assets.shop.loblaws.ca/products/21059807/b3/en/front/21059807_front_a06_@2.png",
        "image_alt": "Mastro Calabrese Salami, Hot 125 g, $5.19/100g",
        "price_product_tile": "$6.49$6.49"
    },
    {
        "id": 124,
        "name": "Free From Honey Ham, Club Pack",
        "price": "400 g, $33.73/1kg $3.37/100g",
        "brand": "President's Choice",
        "image_url": "https://assets.shop.loblaws.ca/products/20903241/b3/en/front/20903241_front_a06_@2.png",
        "image_alt": "President's Choice Free From Honey Ham, Club Pack 400 g, $33.73/1kg $3.37/100g",
        "price_product_tile": "$13.49$13.49"
    },
    {
        "id": 125,
        "name": "Blue Ribbon Thick Sliced Bologna",
        "price": "500 g, $15.98/1kg $1.60/100g",
        "brand": "Schneider",
        "image_url": "https://assets.shop.loblaws.ca/products/20095530/b3/en/front/20095530_front_a06_@2.png",
        "image_alt": "Schneider Blue Ribbon Thick Sliced Bologna 500 g, $15.98/1kg $1.60/100g",
        "price_product_tile": "$7.99$7.99"
    },
    {
        "id": 126,
        "name": "Free From Pepperello",
        "price": "375 g, $35.97/1kg $3.60/100g",
        "brand": "President's Choice",
        "image_url": "https://assets.shop.loblaws.ca/products/20682944/b3/en/front/20682944_front_a06_@2.png",
        "image_alt": "President's Choice Free From Pepperello 375 g, $35.97/1kg $3.60/100g",
        "price_product_tile": "$13.49$13.49"
    },
    {
        "id": 127,
        "name": "Sirloin Beef Strips",
        "price": "300 g, $43.30/1kg $4.33/100g",
        "brand": "President's Choice",
        "image_url": "https://assets.shop.loblaws.ca/products/20787394/b3/en/front/20787394_front_a06_@2.png",
        "image_alt": "President's Choice Sirloin Beef Strips 300 g, $43.30/1kg $4.33/100g",
        "price_product_tile": "$12.99$12.99"
    },
    {
        "id": 128,
        "name": "Cooked Ham Slices",
        "price": "175 g, $2.00/100g",
        "brand": "Ziggy's",
        "image_url": "https://assets.shop.loblaws.ca/products/21589295/b3/en/front/21589295_front_a06_@2.png",
        "image_alt": "Ziggy's Cooked Ham Slices 175 g, $2.00/100g",
        "price_product_tile": "$3.50$3.50"
    },
    {
        "id": 129,
        "name": "Salametti Hot Chub",
        "price": "300 g, $28.30/1kg $2.83/100g",
        "brand": "Mastro",
        "image_url": "https://assets.shop.loblaws.ca/products/20046483/b3/en/front/20046483_front_a06_@2.png",
        "image_alt": "Mastro Salametti Hot Chub     300 g, $28.30/1kg $2.83/100g",
        "price_product_tile": "$8.49$8.49"
    },
    {
        "id": 130,
        "name": "Sausage Snacks Cheddar Jalape\u00f1o",
        "price": "300 g, $2.83/100g",
        "brand": "Pillers",
        "image_url": "https://assets.shop.loblaws.ca/products/21607441/b3/en/front/21607441_front_a06_@2.png",
        "image_alt": "Pillers Sausage Snacks Cheddar Jalape\u00f1o 300 g, $2.83/100g",
        "price_product_tile": "$8.49$8.49$10.99$10.99SAVE $2.50"
    },
    {
        "id": 131,
        "name": "Smoked Turkey Breast Slices",
        "price": "175 g, $2.00/100g",
        "brand": "Ziggy's",
        "image_url": "https://assets.shop.loblaws.ca/products/21590279/b3/en/front/21590279_front_a06_@2.png",
        "image_alt": "Ziggy's Smoked Turkey Breast Slices 175 g, $2.00/100g",
        "price_product_tile": "$3.50$3.50"
    },
    {
        "id": 132,
        "name": "Minho Mild Sausage",
        "price": "$19.90/1kg",
        "brand": "Borges",
        "image_url": null,
        "image_alt": "Borges Minho Mild Sausage     $19.90/1kg",
        "price_product_tile": "$1.99$1.99"
    },
    {
        "id": 133,
        "name": "Morcela, Hot",
        "price": "$19.99/1kg",
        "brand": "Borges",
        "image_url": null,
        "image_alt": "Borges Morcela, Hot $19.99/1kg",
        "price_product_tile": "$2.00$2.00"
    },
    {
        "id": 134,
        "name": "Casalingo Salami, Hot",
        "price": "375 g, $26.37/1kg $2.64/100g",
        "brand": "Mastro",
        "image_url": "https://assets.shop.loblaws.ca/products/20683129/b3/en/front/20683129_front_a06_@2.png",
        "image_alt": "Mastro Casalingo Salami, Hot 375 g, $26.37/1kg $2.64/100g",
        "price_product_tile": "$9.89$9.89"
    },
    {
        "id": 135,
        "name": "Halal Sojuk Hot",
        "price": "350 g, $4.26/100g",
        "brand": "Solmaz",
        "image_url": "https://assets.shop.loblaws.ca/products/21542591/b3/en/front/21542591_front_a06_@2.png",
        "image_alt": "Solmaz Halal Sojuk Hot 350 g, $4.26/100g",
        "price_product_tile": "$14.90$14.90"
    },
    {
        "id": 136,
        "name": "Italian Sub Variety Pack Sliced",
        "price": "375 g, $1.33/100g",
        "brand": "No Name",
        "image_url": "https://assets.shop.loblaws.ca/products/21064875/b3/en/front/21064875_front_a06_@2.png",
        "image_alt": "No Name Italian Sub Variety Pack Sliced 375 g, $1.33/100g",
        "price_product_tile": "$5.00$5.00"
    },
    {
        "id": 137,
        "name": "Calabrese Salami, Hot",
        "price": "300 g, $33.30/1kg $3.33/100g",
        "brand": "Mastro",
        "image_url": "https://assets.shop.loblaws.ca/products/20304950/b3/en/front/20304950_front_a06_@2.png",
        "image_alt": "Mastro Calabrese Salami, Hot 300 g, $33.30/1kg $3.33/100g",
        "price_product_tile": "$9.99$9.99"
    },
    {
        "id": 138,
        "name": "Honey Ham",
        "price": "55 g",
        "brand": "Carl Buddig",
        "image_url": "https://assets.shop.loblaws.ca/products/20664762/b3/en/front/20664762_front_a06_@2.png",
        "image_alt": "Carl Buddig Honey Ham 55 g",
        "price_product_tile": "$1.99$1.99"
    },
    {
        "id": 139,
        "name": "Mortadella",
        "price": "750 g, $19.45/1kg $1.95/100g",
        "brand": "San Daniele",
        "image_url": "https://assets.shop.loblaws.ca/products/20547185/b3/en/front/20547185_front_a06_@2.png",
        "image_alt": "San Daniele Mortadella 750 g, $19.45/1kg $1.95/100g",
        "price_product_tile": "$14.59$14.59"
    },
    {
        "id": 140,
        "name": "Pepperoni, Sliced",
        "price": "500 g, $12.00/1kg $1.20/100g",
        "brand": "No Name",
        "image_url": "https://assets.shop.loblaws.ca/products/20189849/b3/en/front/20189849_front_a06_@2.png",
        "image_alt": "No Name Pepperoni, Sliced 500 g, $12.00/1kg $1.20/100g",
        "price_product_tile": "$6.00$6.00"
    },
    {
        "id": 141,
        "name": "Cooked Ham",
        "price": "175 g, $1.71/100g",
        "brand": "No Name",
        "image_url": "https://assets.shop.loblaws.ca/products/21063830/b3/en/front/21063830_front_a06_@2.png",
        "image_alt": "No Name Cooked Ham 175 g, $1.71/100g",
        "price_product_tile": "$3.00$3.00"
    },
    {
        "id": 142,
        "name": "Old Forest Salami Slices",
        "price": "150 g, $5.33/100g",
        "brand": "President's Choice",
        "image_url": "https://assets.shop.loblaws.ca/products/20923160/b3/en/front/20923160_front_a06_@2.png",
        "image_alt": "President's Choice Old Forest Salami Slices 150 g, $5.33/100g",
        "price_product_tile": "$7.99$7.99"
    },
    {
        "id": 143,
        "name": "Cooked Honey Maple Chicken Breast",
        "price": "200 g, $2.50/100g",
        "brand": "Pillers",
        "image_url": "https://assets.shop.loblaws.ca/products/21397198/b3/en/front/21397198_front_a06_@2.png",
        "image_alt": "Pillers Cooked Honey Maple Chicken Breast 200 g, $2.50/100g",
        "price_product_tile": "$5.00$5.00"
    },
    {
        "id": 144,
        "name": "Thinly Sliced Salami with Prosciutto",
        "price": "150 g, $46.60/1kg $4.66/100g",
        "brand": "President's Choice",
        "image_url": "https://assets.shop.loblaws.ca/products/20315515/b3/en/front/20315515_front_a06_@2.png",
        "image_alt": "President's Choice Thinly Sliced Salami with Prosciutto 150 g, $46.60/1kg $4.66/100g",
        "price_product_tile": "$6.99$6.99"
    },
    {
        "id": 145,
        "name": "Cooked Honey Maple Chicken Breast",
        "price": "200 g, $2.50/100g",
        "brand": "Pillers",
        "image_url": "https://assets.shop.loblaws.ca/products/21397198/b3/en/front/21397198_front_a06_@2.png",
        "image_alt": "Pillers Cooked Honey Maple Chicken Breast 200 g, $2.50/100g",
        "price_product_tile": "$5.00$5.00"
    },
    {
        "id": 146,
        "name": "Pepperoni, Sliced",
        "price": "500 g, $12.00/1kg $1.20/100g",
        "brand": "No Name",
        "image_url": "https://assets.shop.loblaws.ca/products/20189849/b3/en/front/20189849_front_a06_@2.png",
        "image_alt": "No Name Pepperoni, Sliced 500 g, $12.00/1kg $1.20/100g",
        "price_product_tile": "$6.00$6.00"
    },
    {
        "id": 147,
        "name": "Thinly Sliced Salami with Prosciutto",
        "price": "150 g, $46.60/1kg $4.66/100g",
        "brand": "President's Choice",
        "image_url": "https://assets.shop.loblaws.ca/products/20315515/b3/en/front/20315515_front_a06_@2.png",
        "image_alt": "President's Choice Thinly Sliced Salami with Prosciutto 150 g, $46.60/1kg $4.66/100g",
        "price_product_tile": "$6.99$6.99"
    },
    {
        "id": 148,
        "name": "Free From Smoked Black Forest Ham",
        "price": "175 g, $42.80/1kg $4.28/100g",
        "brand": "President's Choice",
        "image_url": "https://assets.shop.loblaws.ca/products/20682855/b3/en/front/20682855_front_a06_@2.png",
        "image_alt": "President's Choice Free From Smoked Black Forest Ham 175 g, $42.80/1kg $4.28/100g",
        "price_product_tile": "$7.49$7.49"
    },
    {
        "id": 149,
        "name": "Capocollo, Sliced",
        "price": "125 g, $35.92/1kg $3.59/100g",
        "brand": "Mastro",
        "image_url": "https://assets.shop.loblaws.ca/products/20577341/b3/en/front/20577341_front_a06_@2.png",
        "image_alt": "Mastro Capocollo, Sliced 125 g, $35.92/1kg $3.59/100g",
        "price_product_tile": "$4.49$4.49"
    },
    {
        "id": 150,
        "name": "Pepperoni Spicy",
        "price": "500 g, $1.70/100g",
        "brand": "Pillers",
        "image_url": "https://assets.shop.loblaws.ca/products/21099384/b3/en/front/21099384_front_a06_@2.png",
        "image_alt": "Pillers Pepperoni Spicy 500 g, $1.70/100g",
        "price_product_tile": "$8.49$8.49"
    },
    {
        "id": 151,
        "name": "Natural Selections Shaved Roast Beef Deli Meat",
        "price": "150 g, $3.99/100g",
        "brand": "Maple Leaf",
        "image_url": "https://assets.shop.loblaws.ca/products/21379026/b3/en/front/21379026_front_a06_@2.png",
        "image_alt": "Maple Leaf Natural Selections Shaved Roast Beef Deli Meat 150 g, $3.99/100g",
        "price_product_tile": "$5.99$5.99$7.49$7.49SAVE $1.50"
    },
    {
        "id": 152,
        "name": "Montreal-Style Smoked Meat",
        "price": "175 g, $2.00/100g",
        "brand": "Ziggy's",
        "image_url": "https://assets.shop.loblaws.ca/products/21599921/b3/en/front/21599921_front_a06_@2.png",
        "image_alt": "Ziggy's Montreal-Style Smoked Meat 175 g, $2.00/100g",
        "price_product_tile": "$3.50$3.50"
    },
    {
        "id": 153,
        "name": "Herbed Turkey Breast",
        "price": "150 g, $3.99/100g",
        "brand": "Schneider",
        "image_url": "https://assets.shop.loblaws.ca/products/21550799/b3/en/front/21550799_front_a06_@2.png",
        "image_alt": "Schneider Herbed Turkey Breast 150 g, $3.99/100g",
        "price_product_tile": "$5.99$5.99$7.49$7.49SAVE $1.50"
    },
    {
        "id": 154,
        "name": "Antipasto Misto",
        "price": "100 g, $6.49/100g",
        "brand": "PC Splendido",
        "image_url": "https://assets.shop.loblaws.ca/products/21050405/b3/en/front/21050405_front_a06_@2.png",
        "image_alt": "PC Splendido Antipasto Misto  100 g, $6.49/100g",
        "price_product_tile": "$6.49$6.49"
    },
    {
        "id": 155,
        "name": "Halal Sliced Chicken Bologna",
        "price": "500 g, $1.20/100g",
        "brand": "Sufra",
        "image_url": "https://assets.shop.loblaws.ca/products/21020646/b3/en/front/21020646_front_a06_@2.png",
        "image_alt": "Sufra Halal Sliced Chicken Bologna 500 g, $1.20/100g",
        "price_product_tile": "$5.99$5.99"
    },
    {
        "id": 156,
        "name": "Extra Lean Kolbassa Ham",
        "price": "300 g, $24.97/1kg $2.50/100g",
        "brand": "Pillers",
        "image_url": "https://assets.shop.loblaws.ca/products/20820469/b3/en/front/20820469_front_a06_@2.png",
        "image_alt": "Pillers Extra Lean Kolbassa Ham 300 g, $24.97/1kg $2.50/100g",
        "price_product_tile": "$7.49$7.49"
    },
    {
        "id": 157,
        "name": "Capocollo, Hot",
        "price": "125 g, $35.92/1kg $3.59/100g",
        "brand": "Mastro",
        "image_url": "https://assets.shop.loblaws.ca/products/20577602/b3/en/front/20577602_front_a06_@2.png",
        "image_alt": "Mastro Capocollo, Hot 125 g, $35.92/1kg $3.59/100g",
        "price_product_tile": "$4.49$4.49"
    },
    {
        "id": 158,
        "name": "Turkey Kolbassa",
        "price": "250 g, $3.00/100g",
        "brand": "Pillers",
        "image_url": "https://assets.shop.loblaws.ca/products/21400151/b3/en/front/21400151_front_a06_@2.png",
        "image_alt": "Pillers Turkey Kolbassa  250 g, $3.00/100g",
        "price_product_tile": "$7.49$7.49"
    },
    {
        "id": 159,
        "name": "Smoked Cajun Chicken Slices",
        "price": "175 g, $2.00/100g",
        "brand": "Ziggy's",
        "image_url": "https://assets.shop.loblaws.ca/products/21596260/b3/en/front/21596260_front_a06_@2.png",
        "image_alt": "Ziggy's Smoked Cajun Chicken Slices 175 g, $2.00/100g",
        "price_product_tile": "$3.50$3.50"
    },
    {
        "id": 160,
        "name": "Mortadella, Hot",
        "price": "175 g, $25.66/1kg $2.57/100g",
        "brand": "San Daniele",
        "image_url": "https://assets.shop.loblaws.ca/products/20578305/b3/en/front/20578305_front_a06_@2.png",
        "image_alt": "San Daniele Mortadella, Hot 175 g, $25.66/1kg $2.57/100g",
        "price_product_tile": "$4.49$4.49"
    },
    {
        "id": 161,
        "name": "Dry Chorizo Sausage",
        "price": "175 g, $3.42/100g",
        "brand": "Fantino & Mondello",
        "image_url": "https://assets.shop.loblaws.ca/products/21551583/b3/en/front/21551583_front_a06_@2.png",
        "image_alt": "Fantino & Mondello Dry Chorizo Sausage 175 g, $3.42/100g",
        "price_product_tile": "$5.99$5.99$7.49$7.49SAVE $1.50"
    },
    {
        "id": 162,
        "name": "Soppressata Salami",
        "price": "125 g, $5.19/100g",
        "brand": "Mastro",
        "image_url": "https://assets.shop.loblaws.ca/products/21059859/b3/en/front/21059859_front_a06_@2.png",
        "image_alt": "Mastro Soppressata Salami 125 g, $5.19/100g",
        "price_product_tile": "$6.49$6.49"
    },
    {
        "id": 163,
        "name": "Turkey Bites Smoked Turkey Sausage Honey Garlic",
        "price": "300 g, $2.83/100g",
        "brand": "Pillers",
        "image_url": "https://assets.shop.loblaws.ca/products/21455328/b3/en/front/21455328_front_a06_@2.png",
        "image_alt": "Pillers Turkey Bites Smoked Turkey Sausage Honey Garlic 300 g, $2.83/100g",
        "price_product_tile": "$8.49$8.49$10.99$10.99SAVE $2.50"
    },
    {
        "id": 164,
        "name": "Original Salametti",
        "price": "175 g, $3.42/100g",
        "brand": "Fantino & Mondello",
        "image_url": "https://assets.shop.loblaws.ca/products/21551515/b3/en/front/21551515_front_a06_@2.png",
        "image_alt": "Fantino & Mondello Original Salametti 175 g, $3.42/100g",
        "price_product_tile": "$5.99$5.99$7.49$7.49SAVE $1.50"
    },
    {
        "id": 165,
        "name": "Sliced Prosciutto Club Pack",
        "price": "200 g, $5.00/100g",
        "brand": "San Daniele",
        "image_url": "https://assets.shop.loblaws.ca/products/21377490/b3/en/front/21377490_front_a06_@2.png",
        "image_alt": "San Daniele Sliced Prosciutto Club Pack 200 g, $5.00/100g",
        "price_product_tile": "$9.99$9.99"
    },
    {
        "id": 166,
        "name": "Smoked Kolbassa Sausage",
        "price": "375 g, $1.86/100g",
        "brand": "Ziggy's",
        "image_url": "https://assets.shop.loblaws.ca/products/21396884/b3/en/front/21396884_front_a06_@2.png",
        "image_alt": "Ziggy's Smoked Kolbassa Sausage 375 g, $1.86/100g",
        "price_product_tile": "$6.99$6.99"
    },
    {
        "id": 167,
        "name": "Smoked Turkey Thighs (Thin Sliced)",
        "price": "$21.90/1kg",
        "brand": "Brandt",
        "image_url": "https://assets.shop.loblaws.ca/products/20098447/b3/en/front/20098447_front_a06_@2.png",
        "image_alt": "Brandt Smoked Turkey Thighs (Thin Sliced) $21.90/1kg",
        "price_product_tile": "$2.19$2.19"
    },
    {
        "id": 168,
        "name": "Sausage, Hot",
        "price": "$19.90/1kg",
        "brand": "Borges",
        "image_url": "https://assets.shop.loblaws.ca/products/20118782/b3/en/front/20118782_front_a06_@2.png",
        "image_alt": "Borges Sausage, Hot $19.90/1kg",
        "price_product_tile": "$1.99$1.99"
    },
    {
        "id": 169,
        "name": "Smoked Beef",
        "price": "100 g, $6.09/100g",
        "brand": "Mrakovic",
        "image_url": "https://assets.shop.loblaws.ca/products/21610798/b3/en/front/21610798_front_a06_@2.png",
        "image_alt": "Mrakovic Smoked Beef 100 g, $6.09/100g",
        "price_product_tile": "$6.09$6.09"
    },
    {
        "id": 170,
        "name": "Halal Breakfast Strips Smoked Beef Macon",
        "price": "200 g, $3.60/100g",
        "brand": "Solmaz",
        "image_url": "https://assets.shop.loblaws.ca/products/21545146/b3/en/front/21545146_front_a06_@2.png",
        "image_alt": "Solmaz Halal Breakfast Strips Smoked Beef Macon 200 g, $3.60/100g",
        "price_product_tile": "$7.19$7.19"
    },
    {
        "id": 171,
        "name": "Halal Sliced Pepperoni",
        "price": "200 g, $2.75/100g",
        "brand": "Solmaz",
        "image_url": "https://assets.shop.loblaws.ca/products/21551652/b3/en/front/21551652_front_a06_@2.png",
        "image_alt": "Solmaz Halal Sliced Pepperoni 200 g, $2.75/100g",
        "price_product_tile": "$5.49$5.49"
    },
    {
        "id": 172,
        "name": "Smoked Turkey Breast",
        "price": "175 g, $3.59/100g",
        "brand": "One World Halal",
        "image_url": "https://assets.shop.loblaws.ca/products/21348969/b3/en/front/21348969_front_a06_@2.png",
        "image_alt": "One World Halal Smoked Turkey Breast 175 g, $3.59/100g",
        "price_product_tile": "$6.29$6.29"
    },
    {
        "id": 173,
        "name": "Halal Sojuk Beef Hot",
        "price": "350 g, $3.80/100g",
        "brand": "Solmaz",
        "image_url": "https://assets.shop.loblaws.ca/products/21542604/b3/en/front/21542604_front_a06_@2.png",
        "image_alt": "Solmaz Halal Sojuk Beef Hot 350 g, $3.80/100g",
        "price_product_tile": "$13.29$13.29"
    },
    {
        "id": 174,
        "name": "Extra Hot Sausage",
        "price": "$19.90/1kg",
        "brand": "Borges",
        "image_url": "https://assets.shop.loblaws.ca/products/20104526/b3/en/front/20104526_front_a06_@2.png",
        "image_alt": "Borges Extra Hot Sausage $19.90/1kg",
        "price_product_tile": "$1.99$1.99"
    },
    {
        "id": 175,
        "name": "Halal Sojuk Beef Mild",
        "price": "350 g, $5.43/100g",
        "brand": "Solmaz",
        "image_url": "https://assets.shop.loblaws.ca/products/21542601/b3/en/front/21542601_front_a06_@2.png",
        "image_alt": "Solmaz Halal Sojuk Beef Mild 350 g, $5.43/100g",
        "price_product_tile": "$18.99$18.99"
    },
    {
        "id": 176,
        "name": "Salami Trio, Club Pack",
        "price": "250 g, $5.40/100g",
        "brand": "President's Choice",
        "image_url": "https://assets.shop.loblaws.ca/products/21109807/b3/en/front/21109807_front_a06_@2.png",
        "image_alt": "President's Choice Salami Trio, Club Pack 250 g, $5.40/100g",
        "price_product_tile": "$13.49$13.49"
    },
    {
        "id": 177,
        "name": "Bologna, Sliced",
        "price": "500 g, $10.00/1kg $1.00/100g",
        "brand": "No Name",
        "image_url": "https://assets.shop.loblaws.ca/products/20090732/b3/en/front/20090732_front_a06_@2.png",
        "image_alt": "No Name Bologna, Sliced 500 g, $10.00/1kg $1.00/100g",
        "price_product_tile": "$5.00$5.00"
    },
    {
        "id": 178,
        "name": "Calabrese Dry Cured Spicy Salami",
        "price": "225 g, $4.44/100g",
        "brand": "Marcangelo",
        "image_url": "https://assets.shop.loblaws.ca/products/21337517/b3/en/front/21337517_front_a06_@2.png",
        "image_alt": "Marcangelo Calabrese Dry Cured Spicy Salami 225 g, $4.44/100g",
        "price_product_tile": "$9.99$9.99"
    },
    {
        "id": 179,
        "name": "Honey Ham",
        "price": "200 g, $2.50/100g",
        "brand": "Pillers",
        "image_url": "https://assets.shop.loblaws.ca/products/21207755/b3/en/front/21207755_front_a06_@2.png",
        "image_alt": "Pillers Honey Ham  200 g, $2.50/100g",
        "price_product_tile": "$5.00$5.00"
    },
    {
        "id": 180,
        "name": "Macaroni & Cheese",
        "price": "500 g, $12.00/1kg $1.20/100g",
        "brand": "No Name",
        "image_url": "https://assets.shop.loblaws.ca/products/20061719/b3/en/front/20061719_front_a06_@2.png",
        "image_alt": "No Name Macaroni & Cheese 500 g, $12.00/1kg $1.20/100g",
        "price_product_tile": "$6.00$6.00"
    },
    {
        "id": 181,
        "name": "Liver Sausage Chub",
        "price": "250 g, $1.80/100g",
        "brand": "Brandt",
        "image_url": "https://assets.shop.loblaws.ca/products/20317795/b3/en/front/20317795_front_a06_@2.png",
        "image_alt": "Brandt Liver Sausage Chub 250 g, $1.80/100g",
        "price_product_tile": "$4.49$4.49"
    },
    {
        "id": 182,
        "name": "Polish Sausage",
        "price": "375 g, $2.00/100g",
        "brand": "Pillers",
        "image_url": "https://assets.shop.loblaws.ca/products/20074904/b3/en/front/20074904_front_a06_@2.png",
        "image_alt": "Pillers Polish Sausage 375 g, $2.00/100g",
        "price_product_tile": "$7.49$7.49"
    },
    {
        "id": 183,
        "name": "Bologna Chicken",
        "price": "375 g, $9.31/1kg $0.93/100g",
        "brand": "Maple Lodge Farms LT",
        "image_url": "https://assets.shop.loblaws.ca/products/20126129/b3/en/front/20126129_front_a06_@2.png",
        "image_alt": "Maple Lodge Farms LT Bologna Chicken 375 g, $9.31/1kg $0.93/100g",
        "price_product_tile": "$3.49$3.49"
    },
    {
        "id": 184,
        "name": "Smoked Turkey Breast",
        "price": "0.15 kg, $3.33/100g",
        "brand": "Pillers",
        "image_url": "https://assets.shop.loblaws.ca/products/20965534/b3/en/front/20965534_front_a06_@2.png",
        "image_alt": "Pillers Smoked Turkey Breast 0.15 kg, $3.33/100g",
        "price_product_tile": "$5.00$5.00"
    },
    {
        "id": 185,
        "name": "Fully Cooked Diced Smoked Ham",
        "price": "150 g, $3.33/100g",
        "brand": "President's Choice",
        "image_url": "https://assets.shop.loblaws.ca/products/21463309/b3/en/front/21463309_front_a06_@2.png",
        "image_alt": "President's Choice Fully Cooked Diced Smoked Ham  150 g, $3.33/100g",
        "price_product_tile": "$4.99$4.99"
    },
    {
        "id": 186,
        "name": "Big Stick Large Wax Bologna",
        "price": "$18.71/1kg $8.49/1lb",
        "brand": "Maple Leaf",
        "image_url": "https://assets.shop.loblaws.ca/products/20052177/b3/en/front/20052177_front_a06_@2.png",
        "image_alt": "Maple Leaf Big Stick Large Wax Bologna $18.71/1kg $8.49/1lb",
        "price_product_tile": "$1.87$1.87"
    },
    {
        "id": 187,
        "name": "Country Style Pork P\u00e2t\u00e9 With Garlic",
        "price": "150 g, $3.66/100g",
        "brand": "President's Choice",
        "image_url": "https://assets.shop.loblaws.ca/products/21043322/b3/en/front/21043322_front_a06_@2.png",
        "image_alt": "President's Choice Country Style Pork P\u00e2t\u00e9 With Garlic 150 g, $3.66/100g",
        "price_product_tile": "$5.49$5.49"
    },
    {
        "id": 188,
        "name": "Italian-Style Chicken Breast Strips",
        "price": "200 g, $3.50/100g",
        "brand": "Ziggy's",
        "image_url": "https://assets.shop.loblaws.ca/products/21603188/b3/en/front/21603188_front_a06_@2.png",
        "image_alt": "Ziggy's Italian-Style Chicken Breast Strips 200 g, $3.50/100g",
        "price_product_tile": "$6.99$6.99"
    },
    {
        "id": 189,
        "name": "Summer Sausage Chub",
        "price": "500 g, $1.20/100g",
        "brand": "No Name",
        "image_url": "https://assets.shop.loblaws.ca/products/20015714/b3/en/front/20015714_front_a06_@2.png",
        "image_alt": "No Name Summer Sausage Chub 500 g, $1.20/100g",
        "price_product_tile": "$6.00$6.00"
    },
    {
        "id": 190,
        "name": "Chicken Breast Strips",
        "price": "375 g, $34.64/1kg $3.46/100g",
        "brand": "President's Choice",
        "image_url": "https://assets.shop.loblaws.ca/products/20786418/b3/en/front/20786418_front_a06_@2.png",
        "image_alt": "President's Choice Chicken Breast Strips 375 g, $34.64/1kg $3.46/100g",
        "price_product_tile": "$12.99$12.99"
    },
    {
        "id": 191,
        "name": "Oven Roasted Turkey Slices",
        "price": "175 g, $2.00/100g",
        "brand": "Ziggy's",
        "image_url": "https://assets.shop.loblaws.ca/products/21596554/b3/en/front/21596554_front_a06_@2.png",
        "image_alt": "Ziggy's Oven Roasted Turkey Slices 175 g, $2.00/100g",
        "price_product_tile": "$3.50$3.50"
    },
    {
        "id": 192,
        "name": "Natural Selections Shaved Deli Chicken Breast, Oven Roasted, Family Size",
        "price": "375 g, $37.31/1kg $3.73/100g",
        "brand": "Maple Leaf",
        "image_url": "https://assets.shop.loblaws.ca/products/20772225/b3/en/front/20772225_front_a06_@2.png",
        "image_alt": "Maple Leaf Natural Selections Shaved Deli Chicken Breast, Oven Roasted, Family Size 375 g, $37.31/1kg $3.73/100g",
        "price_product_tile": "$13.99$13.99"
    },
    {
        "id": 193,
        "name": "Oven Roasted Turkey Slices",
        "price": "175 g, $2.00/100g",
        "brand": "Ziggy's",
        "image_url": "https://assets.shop.loblaws.ca/products/21596554/b3/en/front/21596554_front_a06_@2.png",
        "image_alt": "Ziggy's Oven Roasted Turkey Slices 175 g, $2.00/100g",
        "price_product_tile": "$3.50$3.50"
    },
    {
        "id": 194,
        "name": "Natural Selections Shaved Deli Chicken Breast, Oven Roasted, Family Size",
        "price": "375 g, $37.31/1kg $3.73/100g",
        "brand": "Maple Leaf",
        "image_url": "https://assets.shop.loblaws.ca/products/20772225/b3/en/front/20772225_front_a06_@2.png",
        "image_alt": "Maple Leaf Natural Selections Shaved Deli Chicken Breast, Oven Roasted, Family Size 375 g, $37.31/1kg $3.73/100g",
        "price_product_tile": "$13.99$13.99"
    },
    {
        "id": 195,
        "name": "Salametti Mild",
        "price": "300 g, $28.30/1kg $2.83/100g",
        "brand": "Mastro",
        "image_url": "https://assets.shop.loblaws.ca/products/20303790/b3/en/front/20303790_front_a06_@2.png",
        "image_alt": "Mastro Salametti Mild      300 g, $28.30/1kg $2.83/100g",
        "price_product_tile": "$8.49$8.49"
    },
    {
        "id": 196,
        "name": "Prosciutto",
        "price": "100 g, $6.49/100g",
        "brand": "PC Splendido",
        "image_url": "https://assets.shop.loblaws.ca/products/21049131/b3/en/front/21049131_front_a06_@2.png",
        "image_alt": "PC Splendido Prosciutto 100 g, $6.49/100g",
        "price_product_tile": "$6.49$6.49"
    },
    {
        "id": 197,
        "name": "Pepperoni",
        "price": "500 g, $1.00/100g",
        "brand": "No Name",
        "image_url": "https://assets.shop.loblaws.ca/products/20015818/b3/en/front/20015818_front_a06_@2.png",
        "image_alt": "No Name Pepperoni 500 g, $1.00/100g",
        "price_product_tile": "$5.00$5.00$6.00$6.00SAVE $1.00"
    },
    {
        "id": 198,
        "name": "Tuscan Style Salami Sticks Dry Cured",
        "price": "300 g, $2.83/100g",
        "brand": "Pillers",
        "image_url": "https://assets.shop.loblaws.ca/products/21170544/b3/en/front/21170544_front_a06_@2.png",
        "image_alt": "Pillers Tuscan Style Salami Sticks Dry Cured 300 g, $2.83/100g",
        "price_product_tile": "$8.49$8.49$8.99$8.99SAVE $0.50"
    },
    {
        "id": 199,
        "name": "Dry Cured Bavarian Salami Sticks",
        "price": "300 g, $2.83/100g",
        "brand": "Pillers",
        "image_url": "https://assets.shop.loblaws.ca/products/21307438/b3/en/front/21307438_front_a06_@2.png",
        "image_alt": "Pillers Dry Cured Bavarian Salami Sticks 300 g, $2.83/100g",
        "price_product_tile": "$8.49$8.49$10.99$10.99SAVE $2.50"
    },
    {
        "id": 200,
        "name": "Blue Ribbon Classic Bologna",
        "price": "500 g, $15.98/1kg $1.60/100g",
        "brand": "Schneider",
        "image_url": "https://assets.shop.loblaws.ca/products/20039186/b3/en/front/20039186_front_a06_@2.png",
        "image_alt": "Schneider Blue Ribbon Classic Bologna 500 g, $15.98/1kg $1.60/100g",
        "price_product_tile": "$7.99$7.99"
    },
    {
        "id": 201,
        "name": "Salami Genoa",
        "price": "375 g, $2.67/100g",
        "brand": "Mastro",
        "image_url": "https://assets.shop.loblaws.ca/products/21114952/b3/en/front/21114952_front_a06_@2.png",
        "image_alt": "Mastro Salami Genoa 375 g, $2.67/100g",
        "price_product_tile": "$10.00$10.00"
    },
    {
        "id": 202,
        "name": "Traditional All Beef Bologna",
        "price": "375 g, $18.64/1kg $1.86/100g",
        "brand": "Schneider",
        "image_url": "https://assets.shop.loblaws.ca/products/20604693/b3/en/front/20604693_front_a06_@2.png",
        "image_alt": "Schneider Traditional All Beef Bologna 375 g, $18.64/1kg $1.86/100g",
        "price_product_tile": "$6.99$6.99"
    },
    {
        "id": 203,
        "name": "Chubbs - Pepperoni",
        "price": "375 g, $2.00/100g",
        "brand": "One World Halal",
        "image_url": "https://assets.shop.loblaws.ca/products/21348483/b3/en/front/21348483_front_a06_@2.png",
        "image_alt": "One World Halal Chubbs - Pepperoni 375 g, $2.00/100g",
        "price_product_tile": "$7.49$7.49"
    },
    {
        "id": 204,
        "name": "Smoked Black Forest Ham",
        "price": "175 g, $3.42/100g",
        "brand": "Schneider",
        "image_url": "https://assets.shop.loblaws.ca/products/21550791/b3/en/front/21550791_front_a06_@2.png",
        "image_alt": "Schneider Smoked Black Forest Ham 175 g, $3.42/100g",
        "price_product_tile": "$5.99$5.99$7.49$7.49SAVE $1.50"
    },
    {
        "id": 205,
        "name": "Casalingo Salami",
        "price": "375 g, $26.37/1kg $2.64/100g",
        "brand": "Mastro",
        "image_url": "https://assets.shop.loblaws.ca/products/20683130/b3/en/front/20683130_front_a06_@2.png",
        "image_alt": "Mastro Casalingo Salami 375 g, $26.37/1kg $2.64/100g",
        "price_product_tile": "$9.89$9.89"
    },
    {
        "id": 206,
        "name": "Turkey Bites Smoked Turkey Sausage Spicy",
        "price": "300 g, $28.30/1kg $2.83/100g",
        "brand": "Pillers",
        "image_url": "https://assets.shop.loblaws.ca/products/20582987/b3/en/front/20582987_front_a06_@2.png",
        "image_alt": "Pillers Turkey Bites Smoked Turkey Sausage Spicy 300 g, $28.30/1kg $2.83/100g",
        "price_product_tile": "$8.49$8.49$10.99$10.99SAVE $2.50"
    }
]