<div data-testid="product-grid" class="css-epcqr3"><div class="css-0"><div class="css-f5i5wc"><div class="chakra-linkbox css-vhnn8v"><div data-testid="product-image" class="css-16dr4ly"><img alt="Schneider Lunch Mate Ham Lunch Kit 90 g, $3.88/100g" src="https://assets.shop.loblaws.ca/products/21310034/b3/en/front/21310034_front_a06_@2.png" srcset="https://assets.shop.loblaws.ca/products/21310034/b3/en/front/21310034_front_a06_@2.png 1x, https://assets.shop.loblaws.ca/products/21310034/b3/en/front/21310034_front_a06_@2.png 2x" loading="lazy" class="chakra-image css-oguq8l" aria-hidden="true"></div><div class="css-qoklea"><div class="css-12dchmx"></div><div data-testid="price-product-tile" class="css-8atqhb"><p class="chakra-text css-0"><span class="chakra-text css-pwnbcb" data-testid="regular-price"><span class="css-idkz9h">$3.49</span>$3.49</span></p></div><a href="/lunch-mate-ham-lunch-kit/p/21310034_EA?source=nspt" class="chakra-linkbox__overlay css-1hnz6hu"><div class="css-0"><p class="chakra-text css-1ecdp9w" data-testid="product-brand">Schneider</p><h3 class="chakra-heading css-6qrhwc" id="21310034_EA" data-testid="product-title">Lunch Mate Ham Lunch Kit</h3><p class="chakra-text css-1yftjin" data-testid="product-package-size">90 g, $3.88/100g</p></div></a><div class="css-8keand"></div></div><div class="css-1q5omjq"><div class="css-fcebb8"><div data-testid="atc-compact" class="css-y94ivq" style="width: 45px;"><button type="button" class="chakra-button css-mudsm6" data-testid="atc-button"><svg stroke="currentColor" fill="currentColor" stroke-width="0" viewBox="0 0 24 24" focusable="false" class="chakra-icon css-1g3sp7a" data-testid="btn-icon" aria-hidden="true" height="1em" width="1em" xmlns="http://www.w3.org/2000/svg"><path d="M19 13h-6v6h-2v-6H5v-2h6V5h2v6h6v2z"></path></svg><span class="css-idkz9h">Add Lunch Mate Ham Lunch Kit to cart</span></button></div></div></div></div></div></div><div class="css-0"><div class="css-f5i5wc"><div class="chakra-linkbox css-vhnn8v"><div data-testid="product-image" class="css-16dr4ly"><img alt="Schneider Lunch Mate Turkey Lunch Kit 90 g, $3.88/100g" src="https://assets.shop.loblaws.ca/products/21309931/b3/en/front/21309931_front_a06_@2.png" srcset="https://assets.shop.loblaws.ca/products/21309931/b3/en/front/21309931_front_a06_@2.png 1x, https://assets.shop.loblaws.ca/products/21309931/b3/en/front/21309931_front_a06_@2.png 2x" loading="lazy" class="chakra-image css-oguq8l" aria-hidden="true"></div><div class="css-qoklea"><div class="css-12dchmx"></div><div data-testid="price-product-tile" class="css-8atqhb"><p class="chakra-text css-0"><span class="chakra-text css-pwnbcb" data-testid="regular-price"><span class="css-idkz9h">$3.49</span>$3.49</span></p></div><a href="/lunch-mate-turkey-lunch-kit/p/21309931_EA?source=nspt" class="chakra-linkbox__overlay css-1hnz6hu"><div class="css-0"><p class="chakra-text css-1ecdp9w" data-testid="product-brand">Schneider</p><h3 class="chakra-heading css-6qrhwc" id="21309931_EA" data-testid="product-title">Lunch Mate Turkey Lunch Kit</h3><p class="chakra-text css-1yftjin" data-testid="product-package-size">90 g, $3.88/100g</p></div></a><div class="css-8keand"></div></div><div class="css-1q5omjq"><div class="css-fcebb8"><div data-testid="atc-compact" class="css-y94ivq" style="width: 45px;"><button type="button" class="chakra-button css-mudsm6" data-testid="atc-button"><svg stroke="currentColor" fill="currentColor" stroke-width="0" viewBox="0 0 24 24" focusable="false" class="chakra-icon css-1g3sp7a" data-testid="btn-icon" aria-hidden="true" height="1em" width="1em" xmlns="http://www.w3.org/2000/svg"><path d="M19 13h-6v6h-2v-6H5v-2h6V5h2v6h6v2z"></path></svg><span class="css-idkz9h">Add Lunch Mate Turkey Lunch Kit to cart</span></button></div></div></div></div></div></div><div class="css-0"><div class="css-f5i5wc"><div class="chakra-linkbox css-vhnn8v"><div data-testid="product-image" class="css-16dr4ly"><img alt="Schneider Lunch Mate Pizza Pepperoni Lunch Kit 120 g, $2.91/100g" src="https://assets.shop.loblaws.ca/products/21215532/b3/en/front/21215532_front_a06_@2.png" srcset="https://assets.shop.loblaws.ca/products/21215532/b3/en/front/21215532_front_a06_@2.png 1x, https://assets.shop.loblaws.ca/products/21215532/b3/en/front/21215532_front_a06_@2.png 2x" loading="lazy" class="chakra-image css-oguq8l" aria-hidden="true"></div><div class="css-qoklea"><div class="css-12dchmx"></div><div data-testid="price-product-tile" class="css-8atqhb"><p class="chakra-text css-0"><span class="chakra-text css-pwnbcb" data-testid="regular-price"><span class="css-idkz9h">$3.49</span>$3.49</span></p></div><a href="/lunch-mate-pizza-pepperoni-lunch-kit/p/21215532_EA?source=nspt" class="chakra-linkbox__overlay css-1hnz6hu"><div class="css-0"><p class="chakra-text css-1ecdp9w" data-testid="product-brand">Schneider</p><h3 class="chakra-heading css-6qrhwc" id="21215532_EA" data-testid="product-title">Lunch Mate Pizza Pepperoni Lunch Kit</h3><p class="chakra-text css-1yftjin" data-testid="product-package-size">120 g, $2.91/100g</p></div></a><div class="css-8keand"></div></div><div class="css-1q5omjq"><div class="css-fcebb8"><div data-testid="atc-compact" class="css-y94ivq" style="width: 45px;"><button type="button" class="chakra-button css-mudsm6" data-testid="atc-button"><svg stroke="currentColor" fill="currentColor" stroke-width="0" viewBox="0 0 24 24" focusable="false" class="chakra-icon css-1g3sp7a" data-testid="btn-icon" aria-hidden="true" height="1em" width="1em" xmlns="http://www.w3.org/2000/svg"><path d="M19 13h-6v6h-2v-6H5v-2h6V5h2v6h6v2z"></path></svg><span class="css-idkz9h">Add Lunch Mate Pizza Pepperoni Lunch Kit to cart</span></button></div></div></div></div></div></div><div class="css-0"><div class="css-f5i5wc"><div class="chakra-linkbox css-vhnn8v"><div data-testid="product-image" class="css-16dr4ly"><img alt="Schneider Lunch Mate Two Cheese Pizza Lunch Kit 120 g, $2.91/100g" src="https://assets.shop.loblaws.ca/products/21215531/b3/en/front/21215531_front_a06_@2.png" srcset="https://assets.shop.loblaws.ca/products/21215531/b3/en/front/21215531_front_a06_@2.png 1x, https://assets.shop.loblaws.ca/products/21215531/b3/en/front/21215531_front_a06_@2.png 2x" loading="lazy" class="chakra-image css-oguq8l" aria-hidden="true"></div><div class="css-qoklea"><div class="css-12dchmx"></div><div data-testid="price-product-tile" class="css-8atqhb"><p class="chakra-text css-0"><span class="chakra-text css-pwnbcb" data-testid="regular-price"><span class="css-idkz9h">$3.49</span>$3.49</span></p></div><a href="/lunch-mate-two-cheese-pizza-lunch-kit/p/21215531_EA?source=nspt" class="chakra-linkbox__overlay css-1hnz6hu"><div class="css-0"><p class="chakra-text css-1ecdp9w" data-testid="product-brand">Schneider</p><h3 class="chakra-heading css-6qrhwc" id="21215531_EA" data-testid="product-title">Lunch Mate Two Cheese Pizza Lunch Kit</h3><p class="chakra-text css-1yftjin" data-testid="product-package-size">120 g, $2.91/100g</p></div></a><div class="css-8keand"></div></div><div class="css-1q5omjq"><div class="css-fcebb8"><div data-testid="atc-compact" class="css-y94ivq" style="width: 45px;"><button type="button" class="chakra-button css-mudsm6" data-testid="atc-button"><svg stroke="currentColor" fill="currentColor" stroke-width="0" viewBox="0 0 24 24" focusable="false" class="chakra-icon css-1g3sp7a" data-testid="btn-icon" aria-hidden="true" height="1em" width="1em" xmlns="http://www.w3.org/2000/svg"><path d="M19 13h-6v6h-2v-6H5v-2h6V5h2v6h6v2z"></path></svg><span class="css-idkz9h">Add Lunch Mate Two Cheese Pizza Lunch Kit to cart</span></button></div></div></div></div></div></div><div class="css-0"><div class="css-f5i5wc"><div class="chakra-linkbox css-vhnn8v"><div data-testid="product-image" class="css-16dr4ly"><img alt="Schneider Lunch Mate Bologna Lunch Kit 90 g, $3.88/100g" src="https://assets.shop.loblaws.ca/products/21310081/b3/en/front/21310081_front_a06_@2.png" srcset="https://assets.shop.loblaws.ca/products/21310081/b3/en/front/21310081_front_a06_@2.png 1x, https://assets.shop.loblaws.ca/products/21310081/b3/en/front/21310081_front_a06_@2.png 2x" loading="lazy" class="chakra-image css-oguq8l" aria-hidden="true"></div><div class="css-qoklea"><div class="css-12dchmx"></div><div data-testid="price-product-tile" class="css-8atqhb"><p class="chakra-text css-0"><span class="chakra-text css-pwnbcb" data-testid="regular-price"><span class="css-idkz9h">$3.49</span>$3.49</span></p></div><a href="/lunch-mate-bologna-lunch-kit/p/21310081_EA?source=nspt" class="chakra-linkbox__overlay css-1hnz6hu"><div class="css-0"><p class="chakra-text css-1ecdp9w" data-testid="product-brand">Schneider</p><h3 class="chakra-heading css-6qrhwc" id="21310081_EA" data-testid="product-title">Lunch Mate Bologna Lunch Kit</h3><p class="chakra-text css-1yftjin" data-testid="product-package-size">90 g, $3.88/100g</p></div></a><div class="css-8keand"></div></div><div class="css-1q5omjq"><div class="css-fcebb8"><div data-testid="atc-compact" class="css-y94ivq" style="width: 45px;"><button type="button" class="chakra-button css-mudsm6" data-testid="atc-button"><svg stroke="currentColor" fill="currentColor" stroke-width="0" viewBox="0 0 24 24" focusable="false" class="chakra-icon css-1g3sp7a" data-testid="btn-icon" aria-hidden="true" height="1em" width="1em" xmlns="http://www.w3.org/2000/svg"><path d="M19 13h-6v6h-2v-6H5v-2h6V5h2v6h6v2z"></path></svg><span class="css-idkz9h">Add Lunch Mate Bologna Lunch Kit to cart</span></button></div></div></div></div></div></div><div class="css-0"><div class="css-f5i5wc"><div class="chakra-linkbox css-vhnn8v"><div data-testid="product-image" class="css-16dr4ly"><img alt="Schneider Lunch Mate Hot Dogs Lunch Kit 105 g, $3.32/100g" src="https://assets.shop.loblaws.ca/products/20165736/b3/en/front/20165736_front_a06_@2.png" srcset="https://assets.shop.loblaws.ca/products/20165736/b3/en/front/20165736_front_a06_@2.png 1x, https://assets.shop.loblaws.ca/products/20165736/b3/en/front/20165736_front_a06_@2.png 2x" loading="lazy" class="chakra-image css-oguq8l" aria-hidden="true"></div><div class="css-qoklea"><div class="css-12dchmx"></div><div data-testid="price-product-tile" class="css-8atqhb"><p class="chakra-text css-0"><span class="chakra-text css-pwnbcb" data-testid="regular-price"><span class="css-idkz9h">$3.49</span>$3.49</span></p></div><a href="/lunch-mate-hot-dogs-lunch-kit/p/20165736_EA?source=nspt" class="chakra-linkbox__overlay css-1hnz6hu"><div class="css-0"><p class="chakra-text css-1ecdp9w" data-testid="product-brand">Schneider</p><h3 class="chakra-heading css-6qrhwc" id="20165736_EA" data-testid="product-title">Lunch Mate Hot Dogs Lunch Kit</h3><p class="chakra-text css-1yftjin" data-testid="product-package-size">105 g, $3.32/100g</p></div></a><div class="css-8keand"></div></div><div class="css-1q5omjq"><div class="css-fcebb8"><div data-testid="atc-compact" class="css-y94ivq" style="width: 45px;"><button type="button" class="chakra-button css-mudsm6" data-testid="atc-button"><svg stroke="currentColor" fill="currentColor" stroke-width="0" viewBox="0 0 24 24" focusable="false" class="chakra-icon css-1g3sp7a" data-testid="btn-icon" aria-hidden="true" height="1em" width="1em" xmlns="http://www.w3.org/2000/svg"><path d="M19 13h-6v6h-2v-6H5v-2h6V5h2v6h6v2z"></path></svg><span class="css-idkz9h">Add Lunch Mate Hot Dogs Lunch Kit to cart</span></button></div></div></div></div></div></div><div class="css-0"><div class="css-f5i5wc"><div class="chakra-linkbox css-vhnn8v"><div data-testid="product-image" class="css-16dr4ly"><img alt="Schneider Lunch Mate Kielbassa Lunch Kit 90 g, $3.88/100g" src="https://assets.shop.loblaws.ca/products/21310030/b3/en/front/21310030_front_a06_@2.png" srcset="https://assets.shop.loblaws.ca/products/21310030/b3/en/front/21310030_front_a06_@2.png 1x, https://assets.shop.loblaws.ca/products/21310030/b3/en/front/21310030_front_a06_@2.png 2x" loading="lazy" class="chakra-image css-oguq8l" aria-hidden="true"></div><div class="css-qoklea"><div class="css-12dchmx"></div><div data-testid="price-product-tile" class="css-8atqhb"><p class="chakra-text css-0"><span class="chakra-text css-pwnbcb" data-testid="regular-price"><span class="css-idkz9h">$3.49</span>$3.49</span></p></div><a href="/lunch-mate-kielbassa-lunch-kit/p/21310030_EA?source=nspt" class="chakra-linkbox__overlay css-1hnz6hu"><div class="css-0"><p class="chakra-text css-1ecdp9w" data-testid="product-brand">Schneider</p><h3 class="chakra-heading css-6qrhwc" id="21310030_EA" data-testid="product-title">Lunch Mate Kielbassa Lunch Kit</h3><p class="chakra-text css-1yftjin" data-testid="product-package-size">90 g, $3.88/100g</p></div></a><div class="css-8keand"></div></div><div class="css-1q5omjq"><div class="css-fcebb8"><div data-testid="atc-compact" class="css-y94ivq" style="width: 45px;"><button type="button" class="chakra-button css-mudsm6" data-testid="atc-button"><svg stroke="currentColor" fill="currentColor" stroke-width="0" viewBox="0 0 24 24" focusable="false" class="chakra-icon css-1g3sp7a" data-testid="btn-icon" aria-hidden="true" height="1em" width="1em" xmlns="http://www.w3.org/2000/svg"><path d="M19 13h-6v6h-2v-6H5v-2h6V5h2v6h6v2z"></path></svg><span class="css-idkz9h">Add Lunch Mate Kielbassa Lunch Kit to cart</span></button></div></div></div></div></div></div><div class="css-0"><div class="css-f5i5wc"><div class="chakra-linkbox css-vhnn8v"><div data-testid="product-image" class="css-16dr4ly"><img alt="Schneider Dry Cured Genoa Salami Snack Kit 75 g, $5.32/100g" src="https://assets.shop.loblaws.ca/products/21120967/b3/en/front/21120967_front_a06_@2.png" srcset="https://assets.shop.loblaws.ca/products/21120967/b3/en/front/21120967_front_a06_@2.png 1x, https://assets.shop.loblaws.ca/products/21120967/b3/en/front/21120967_front_a06_@2.png 2x" loading="lazy" class="chakra-image css-oguq8l" aria-hidden="true"></div><div class="css-qoklea"><div class="css-12dchmx"></div><div data-testid="price-product-tile" class="css-8atqhb"><p class="chakra-text css-0"><span class="chakra-text css-pwnbcb" data-testid="regular-price"><span class="css-idkz9h">$3.99</span>$3.99</span></p></div><a href="/dry-cured-genoa-salami-snack-kit/p/21120967_EA?source=nspt" class="chakra-linkbox__overlay css-1hnz6hu"><div class="css-0"><p class="chakra-text css-1ecdp9w" data-testid="product-brand">Schneider</p><h3 class="chakra-heading css-6qrhwc" id="21120967_EA" data-testid="product-title">Dry Cured Genoa Salami Snack Kit</h3><p class="chakra-text css-1yftjin" data-testid="product-package-size">75 g, $5.32/100g</p></div></a><div class="css-8keand"></div></div><div class="css-1q5omjq"><div class="css-fcebb8"><div data-testid="atc-compact" class="css-y94ivq" style="width: 45px;"><button type="button" class="chakra-button css-mudsm6" data-testid="atc-button"><svg stroke="currentColor" fill="currentColor" stroke-width="0" viewBox="0 0 24 24" focusable="false" class="chakra-icon css-1g3sp7a" data-testid="btn-icon" aria-hidden="true" height="1em" width="1em" xmlns="http://www.w3.org/2000/svg"><path d="M19 13h-6v6h-2v-6H5v-2h6V5h2v6h6v2z"></path></svg><span class="css-idkz9h">Add Dry Cured Genoa Salami Snack Kit to cart</span></button></div></div></div></div></div></div><div class="css-0"><div class="css-f5i5wc"><div class="chakra-linkbox css-vhnn8v"><div data-testid="product-image" class="css-16dr4ly"><img alt="Schneider Dry Cured Italian Dry Salami Snack Kit 75 g, $5.32/100g" src="https://assets.shop.loblaws.ca/products/21120891/b3/en/front/21120891_front_a06_@2.png" srcset="https://assets.shop.loblaws.ca/products/21120891/b3/en/front/21120891_front_a06_@2.png 1x, https://assets.shop.loblaws.ca/products/21120891/b3/en/front/21120891_front_a06_@2.png 2x" loading="lazy" class="chakra-image css-oguq8l" aria-hidden="true"></div><div class="css-qoklea"><div class="css-12dchmx"></div><div data-testid="price-product-tile" class="css-8atqhb"><p class="chakra-text css-0"><span class="chakra-text css-pwnbcb" data-testid="regular-price"><span class="css-idkz9h">$3.99</span>$3.99</span></p></div><a href="/dry-cured-italian-dry-salami-snack-kit/p/21120891_EA?source=nspt" class="chakra-linkbox__overlay css-1hnz6hu"><div class="css-0"><p class="chakra-text css-1ecdp9w" data-testid="product-brand">Schneider</p><h3 class="chakra-heading css-6qrhwc" id="21120891_EA" data-testid="product-title">Dry Cured Italian Dry Salami Snack Kit</h3><p class="chakra-text css-1yftjin" data-testid="product-package-size">75 g, $5.32/100g</p></div></a><div class="css-8keand"></div></div><div class="css-1q5omjq"><div class="css-fcebb8"><div data-testid="atc-compact" class="css-y94ivq" style="width: 45px;"><button type="button" class="chakra-button css-mudsm6" data-testid="atc-button"><svg stroke="currentColor" fill="currentColor" stroke-width="0" viewBox="0 0 24 24" focusable="false" class="chakra-icon css-1g3sp7a" data-testid="btn-icon" aria-hidden="true" height="1em" width="1em" xmlns="http://www.w3.org/2000/svg"><path d="M19 13h-6v6h-2v-6H5v-2h6V5h2v6h6v2z"></path></svg><span class="css-idkz9h">Add Dry Cured Italian Dry Salami Snack Kit to cart</span></button></div></div><div class="css-4saf4a"><p class="chakra-text css-py8788" data-testid="inventory-badge-text">Low Stock</p></div></div></div></div></div><div class="css-0"><div class="css-f5i5wc"><div class="chakra-linkbox css-vhnn8v"><div data-testid="product-image" class="css-16dr4ly"><img alt="Schneider Lunch Mate Summer Sausage Lunch Kit 90 g, $3.88/100g" src="https://assets.shop.loblaws.ca/products/21310073/b3/en/front/21310073_front_a06_@2.png" srcset="https://assets.shop.loblaws.ca/products/21310073/b3/en/front/21310073_front_a06_@2.png 1x, https://assets.shop.loblaws.ca/products/21310073/b3/en/front/21310073_front_a06_@2.png 2x" loading="lazy" class="chakra-image css-oguq8l" aria-hidden="true"></div><div class="css-qoklea"><div class="css-12dchmx"></div><div data-testid="price-product-tile" class="css-8atqhb"><p class="chakra-text css-0"><span class="chakra-text css-pwnbcb" data-testid="regular-price"><span class="css-idkz9h">$3.49</span>$3.49</span></p></div><a href="/lunch-mate-summer-sausage-lunch-kit/p/21310073_EA?source=nspt" class="chakra-linkbox__overlay css-1hnz6hu"><div class="css-0"><p class="chakra-text css-1ecdp9w" data-testid="product-brand">Schneider</p><h3 class="chakra-heading css-6qrhwc" id="21310073_EA" data-testid="product-title">Lunch Mate Summer Sausage Lunch Kit</h3><p class="chakra-text css-1yftjin" data-testid="product-package-size">90 g, $3.88/100g</p></div></a><div class="css-8keand"></div></div><div class="css-1q5omjq"><div class="css-fcebb8"><div data-testid="atc-compact" class="css-y94ivq" style="width: 45px;"><button type="button" class="chakra-button css-mudsm6" data-testid="atc-button"><svg stroke="currentColor" fill="currentColor" stroke-width="0" viewBox="0 0 24 24" focusable="false" class="chakra-icon css-1g3sp7a" data-testid="btn-icon" aria-hidden="true" height="1em" width="1em" xmlns="http://www.w3.org/2000/svg"><path d="M19 13h-6v6h-2v-6H5v-2h6V5h2v6h6v2z"></path></svg><span class="css-idkz9h">Add Lunch Mate Summer Sausage Lunch Kit to cart</span></button></div></div></div></div></div></div><div class="css-0"><div class="css-f5i5wc"><div class="chakra-linkbox css-vhnn8v"><div data-testid="product-image" class="css-16dr4ly"><img alt="Schneider Lunch Mate Mini Burgers Lunch Kit 102 g, $3.42/100g" src="https://assets.shop.loblaws.ca/products/21093554/b3/en/front/21093554_front_a06_@2.png" srcset="https://assets.shop.loblaws.ca/products/21093554/b3/en/front/21093554_front_a06_@2.png 1x, https://assets.shop.loblaws.ca/products/21093554/b3/en/front/21093554_front_a06_@2.png 2x" loading="lazy" class="chakra-image css-oguq8l" aria-hidden="true"></div><div class="css-qoklea"><div class="css-12dchmx"></div><div data-testid="price-product-tile" class="css-8atqhb"><p class="chakra-text css-0"><span class="chakra-text css-pwnbcb" data-testid="regular-price"><span class="css-idkz9h">$3.49</span>$3.49</span></p></div><a href="/lunch-mate-mini-burgers-lunch-kit/p/21093554_EA?source=nspt" class="chakra-linkbox__overlay css-1hnz6hu"><div class="css-0"><p class="chakra-text css-1ecdp9w" data-testid="product-brand">Schneider</p><h3 class="chakra-heading css-6qrhwc" id="21093554_EA" data-testid="product-title">Lunch Mate Mini Burgers Lunch Kit</h3><p class="chakra-text css-1yftjin" data-testid="product-package-size">102 g, $3.42/100g</p></div></a><div class="css-8keand"></div></div><div class="css-1q5omjq"><div class="css-fcebb8"><div data-testid="atc-compact" class="css-y94ivq" style="width: 45px;"><button type="button" class="chakra-button css-mudsm6" data-testid="atc-button"><svg stroke="currentColor" fill="currentColor" stroke-width="0" viewBox="0 0 24 24" focusable="false" class="chakra-icon css-1g3sp7a" data-testid="btn-icon" aria-hidden="true" height="1em" width="1em" xmlns="http://www.w3.org/2000/svg"><path d="M19 13h-6v6h-2v-6H5v-2h6V5h2v6h6v2z"></path></svg><span class="css-idkz9h">Add Lunch Mate Mini Burgers Lunch Kit to cart</span></button></div></div></div></div></div></div><div class="css-0"><div class="css-f5i5wc"><div class="chakra-linkbox css-vhnn8v"><div data-testid="product-image" class="css-16dr4ly"><img alt="Schneider Hardwood Smoked Turkey Breast Snack Kit 75 g, $5.32/100g" src="https://assets.shop.loblaws.ca/products/21120887/b3/en/front/21120887_front_a06_@2.png" srcset="https://assets.shop.loblaws.ca/products/21120887/b3/en/front/21120887_front_a06_@2.png 1x, https://assets.shop.loblaws.ca/products/21120887/b3/en/front/21120887_front_a06_@2.png 2x" loading="lazy" class="chakra-image css-oguq8l" aria-hidden="true"></div><div class="css-qoklea"><div class="css-12dchmx"></div><div data-testid="price-product-tile" class="css-8atqhb"><p class="chakra-text css-0"><span class="chakra-text css-pwnbcb" data-testid="regular-price"><span class="css-idkz9h">$3.99</span>$3.99</span></p></div><a href="/hardwood-smoked-turkey-breast-snack-kit/p/21120887_EA?source=nspt" class="chakra-linkbox__overlay css-1hnz6hu"><div class="css-0"><p class="chakra-text css-1ecdp9w" data-testid="product-brand">Schneider</p><h3 class="chakra-heading css-6qrhwc" id="21120887_EA" data-testid="product-title">Hardwood Smoked Turkey Breast Snack Kit</h3><p class="chakra-text css-1yftjin" data-testid="product-package-size">75 g, $5.32/100g</p></div></a><div class="css-8keand"></div></div><div class="css-1q5omjq"><div class="css-fcebb8"><div data-testid="atc-compact" class="css-y94ivq" style="width: 45px;"><button type="button" class="chakra-button css-mudsm6" data-testid="atc-button"><svg stroke="currentColor" fill="currentColor" stroke-width="0" viewBox="0 0 24 24" focusable="false" class="chakra-icon css-1g3sp7a" data-testid="btn-icon" aria-hidden="true" height="1em" width="1em" xmlns="http://www.w3.org/2000/svg"><path d="M19 13h-6v6h-2v-6H5v-2h6V5h2v6h6v2z"></path></svg><span class="css-idkz9h">Add Hardwood Smoked Turkey Breast Snack Kit to cart</span></button></div></div></div></div></div></div><div class="css-0"><div class="css-f5i5wc"><div class="chakra-linkbox css-vhnn8v"><div data-testid="product-image" class="css-16dr4ly"><img alt="Schneider Lunch Mate Nachos with Cheddar Cheese &amp; Salsa Lunch Kit 98 g, $3.56/100g" src="https://assets.shop.loblaws.ca/products/21093506/b3/en/front/21093506_front_a06_@2.png" srcset="https://assets.shop.loblaws.ca/products/21093506/b3/en/front/21093506_front_a06_@2.png 1x, https://assets.shop.loblaws.ca/products/21093506/b3/en/front/21093506_front_a06_@2.png 2x" loading="lazy" class="chakra-image css-oguq8l" aria-hidden="true"></div><div class="css-qoklea"><div class="css-12dchmx"></div><div data-testid="price-product-tile" class="css-8atqhb"><p class="chakra-text css-0"><span class="chakra-text css-pwnbcb" data-testid="regular-price"><span class="css-idkz9h">$3.49</span>$3.49</span></p></div><a href="/lunch-mate-nachos-with-cheddar-cheese-salsa-lunch/p/21093506_EA?source=nspt" class="chakra-linkbox__overlay css-1hnz6hu"><div class="css-0"><p class="chakra-text css-1ecdp9w" data-testid="product-brand">Schneider</p><h3 class="chakra-heading css-6qrhwc" id="21093506_EA" data-testid="product-title">Lunch Mate Nachos with Cheddar Cheese &amp; Salsa Lunch Kit</h3><p class="chakra-text css-1yftjin" data-testid="product-package-size">98 g, $3.56/100g</p></div></a><div class="css-8keand"></div></div><div class="css-1q5omjq"><div class="css-fcebb8"><div data-testid="atc-compact" class="css-y94ivq" style="width: 45px;"><button type="button" class="chakra-button css-mudsm6" data-testid="atc-button"><svg stroke="currentColor" fill="currentColor" stroke-width="0" viewBox="0 0 24 24" focusable="false" class="chakra-icon css-1g3sp7a" data-testid="btn-icon" aria-hidden="true" height="1em" width="1em" xmlns="http://www.w3.org/2000/svg"><path d="M19 13h-6v6h-2v-6H5v-2h6V5h2v6h6v2z"></path></svg><span class="css-idkz9h">Add Lunch Mate Nachos with Cheddar Cheese &amp; Salsa Lunch Kit to cart</span></button></div></div></div></div></div></div></div>