<div data-testid="product-grid" class="css-epcqr3"><div class="css-0"><div class="css-f5i5wc"><div class="chakra-linkbox css-vhnn8v"><div data-testid="product-image" class="css-16dr4ly"><img alt="Starbucks Medium Roast Iced Coffee 1.42 l, $0.55/100ml" src="https://assets.shop.loblaws.ca/products/21215530/b3/en/front/21215530_front_a06_@2.png" srcset="https://assets.shop.loblaws.ca/products/21215530/b3/en/front/21215530_front_a06_@2.png 1x, https://assets.shop.loblaws.ca/products/21215530/b3/en/front/21215530_front_a06_@2.png 2x" loading="lazy" class="chakra-image css-oguq8l" aria-hidden="true"></div><div class="css-qoklea"><div class="css-12dchmx"></div><div data-testid="price-product-tile" class="css-8atqhb"><p class="chakra-text css-0"><span class="chakra-text css-pwnbcb" data-testid="regular-price"><span class="css-idkz9h">$7.79</span>$7.79</span></p></div><a href="/medium-roast-iced-coffee/p/21215530_EA?source=nspt" class="chakra-linkbox__overlay css-1hnz6hu"><div class="css-0"><p class="chakra-text css-1ecdp9w" data-testid="product-brand">Starbucks</p><h3 class="chakra-heading css-6qrhwc" id="21215530_EA" data-testid="product-title">Medium Roast Iced Coffee</h3><p class="chakra-text css-1yftjin" data-testid="product-package-size">1.42 l, $0.55/100ml</p></div></a><div class="css-8keand"></div></div><div class="css-1q5omjq"><div class="css-fcebb8"><div data-testid="atc-compact" class="css-y94ivq" style="width: 45px;"><button type="button" class="chakra-button css-mudsm6" data-testid="atc-button"><svg stroke="currentColor" fill="currentColor" stroke-width="0" viewBox="0 0 24 24" focusable="false" class="chakra-icon css-1g3sp7a" data-testid="btn-icon" aria-hidden="true" height="1em" width="1em" xmlns="http://www.w3.org/2000/svg"><path d="M19 13h-6v6h-2v-6H5v-2h6V5h2v6h6v2z"></path></svg><span class="css-idkz9h">Add Medium Roast Iced Coffee to cart</span></button></div></div></div></div></div></div><div class="css-0"><div class="css-f5i5wc"><div class="chakra-linkbox css-vhnn8v"><div data-testid="product-image" class="css-16dr4ly"><img alt="Starbucks Blonde Roast Iced Coffee 1.42 l, $0.55/100ml" src="https://assets.shop.loblaws.ca/products/21215527/b3/en/front/21215527_front_a06_@2.png" srcset="https://assets.shop.loblaws.ca/products/21215527/b3/en/front/21215527_front_a06_@2.png 1x, https://assets.shop.loblaws.ca/products/21215527/b3/en/front/21215527_front_a06_@2.png 2x" loading="lazy" class="chakra-image css-oguq8l" aria-hidden="true"></div><div class="css-qoklea"><div class="css-12dchmx"></div><div data-testid="price-product-tile" class="css-8atqhb"><p class="chakra-text css-0"><span class="chakra-text css-pwnbcb" data-testid="regular-price"><span class="css-idkz9h">$7.79</span>$7.79</span></p></div><a href="/blonde-roast-iced-coffee/p/21215527_EA?source=nspt" class="chakra-linkbox__overlay css-1hnz6hu"><div class="css-0"><p class="chakra-text css-1ecdp9w" data-testid="product-brand">Starbucks</p><h3 class="chakra-heading css-6qrhwc" id="21215527_EA" data-testid="product-title">Blonde Roast Iced Coffee</h3><p class="chakra-text css-1yftjin" data-testid="product-package-size">1.42 l, $0.55/100ml</p></div></a><div class="css-8keand"></div></div><div class="css-1q5omjq"><div class="css-fcebb8"><div data-testid="atc-compact" class="css-y94ivq" style="width: 45px;"><button type="button" class="chakra-button css-mudsm6" data-testid="atc-button"><svg stroke="currentColor" fill="currentColor" stroke-width="0" viewBox="0 0 24 24" focusable="false" class="chakra-icon css-1g3sp7a" data-testid="btn-icon" aria-hidden="true" height="1em" width="1em" xmlns="http://www.w3.org/2000/svg"><path d="M19 13h-6v6h-2v-6H5v-2h6V5h2v6h6v2z"></path></svg><span class="css-idkz9h">Add Blonde Roast Iced Coffee to cart</span></button></div></div></div></div></div></div><div class="css-0"><div class="css-f5i5wc"><div class="chakra-linkbox css-vhnn8v"><div data-testid="product-image" class="css-16dr4ly"><img alt="Nestea Zero Iced Tea, Lemon    12x341.0 ml, $0.18/100ml" src="https://assets.shop.loblaws.ca/products/20320646002/b3/en/front/20320646002_front_a06_@2.png" srcset="https://assets.shop.loblaws.ca/products/20320646002/b3/en/front/20320646002_front_a06_@2.png 1x, https://assets.shop.loblaws.ca/products/20320646002/b3/en/front/20320646002_front_a06_@2.png 2x" loading="lazy" class="chakra-image css-oguq8l" aria-hidden="true"></div><div class="css-qoklea"><div class="css-12dchmx"></div><div data-testid="price-product-tile" class="css-8atqhb"><p class="chakra-text css-0"><span class="chakra-text css-pwnbcb" data-testid="regular-price"><span class="css-idkz9h">$7.49</span>$7.49</span></p></div><a href="/zero-iced-tea-lemon/p/20320646002_C12?source=nspt" class="chakra-linkbox__overlay css-1hnz6hu"><div class="css-0"><p class="chakra-text css-1ecdp9w" data-testid="product-brand">Nestea</p><h3 class="chakra-heading css-6qrhwc" id="20320646002_C12" data-testid="product-title">Zero Iced Tea, Lemon   </h3><p class="chakra-text css-1yftjin" data-testid="product-package-size">12x341.0 ml, $0.18/100ml</p></div></a><div class="css-8keand"></div></div><div class="css-1q5omjq"><div class="css-fcebb8"><div data-testid="atc-compact" class="css-y94ivq" style="width: 45px;"><button type="button" class="chakra-button css-mudsm6" data-testid="atc-button"><svg stroke="currentColor" fill="currentColor" stroke-width="0" viewBox="0 0 24 24" focusable="false" class="chakra-icon css-1g3sp7a" data-testid="btn-icon" aria-hidden="true" height="1em" width="1em" xmlns="http://www.w3.org/2000/svg"><path d="M19 13h-6v6h-2v-6H5v-2h6V5h2v6h6v2z"></path></svg><span class="css-idkz9h">Add Zero Iced Tea, Lemon    to cart</span></button></div></div></div></div></div></div><div class="css-0"><div class="css-f5i5wc"><div class="chakra-linkbox css-vhnn8v"><div data-testid="product-image" class="css-16dr4ly"><img alt="Nestea Lemon Tea, Cartons 10 Pack 10x200.0 ml, $0.20/100ml" src="https://assets.shop.loblaws.ca/products/20276002/b3/en/front/20276002_front_a06_@2.png" srcset="https://assets.shop.loblaws.ca/products/20276002/b3/en/front/20276002_front_a06_@2.png 1x, https://assets.shop.loblaws.ca/products/20276002/b3/en/front/20276002_front_a06_@2.png 2x" loading="lazy" class="chakra-image css-oguq8l" aria-hidden="true"></div><div class="css-qoklea"><div class="css-12dchmx"></div><div data-testid="price-product-tile" class="css-8atqhb"><p class="chakra-text css-0"><span class="chakra-text css-pwnbcb" data-testid="regular-price"><span class="css-idkz9h">$3.99</span>$3.99</span></p></div><a href="/lemon-tea-cartons-10-pack/p/20276002_EA?source=nspt" class="chakra-linkbox__overlay css-1hnz6hu"><div class="css-0"><p class="chakra-text css-1ecdp9w" data-testid="product-brand">Nestea</p><h3 class="chakra-heading css-6qrhwc" id="20276002_EA" data-testid="product-title">Lemon Tea, Cartons 10 Pack</h3><p class="chakra-text css-1yftjin" data-testid="product-package-size">10x200.0 ml, $0.20/100ml</p></div></a><div class="css-8keand"></div></div><div class="css-1q5omjq"><div class="css-fcebb8"><div data-testid="atc-compact" class="css-y94ivq" style="width: 45px;"><button type="button" class="chakra-button css-mudsm6" data-testid="atc-button"><svg stroke="currentColor" fill="currentColor" stroke-width="0" viewBox="0 0 24 24" focusable="false" class="chakra-icon css-1g3sp7a" data-testid="btn-icon" aria-hidden="true" height="1em" width="1em" xmlns="http://www.w3.org/2000/svg"><path d="M19 13h-6v6h-2v-6H5v-2h6V5h2v6h6v2z"></path></svg><span class="css-idkz9h">Add Lemon Tea, Cartons 10 Pack to cart</span></button></div></div></div></div></div></div><div class="css-0"><div class="css-f5i5wc"><div class="chakra-linkbox css-vhnn8v"><div data-testid="product-image" class="css-16dr4ly"><img alt="Pure Leaf Lemon Iced Tea 1.75 l, $0.25/100ml" src="https://assets.shop.loblaws.ca/products/20755752002/b3/en/front/20755752002_front_a06_@2.png" srcset="https://assets.shop.loblaws.ca/products/20755752002/b3/en/front/20755752002_front_a06_@2.png 1x, https://assets.shop.loblaws.ca/products/20755752002/b3/en/front/20755752002_front_a06_@2.png 2x" loading="lazy" class="chakra-image css-oguq8l" aria-hidden="true"></div><div class="css-qoklea"><div class="css-12dchmx"></div><div data-testid="price-product-tile" class="css-8atqhb"><p class="chakra-text css-0"><span class="chakra-text css-pwnbcb" data-testid="regular-price"><span class="css-idkz9h">$4.29</span>$4.29</span></p></div><a href="/lemon-iced-tea/p/20755752002_EA?source=nspt" class="chakra-linkbox__overlay css-1hnz6hu"><div class="css-0"><p class="chakra-text css-1ecdp9w" data-testid="product-brand">Pure Leaf</p><h3 class="chakra-heading css-6qrhwc" id="20755752002_EA" data-testid="product-title">Lemon Iced Tea</h3><p class="chakra-text css-1yftjin" data-testid="product-package-size">1.75 l, $0.25/100ml</p></div></a><div class="css-8keand"></div></div><div class="css-1q5omjq"><div class="css-fcebb8"><div data-testid="atc-compact" class="css-y94ivq" style="width: 45px;"><button type="button" class="chakra-button css-mudsm6" data-testid="atc-button"><svg stroke="currentColor" fill="currentColor" stroke-width="0" viewBox="0 0 24 24" focusable="false" class="chakra-icon css-1g3sp7a" data-testid="btn-icon" aria-hidden="true" height="1em" width="1em" xmlns="http://www.w3.org/2000/svg"><path d="M19 13h-6v6h-2v-6H5v-2h6V5h2v6h6v2z"></path></svg><span class="css-idkz9h">Add Lemon Iced Tea to cart</span></button></div></div></div></div></div></div><div class="css-0"><div class="css-f5i5wc"><div class="chakra-linkbox css-vhnn8v"><div data-testid="product-image" class="css-16dr4ly"><img alt="President's Choice Diet Lemon Iced Tea  12x355.0 ml, $0.13/100ml" src="https://assets.shop.loblaws.ca/products/20059359002/b3/en/front/20059359002_front_a06_@2.png" srcset="https://assets.shop.loblaws.ca/products/20059359002/b3/en/front/20059359002_front_a06_@2.png 1x, https://assets.shop.loblaws.ca/products/20059359002/b3/en/front/20059359002_front_a06_@2.png 2x" loading="lazy" class="chakra-image css-oguq8l" aria-hidden="true"></div><div class="css-qoklea"><div class="css-12dchmx"></div><div data-testid="price-product-tile" class="css-8atqhb"><p class="chakra-text css-0"><span class="chakra-text css-pwnbcb" data-testid="regular-price"><span class="css-idkz9h">$5.49</span>$5.49</span></p></div><a href="/diet-lemon-iced-tea/p/20059359002_C12?source=nspt" class="chakra-linkbox__overlay css-1hnz6hu"><div class="css-0"><p class="chakra-text css-1ecdp9w" data-testid="product-brand">President's Choice</p><h3 class="chakra-heading css-6qrhwc" id="20059359002_C12" data-testid="product-title">Diet Lemon Iced Tea </h3><p class="chakra-text css-1yftjin" data-testid="product-package-size">12x355.0 ml, $0.13/100ml</p></div></a><div class="css-8keand"></div></div><div class="css-1q5omjq"><div class="css-fcebb8"><div data-testid="atc-compact" class="css-y94ivq" style="width: 45px;"><button type="button" class="chakra-button css-mudsm6" data-testid="atc-button"><svg stroke="currentColor" fill="currentColor" stroke-width="0" viewBox="0 0 24 24" focusable="false" class="chakra-icon css-1g3sp7a" data-testid="btn-icon" aria-hidden="true" height="1em" width="1em" xmlns="http://www.w3.org/2000/svg"><path d="M19 13h-6v6h-2v-6H5v-2h6V5h2v6h6v2z"></path></svg><span class="css-idkz9h">Add Diet Lemon Iced Tea  to cart</span></button></div></div></div></div></div></div><div class="css-0"><div class="css-f5i5wc"><div class="chakra-linkbox css-vhnn8v"><div data-testid="product-image" class="css-16dr4ly"><img alt="President's Choice Lemon Iced Tea Naturally Flavoured 12x355.0 ml, $0.13/100ml" src="https://assets.shop.loblaws.ca/products/20324399/b3/en/front/20324399_front_a06_@2.png" srcset="https://assets.shop.loblaws.ca/products/20324399/b3/en/front/20324399_front_a06_@2.png 1x, https://assets.shop.loblaws.ca/products/20324399/b3/en/front/20324399_front_a06_@2.png 2x" loading="lazy" class="chakra-image css-oguq8l" aria-hidden="true"></div><div class="css-qoklea"><div class="css-12dchmx"></div><div data-testid="price-product-tile" class="css-8atqhb"><p class="chakra-text css-0"><span class="chakra-text css-pwnbcb" data-testid="regular-price"><span class="css-idkz9h">$5.49</span>$5.49</span></p></div><a href="/lemon-iced-tea-naturally-flavoured/p/20324399_C12?source=nspt" class="chakra-linkbox__overlay css-1hnz6hu"><div class="css-0"><p class="chakra-text css-1ecdp9w" data-testid="product-brand">President's Choice</p><h3 class="chakra-heading css-6qrhwc" id="20324399_C12" data-testid="product-title">Lemon Iced Tea Naturally Flavoured</h3><p class="chakra-text css-1yftjin" data-testid="product-package-size">12x355.0 ml, $0.13/100ml</p></div></a><div class="css-8keand"></div></div><div class="css-1q5omjq"><div class="css-fcebb8"><div data-testid="atc-compact" class="css-y94ivq" style="width: 45px;"><button type="button" class="chakra-button css-mudsm6" data-testid="atc-button"><svg stroke="currentColor" fill="currentColor" stroke-width="0" viewBox="0 0 24 24" focusable="false" class="chakra-icon css-1g3sp7a" data-testid="btn-icon" aria-hidden="true" height="1em" width="1em" xmlns="http://www.w3.org/2000/svg"><path d="M19 13h-6v6h-2v-6H5v-2h6V5h2v6h6v2z"></path></svg><span class="css-idkz9h">Add Lemon Iced Tea Naturally Flavoured to cart</span></button></div></div></div></div></div></div><div class="css-0"><div class="css-f5i5wc"><div class="chakra-linkbox css-vhnn8v"><div data-testid="product-image" class="css-16dr4ly"><img alt="Peace Tea Razzleberry Tea, Can 695 ml, $0.20/100ml" src="https://assets.shop.loblaws.ca/products/21082228/b3/en/front/21082228_front_a06_@2.png" srcset="https://assets.shop.loblaws.ca/products/21082228/b3/en/front/21082228_front_a06_@2.png 1x, https://assets.shop.loblaws.ca/products/21082228/b3/en/front/21082228_front_a06_@2.png 2x" loading="lazy" class="chakra-image css-oguq8l" aria-hidden="true"></div><div class="css-qoklea"><div class="css-12dchmx"></div><div data-testid="price-product-tile" class="css-8atqhb"><p class="chakra-text css-0"><span class="chakra-text css-pwnbcb" data-testid="regular-price"><span class="css-idkz9h">$1.39</span>$1.39</span></p></div><a href="/razzleberry-tea-can/p/21082228_EA?source=nspt" class="chakra-linkbox__overlay css-1hnz6hu"><div class="css-0"><p class="chakra-text css-1ecdp9w" data-testid="product-brand">Peace Tea</p><h3 class="chakra-heading css-6qrhwc" id="21082228_EA" data-testid="product-title">Razzleberry Tea, Can</h3><p class="chakra-text css-1yftjin" data-testid="product-package-size">695 ml, $0.20/100ml</p></div></a><div class="css-8keand"></div></div><div class="css-1q5omjq"><div class="css-fcebb8"><div data-testid="atc-compact" class="css-y94ivq" style="width: 45px;"><button type="button" class="chakra-button css-mudsm6" data-testid="atc-button"><svg stroke="currentColor" fill="currentColor" stroke-width="0" viewBox="0 0 24 24" focusable="false" class="chakra-icon css-1g3sp7a" data-testid="btn-icon" aria-hidden="true" height="1em" width="1em" xmlns="http://www.w3.org/2000/svg"><path d="M19 13h-6v6h-2v-6H5v-2h6V5h2v6h6v2z"></path></svg><span class="css-idkz9h">Add Razzleberry Tea, Can to cart</span></button></div></div></div></div></div></div><div class="css-0"><div class="css-f5i5wc"><div class="chakra-linkbox css-vhnn8v"><div data-testid="product-image" class="css-16dr4ly"><img alt="Peace Tea Peach Party Tea, Can 695 ml, $0.20/100ml" src="https://assets.shop.loblaws.ca/products/21080320/b3/en/front/21080320_front_a06_@2.png" srcset="https://assets.shop.loblaws.ca/products/21080320/b3/en/front/21080320_front_a06_@2.png 1x, https://assets.shop.loblaws.ca/products/21080320/b3/en/front/21080320_front_a06_@2.png 2x" loading="lazy" class="chakra-image css-oguq8l" aria-hidden="true"></div><div class="css-qoklea"><div class="css-12dchmx"></div><div data-testid="price-product-tile" class="css-8atqhb"><p class="chakra-text css-0"><span class="chakra-text css-pwnbcb" data-testid="regular-price"><span class="css-idkz9h">$1.39</span>$1.39</span></p></div><a href="/peach-party-tea-can/p/21080320_EA?source=nspt" class="chakra-linkbox__overlay css-1hnz6hu"><div class="css-0"><p class="chakra-text css-1ecdp9w" data-testid="product-brand">Peace Tea</p><h3 class="chakra-heading css-6qrhwc" id="21080320_EA" data-testid="product-title">Peach Party Tea, Can</h3><p class="chakra-text css-1yftjin" data-testid="product-package-size">695 ml, $0.20/100ml</p></div></a><div class="css-8keand"></div></div><div class="css-1q5omjq"><div class="css-fcebb8"><div data-testid="atc-compact" class="css-y94ivq" style="width: 45px;"><button type="button" class="chakra-button css-mudsm6" data-testid="atc-button"><svg stroke="currentColor" fill="currentColor" stroke-width="0" viewBox="0 0 24 24" focusable="false" class="chakra-icon css-1g3sp7a" data-testid="btn-icon" aria-hidden="true" height="1em" width="1em" xmlns="http://www.w3.org/2000/svg"><path d="M19 13h-6v6h-2v-6H5v-2h6V5h2v6h6v2z"></path></svg><span class="css-idkz9h">Add Peach Party Tea, Can to cart</span></button></div></div></div></div></div></div><div class="css-0"><div class="css-f5i5wc"><div class="chakra-linkbox css-vhnn8v"><div data-testid="product-image" class="css-16dr4ly"><img alt="Simply Lemonade 2.63 l, $0.26/100ml" src="https://assets.shop.loblaws.ca/products/21592203/b3/en/front/21592203_front_a06_@2.png" srcset="https://assets.shop.loblaws.ca/products/21592203/b3/en/front/21592203_front_a06_@2.png 1x, https://assets.shop.loblaws.ca/products/21592203/b3/en/front/21592203_front_a06_@2.png 2x" loading="lazy" class="chakra-image css-oguq8l" aria-hidden="true"></div><div class="css-qoklea"><div class="css-12dchmx"></div><div data-testid="price-product-tile" class="css-8atqhb"><p class="chakra-text css-0"><span class="chakra-text css-pwnbcb" data-testid="regular-price"><span class="css-idkz9h">$6.79</span>$6.79</span></p></div><a href="/lemonade/p/21592203_EA?source=nspt" class="chakra-linkbox__overlay css-1hnz6hu"><div class="css-0"><p class="chakra-text css-1ecdp9w" data-testid="product-brand">Simply</p><h3 class="chakra-heading css-6qrhwc" id="21592203_EA" data-testid="product-title">Lemonade</h3><p class="chakra-text css-1yftjin" data-testid="product-package-size">2.63 l, $0.26/100ml</p></div></a><div class="css-8keand"></div></div><div class="css-1q5omjq"><div class="css-fcebb8"><div data-testid="atc-compact" class="css-y94ivq" style="width: 45px;"><button type="button" class="chakra-button css-mudsm6" data-testid="atc-button"><svg stroke="currentColor" fill="currentColor" stroke-width="0" viewBox="0 0 24 24" focusable="false" class="chakra-icon css-1g3sp7a" data-testid="btn-icon" aria-hidden="true" height="1em" width="1em" xmlns="http://www.w3.org/2000/svg"><path d="M19 13h-6v6h-2v-6H5v-2h6V5h2v6h6v2z"></path></svg><span class="css-idkz9h">Add Lemonade to cart</span></button></div></div></div></div></div></div><div class="css-0"><div class="css-f5i5wc"><div class="chakra-linkbox css-vhnn8v"><div data-testid="product-image" class="css-16dr4ly"><img alt="Peace Tea Strawberry Lemon Tea 695 ml, $0.20/100ml" src="https://assets.shop.loblaws.ca/products/21367721/b3/en/front/21367721_front_a06_@2.png" srcset="https://assets.shop.loblaws.ca/products/21367721/b3/en/front/21367721_front_a06_@2.png 1x, https://assets.shop.loblaws.ca/products/21367721/b3/en/front/21367721_front_a06_@2.png 2x" loading="lazy" class="chakra-image css-oguq8l" aria-hidden="true"></div><div class="css-qoklea"><div class="css-12dchmx"></div><div data-testid="price-product-tile" class="css-8atqhb"><p class="chakra-text css-0"><span class="chakra-text css-pwnbcb" data-testid="regular-price"><span class="css-idkz9h">$1.39</span>$1.39</span></p></div><a href="/strawberry-lemon-tea/p/21367721_EA?source=nspt" class="chakra-linkbox__overlay css-1hnz6hu"><div class="css-0"><p class="chakra-text css-1ecdp9w" data-testid="product-brand">Peace Tea</p><h3 class="chakra-heading css-6qrhwc" id="21367721_EA" data-testid="product-title">Strawberry Lemon Tea</h3><p class="chakra-text css-1yftjin" data-testid="product-package-size">695 ml, $0.20/100ml</p></div></a><div class="css-8keand"></div></div><div class="css-1q5omjq"><div class="css-fcebb8"><div data-testid="atc-compact" class="css-y94ivq" style="width: 45px;"><button type="button" class="chakra-button css-mudsm6" data-testid="atc-button"><svg stroke="currentColor" fill="currentColor" stroke-width="0" viewBox="0 0 24 24" focusable="false" class="chakra-icon css-1g3sp7a" data-testid="btn-icon" aria-hidden="true" height="1em" width="1em" xmlns="http://www.w3.org/2000/svg"><path d="M19 13h-6v6h-2v-6H5v-2h6V5h2v6h6v2z"></path></svg><span class="css-idkz9h">Add Strawberry Lemon Tea to cart</span></button></div></div></div></div></div></div><div class="css-0"><div class="css-f5i5wc"><div class="chakra-linkbox css-vhnn8v"><div data-testid="product-image" class="css-16dr4ly"><img alt="Brisk Lemon Iced Tea 710 ml, $0.15/100ml" src="https://assets.shop.loblaws.ca/products/21082610/b3/en/front/21082610_front_a06_@2.png" srcset="https://assets.shop.loblaws.ca/products/21082610/b3/en/front/21082610_front_a06_@2.png 1x, https://assets.shop.loblaws.ca/products/21082610/b3/en/front/21082610_front_a06_@2.png 2x" loading="lazy" class="chakra-image css-oguq8l" aria-hidden="true"></div><div class="css-qoklea"><div class="css-12dchmx"></div><div data-testid="price-product-tile" class="css-8atqhb"><p class="chakra-text css-0"><span class="chakra-text css-pwnbcb" data-testid="regular-price"><span class="css-idkz9h">$1.09</span>$1.09</span></p></div><a href="/lemon-iced-tea/p/21082610_EA?source=nspt" class="chakra-linkbox__overlay css-1hnz6hu"><div class="css-0"><p class="chakra-text css-1ecdp9w" data-testid="product-brand">Brisk</p><h3 class="chakra-heading css-6qrhwc" id="21082610_EA" data-testid="product-title">Lemon Iced Tea</h3><p class="chakra-text css-1yftjin" data-testid="product-package-size">710 ml, $0.15/100ml</p></div></a><div class="css-8keand"></div></div><div class="css-1q5omjq"><div class="css-fcebb8"><div data-testid="atc-compact" class="css-y94ivq" style="width: 45px;"><button type="button" class="chakra-button css-mudsm6" data-testid="atc-button"><svg stroke="currentColor" fill="currentColor" stroke-width="0" viewBox="0 0 24 24" focusable="false" class="chakra-icon css-1g3sp7a" data-testid="btn-icon" aria-hidden="true" height="1em" width="1em" xmlns="http://www.w3.org/2000/svg"><path d="M19 13h-6v6h-2v-6H5v-2h6V5h2v6h6v2z"></path></svg><span class="css-idkz9h">Add Lemon Iced Tea to cart</span></button></div></div></div></div></div></div><div class="css-0"><div class="css-f5i5wc"><div class="chakra-linkbox css-vhnn8v"><div data-testid="product-image" class="css-16dr4ly"><img alt="Simply Lemonade with Raspberry 2.63 l, $0.26/100ml" src="https://assets.shop.loblaws.ca/products/21592098/b3/en/front/21592098_front_a06_@2.png" srcset="https://assets.shop.loblaws.ca/products/21592098/b3/en/front/21592098_front_a06_@2.png 1x, https://assets.shop.loblaws.ca/products/21592098/b3/en/front/21592098_front_a06_@2.png 2x" loading="lazy" class="chakra-image css-oguq8l" aria-hidden="true"></div><div class="css-qoklea"><div class="css-12dchmx"></div><div data-testid="price-product-tile" class="css-8atqhb"><p class="chakra-text css-0"><span class="chakra-text css-pwnbcb" data-testid="regular-price"><span class="css-idkz9h">$6.79</span>$6.79</span></p></div><a href="/lemonade-with-raspberry/p/21592098_EA?source=nspt" class="chakra-linkbox__overlay css-1hnz6hu"><div class="css-0"><p class="chakra-text css-1ecdp9w" data-testid="product-brand">Simply</p><h3 class="chakra-heading css-6qrhwc" id="21592098_EA" data-testid="product-title">Lemonade with Raspberry</h3><p class="chakra-text css-1yftjin" data-testid="product-package-size">2.63 l, $0.26/100ml</p></div></a><div class="css-8keand"></div></div><div class="css-1q5omjq"><div class="css-fcebb8"><div data-testid="atc-compact" class="css-y94ivq" style="width: 45px;"><button type="button" class="chakra-button css-mudsm6" data-testid="atc-button"><svg stroke="currentColor" fill="currentColor" stroke-width="0" viewBox="0 0 24 24" focusable="false" class="chakra-icon css-1g3sp7a" data-testid="btn-icon" aria-hidden="true" height="1em" width="1em" xmlns="http://www.w3.org/2000/svg"><path d="M19 13h-6v6h-2v-6H5v-2h6V5h2v6h6v2z"></path></svg><span class="css-idkz9h">Add Lemonade with Raspberry to cart</span></button></div></div></div></div></div></div><div class="css-0"><div class="css-f5i5wc"><div class="chakra-linkbox css-vhnn8v"><div data-testid="product-image" class="css-16dr4ly"><img alt="Peace Tea Sno-Berry 695 ml, $0.20/100ml" src="https://assets.shop.loblaws.ca/products/21162339/b3/en/front/21162339_front_a06_@2.png" srcset="https://assets.shop.loblaws.ca/products/21162339/b3/en/front/21162339_front_a06_@2.png 1x, https://assets.shop.loblaws.ca/products/21162339/b3/en/front/21162339_front_a06_@2.png 2x" loading="lazy" class="chakra-image css-oguq8l" aria-hidden="true"></div><div class="css-qoklea"><div class="css-12dchmx"></div><div data-testid="price-product-tile" class="css-8atqhb"><p class="chakra-text css-0"><span class="chakra-text css-pwnbcb" data-testid="regular-price"><span class="css-idkz9h">$1.39</span>$1.39</span></p></div><a href="/sno-berry/p/21162339_EA?source=nspt" class="chakra-linkbox__overlay css-1hnz6hu"><div class="css-0"><p class="chakra-text css-1ecdp9w" data-testid="product-brand">Peace Tea</p><h3 class="chakra-heading css-6qrhwc" id="21162339_EA" data-testid="product-title">Sno-Berry</h3><p class="chakra-text css-1yftjin" data-testid="product-package-size">695 ml, $0.20/100ml</p></div></a><div class="css-8keand"></div></div><div class="css-1q5omjq"><div class="css-fcebb8"><div data-testid="atc-compact" class="css-y94ivq" style="width: 45px;"><button type="button" class="chakra-button css-mudsm6" data-testid="atc-button"><svg stroke="currentColor" fill="currentColor" stroke-width="0" viewBox="0 0 24 24" focusable="false" class="chakra-icon css-1g3sp7a" data-testid="btn-icon" aria-hidden="true" height="1em" width="1em" xmlns="http://www.w3.org/2000/svg"><path d="M19 13h-6v6h-2v-6H5v-2h6V5h2v6h6v2z"></path></svg><span class="css-idkz9h">Add Sno-Berry to cart</span></button></div></div></div></div></div></div><div class="css-0"><div class="css-f5i5wc"><div class="chakra-linkbox css-vhnn8v"><div data-testid="product-image" class="css-16dr4ly"><img alt="Peace Tea Caddy Shack Tea, Can 695 ml, $0.20/100ml" src="https://assets.shop.loblaws.ca/products/21082235/b3/en/front/21082235_front_a06_@2.png" srcset="https://assets.shop.loblaws.ca/products/21082235/b3/en/front/21082235_front_a06_@2.png 1x, https://assets.shop.loblaws.ca/products/21082235/b3/en/front/21082235_front_a06_@2.png 2x" loading="lazy" class="chakra-image css-oguq8l" aria-hidden="true"></div><div class="css-qoklea"><div class="css-12dchmx"></div><div data-testid="price-product-tile" class="css-8atqhb"><p class="chakra-text css-0"><span class="chakra-text css-pwnbcb" data-testid="regular-price"><span class="css-idkz9h">$1.39</span>$1.39</span></p></div><a href="/caddy-shack-tea-can/p/21082235_EA?source=nspt" class="chakra-linkbox__overlay css-1hnz6hu"><div class="css-0"><p class="chakra-text css-1ecdp9w" data-testid="product-brand">Peace Tea</p><h3 class="chakra-heading css-6qrhwc" id="21082235_EA" data-testid="product-title">Caddy Shack Tea, Can</h3><p class="chakra-text css-1yftjin" data-testid="product-package-size">695 ml, $0.20/100ml</p></div></a><div class="css-8keand"></div></div><div class="css-1q5omjq"><div class="css-fcebb8"><div data-testid="atc-compact" class="css-y94ivq" style="width: 45px;"><button type="button" class="chakra-button css-mudsm6" data-testid="atc-button"><svg stroke="currentColor" fill="currentColor" stroke-width="0" viewBox="0 0 24 24" focusable="false" class="chakra-icon css-1g3sp7a" data-testid="btn-icon" aria-hidden="true" height="1em" width="1em" xmlns="http://www.w3.org/2000/svg"><path d="M19 13h-6v6h-2v-6H5v-2h6V5h2v6h6v2z"></path></svg><span class="css-idkz9h">Add Caddy Shack Tea, Can to cart</span></button></div></div></div></div></div></div><div class="css-0"><div class="css-f5i5wc"><div class="chakra-linkbox css-vhnn8v"><div data-testid="product-image" class="css-16dr4ly"><img alt="Wahaha Yogurt-Flavored Drink 4x400.0 ml, $0.57/100ml" src="https://assets.shop.loblaws.ca/products/21091972/b3/en/front/21091972_front_a06_@2.png" srcset="https://assets.shop.loblaws.ca/products/21091972/b3/en/front/21091972_front_a06_@2.png 1x, https://assets.shop.loblaws.ca/products/21091972/b3/en/front/21091972_front_a06_@2.png 2x" loading="lazy" class="chakra-image css-oguq8l" aria-hidden="true"></div><div class="css-qoklea"><div class="css-12dchmx"></div><div data-testid="price-product-tile" class="css-8atqhb"><p class="chakra-text css-0"><span class="chakra-text css-pwnbcb" data-testid="regular-price"><span class="css-idkz9h">$2.29</span>$2.29</span></p></div><a href="/yogurt-flavored-drink/p/21091972_EA?source=nspt" class="chakra-linkbox__overlay css-1hnz6hu"><div class="css-0"><p class="chakra-text css-1ecdp9w" data-testid="product-brand">Wahaha</p><h3 class="chakra-heading css-6qrhwc" id="21091972_EA" data-testid="product-title">Yogurt-Flavored Drink</h3><p class="chakra-text css-1yftjin" data-testid="product-package-size">4x400.0 ml, $0.57/100ml</p></div></a><div class="css-8keand"></div></div><div class="css-1q5omjq"><div class="css-fcebb8"><div data-testid="atc-compact" class="css-y94ivq" style="width: 45px;"><button type="button" class="chakra-button css-mudsm6" data-testid="atc-button"><svg stroke="currentColor" fill="currentColor" stroke-width="0" viewBox="0 0 24 24" focusable="false" class="chakra-icon css-1g3sp7a" data-testid="btn-icon" aria-hidden="true" height="1em" width="1em" xmlns="http://www.w3.org/2000/svg"><path d="M19 13h-6v6h-2v-6H5v-2h6V5h2v6h6v2z"></path></svg><span class="css-idkz9h">Add Yogurt-Flavored Drink to cart</span></button></div></div></div></div></div></div><div class="css-0"><div class="css-f5i5wc"><div class="chakra-linkbox css-vhnn8v"><div data-testid="product-image" class="css-16dr4ly"><img alt="Brisk Zero Lemon Iced Tea 710 ml, $0.15/100ml" src="https://assets.shop.loblaws.ca/products/21426848/b3/en/front/21426848_front_a06_@2.png" srcset="https://assets.shop.loblaws.ca/products/21426848/b3/en/front/21426848_front_a06_@2.png 1x, https://assets.shop.loblaws.ca/products/21426848/b3/en/front/21426848_front_a06_@2.png 2x" loading="lazy" class="chakra-image css-oguq8l" aria-hidden="true"></div><div class="css-qoklea"><div class="css-12dchmx"></div><div data-testid="price-product-tile" class="css-8atqhb"><p class="chakra-text css-0"><span class="chakra-text css-pwnbcb" data-testid="regular-price"><span class="css-idkz9h">$1.09</span>$1.09</span></p></div><a href="/zero-lemon-iced-tea/p/21426848_EA?source=nspt" class="chakra-linkbox__overlay css-1hnz6hu"><div class="css-0"><p class="chakra-text css-1ecdp9w" data-testid="product-brand">Brisk</p><h3 class="chakra-heading css-6qrhwc" id="21426848_EA" data-testid="product-title">Zero Lemon Iced Tea</h3><p class="chakra-text css-1yftjin" data-testid="product-package-size">710 ml, $0.15/100ml</p></div></a><div class="css-8keand"></div></div><div class="css-1q5omjq"><div class="css-fcebb8"><div data-testid="atc-compact" class="css-y94ivq" style="width: 45px;"><button disabled="" type="button" class="chakra-button css-mudsm6" data-testid="atc-button"><svg stroke="currentColor" fill="currentColor" stroke-width="0" viewBox="0 0 24 24" focusable="false" class="chakra-icon css-1g3sp7a" data-testid="btn-icon" aria-hidden="true" height="1em" width="1em" xmlns="http://www.w3.org/2000/svg"><path d="M19 13h-6v6h-2v-6H5v-2h6V5h2v6h6v2z"></path></svg><span class="css-idkz9h">Add Zero Lemon Iced Tea to cart</span></button></div></div><div class="css-4saf4a"><p class="chakra-text css-py8788" data-testid="inventory-badge-text">Out of Stock</p></div></div></div></div></div><div class="css-0"><div class="css-f5i5wc"><div class="chakra-linkbox css-vhnn8v"><div data-testid="product-image" class="css-16dr4ly"><img alt="Pure Leaf Raspberry Iced Tea 1.75 l, $0.25/100ml" src="https://assets.shop.loblaws.ca/products/20755752001/b3/en/front/20755752001_front_a06_@2.png" srcset="https://assets.shop.loblaws.ca/products/20755752001/b3/en/front/20755752001_front_a06_@2.png 1x, https://assets.shop.loblaws.ca/products/20755752001/b3/en/front/20755752001_front_a06_@2.png 2x" loading="lazy" class="chakra-image css-oguq8l" aria-hidden="true"></div><div class="css-qoklea"><div class="css-12dchmx"></div><div data-testid="price-product-tile" class="css-8atqhb"><p class="chakra-text css-0"><span class="chakra-text css-pwnbcb" data-testid="regular-price"><span class="css-idkz9h">$4.29</span>$4.29</span></p></div><a href="/raspberry-iced-tea/p/20755752001_EA?source=nspt" class="chakra-linkbox__overlay css-1hnz6hu"><div class="css-0"><p class="chakra-text css-1ecdp9w" data-testid="product-brand">Pure Leaf</p><h3 class="chakra-heading css-6qrhwc" id="20755752001_EA" data-testid="product-title">Raspberry Iced Tea</h3><p class="chakra-text css-1yftjin" data-testid="product-package-size">1.75 l, $0.25/100ml</p></div></a><div class="css-8keand"></div></div><div class="css-1q5omjq"><div class="css-fcebb8"><div data-testid="atc-compact" class="css-y94ivq" style="width: 45px;"><button type="button" class="chakra-button css-mudsm6" data-testid="atc-button"><svg stroke="currentColor" fill="currentColor" stroke-width="0" viewBox="0 0 24 24" focusable="false" class="chakra-icon css-1g3sp7a" data-testid="btn-icon" aria-hidden="true" height="1em" width="1em" xmlns="http://www.w3.org/2000/svg"><path d="M19 13h-6v6h-2v-6H5v-2h6V5h2v6h6v2z"></path></svg><span class="css-idkz9h">Add Raspberry Iced Tea to cart</span></button></div></div></div></div></div></div><div class="css-0"><div class="css-f5i5wc"><div class="chakra-linkbox css-vhnn8v"><div data-testid="product-image" class="css-16dr4ly"><img alt="Brisk Zero Sugar Lemon 12x355.0 ml, $0.16/100ml" src="https://assets.shop.loblaws.ca/products/21587238/b3/en/front/21587238_front_a06_@2.png" srcset="https://assets.shop.loblaws.ca/products/21587238/b3/en/front/21587238_front_a06_@2.png 1x, https://assets.shop.loblaws.ca/products/21587238/b3/en/front/21587238_front_a06_@2.png 2x" loading="lazy" class="chakra-image css-oguq8l" aria-hidden="true"></div><div class="css-qoklea"><div class="css-12dchmx"></div><div data-testid="price-product-tile" class="css-8atqhb"><p class="chakra-text css-0"><span class="chakra-text css-pwnbcb" data-testid="regular-price"><span class="css-idkz9h">$6.99</span>$6.99</span></p></div><a href="/zero-sugar-lemon/p/21587238_C12?source=nspt" class="chakra-linkbox__overlay css-1hnz6hu"><div class="css-0"><p class="chakra-text css-1ecdp9w" data-testid="product-brand">Brisk</p><h3 class="chakra-heading css-6qrhwc" id="21587238_C12" data-testid="product-title">Zero Sugar Lemon</h3><p class="chakra-text css-1yftjin" data-testid="product-package-size">12x355.0 ml, $0.16/100ml</p></div></a><div class="css-8keand"></div></div><div class="css-1q5omjq"><div class="css-fcebb8"><div data-testid="atc-compact" class="css-y94ivq" style="width: 45px;"><button type="button" class="chakra-button css-mudsm6" data-testid="atc-button"><svg stroke="currentColor" fill="currentColor" stroke-width="0" viewBox="0 0 24 24" focusable="false" class="chakra-icon css-1g3sp7a" data-testid="btn-icon" aria-hidden="true" height="1em" width="1em" xmlns="http://www.w3.org/2000/svg"><path d="M19 13h-6v6h-2v-6H5v-2h6V5h2v6h6v2z"></path></svg><span class="css-idkz9h">Add Zero Sugar Lemon to cart</span></button></div></div></div></div></div></div><div class="css-0"><div class="css-f5i5wc"><div class="chakra-linkbox css-vhnn8v"><div data-testid="product-image" class="css-16dr4ly"><img alt="Minute Maid Gold Peak Iced Tea (Natural Lemon Flavour) 1.75 l, $0.26/100ml" src="https://assets.shop.loblaws.ca/products/21013891/b3/en/front/21013891_front_a06_@2.png" srcset="https://assets.shop.loblaws.ca/products/21013891/b3/en/front/21013891_front_a06_@2.png 1x, https://assets.shop.loblaws.ca/products/21013891/b3/en/front/21013891_front_a06_@2.png 2x" loading="lazy" class="chakra-image css-oguq8l" aria-hidden="true"></div><div class="css-qoklea"><div class="css-12dchmx"></div><div data-testid="price-product-tile" class="css-8atqhb"><p class="chakra-text css-0"><span class="chakra-text css-pwnbcb" data-testid="regular-price"><span class="css-idkz9h">$4.49</span>$4.49</span></p></div><a href="/gold-peak-iced-tea-natural-lemon-flavour/p/21013891_EA?source=nspt" class="chakra-linkbox__overlay css-1hnz6hu"><div class="css-0"><p class="chakra-text css-1ecdp9w" data-testid="product-brand">Minute Maid</p><h3 class="chakra-heading css-6qrhwc" id="21013891_EA" data-testid="product-title">Gold Peak Iced Tea (Natural Lemon Flavour)</h3><p class="chakra-text css-1yftjin" data-testid="product-package-size">1.75 l, $0.26/100ml</p></div></a><div class="css-8keand"></div></div><div class="css-1q5omjq"><div class="css-fcebb8"><div data-testid="atc-compact" class="css-y94ivq" style="width: 45px;"><button type="button" class="chakra-button css-mudsm6" data-testid="atc-button"><svg stroke="currentColor" fill="currentColor" stroke-width="0" viewBox="0 0 24 24" focusable="false" class="chakra-icon css-1g3sp7a" data-testid="btn-icon" aria-hidden="true" height="1em" width="1em" xmlns="http://www.w3.org/2000/svg"><path d="M19 13h-6v6h-2v-6H5v-2h6V5h2v6h6v2z"></path></svg><span class="css-idkz9h">Add Gold Peak Iced Tea (Natural Lemon Flavour) to cart</span></button></div></div></div></div></div></div><div class="css-0"><div class="css-f5i5wc"><div class="chakra-linkbox css-vhnn8v"><div data-testid="product-image" class="css-16dr4ly"><img alt="President's Choice Lemonade 12x355.0 ml, $0.13/100ml" src="https://assets.shop.loblaws.ca/products/20059359003/b3/en/front/20059359003_front_a06_@2.png" srcset="https://assets.shop.loblaws.ca/products/20059359003/b3/en/front/20059359003_front_a06_@2.png 1x, https://assets.shop.loblaws.ca/products/20059359003/b3/en/front/20059359003_front_a06_@2.png 2x" loading="lazy" class="chakra-image css-oguq8l" aria-hidden="true"></div><div class="css-qoklea"><div class="css-12dchmx"></div><div data-testid="price-product-tile" class="css-8atqhb"><p class="chakra-text css-0"><span class="chakra-text css-pwnbcb" data-testid="regular-price"><span class="css-idkz9h">$5.49</span>$5.49</span></p></div><a href="/lemonade/p/20059359003_C12?source=nspt" class="chakra-linkbox__overlay css-1hnz6hu"><div class="css-0"><p class="chakra-text css-1ecdp9w" data-testid="product-brand">President's Choice</p><h3 class="chakra-heading css-6qrhwc" id="20059359003_C12" data-testid="product-title">Lemonade</h3><p class="chakra-text css-1yftjin" data-testid="product-package-size">12x355.0 ml, $0.13/100ml</p></div></a><div class="css-8keand"></div></div><div class="css-1q5omjq"><div class="css-fcebb8"><div data-testid="atc-compact" class="css-y94ivq" style="width: 45px;"><button type="button" class="chakra-button css-mudsm6" data-testid="atc-button"><svg stroke="currentColor" fill="currentColor" stroke-width="0" viewBox="0 0 24 24" focusable="false" class="chakra-icon css-1g3sp7a" data-testid="btn-icon" aria-hidden="true" height="1em" width="1em" xmlns="http://www.w3.org/2000/svg"><path d="M19 13h-6v6h-2v-6H5v-2h6V5h2v6h6v2z"></path></svg><span class="css-idkz9h">Add Lemonade to cart</span></button></div></div></div></div></div></div><div class="css-0"><div class="css-f5i5wc"><div class="chakra-linkbox css-vhnn8v"><div data-testid="product-image" class="css-16dr4ly"><img alt="Nestea Iced Tea Natural Lemon Flavour   500 ml, $0.50/100ml" src="https://assets.shop.loblaws.ca/products/20376368002/b3/en/front/20376368002_front_a06_@2.png" srcset="https://assets.shop.loblaws.ca/products/20376368002/b3/en/front/20376368002_front_a06_@2.png 1x, https://assets.shop.loblaws.ca/products/20376368002/b3/en/front/20376368002_front_a06_@2.png 2x" loading="lazy" class="chakra-image css-oguq8l" aria-hidden="true"></div><div class="css-qoklea"><div class="css-12dchmx"></div><div data-testid="price-product-tile" class="css-8atqhb"><p class="chakra-text css-0"><span class="chakra-text css-pwnbcb" data-testid="regular-price"><span class="css-idkz9h">$2.50</span>$2.50</span></p></div><a href="/iced-tea-natural-lemon-flavour/p/20376368002_EA?source=nspt" class="chakra-linkbox__overlay css-1hnz6hu"><div class="css-0"><p class="chakra-text css-1ecdp9w" data-testid="product-brand">Nestea</p><h3 class="chakra-heading css-6qrhwc" id="20376368002_EA" data-testid="product-title">Iced Tea Natural Lemon Flavour  </h3><p class="chakra-text css-1yftjin" data-testid="product-package-size">500 ml, $0.50/100ml</p></div></a><div class="css-8keand"></div></div><div class="css-1q5omjq"><div class="css-fcebb8"><div data-testid="atc-compact" class="css-y94ivq" style="width: 45px;"><button type="button" class="chakra-button css-mudsm6" data-testid="atc-button"><svg stroke="currentColor" fill="currentColor" stroke-width="0" viewBox="0 0 24 24" focusable="false" class="chakra-icon css-1g3sp7a" data-testid="btn-icon" aria-hidden="true" height="1em" width="1em" xmlns="http://www.w3.org/2000/svg"><path d="M19 13h-6v6h-2v-6H5v-2h6V5h2v6h6v2z"></path></svg><span class="css-idkz9h">Add Iced Tea Natural Lemon Flavour   to cart</span></button></div></div></div></div></div></div><div class="css-0"><div class="css-f5i5wc"><div class="chakra-linkbox css-vhnn8v"><div data-testid="product-image" class="css-16dr4ly"><img alt="Brisk Iced Tea Blood Orange 710 ml, $0.15/100ml" src="https://assets.shop.loblaws.ca/products/21586813/b3/en/front/21586813_front_a06_@2.png" srcset="https://assets.shop.loblaws.ca/products/21586813/b3/en/front/21586813_front_a06_@2.png 1x, https://assets.shop.loblaws.ca/products/21586813/b3/en/front/21586813_front_a06_@2.png 2x" loading="lazy" class="chakra-image css-oguq8l" aria-hidden="true"></div><div class="css-qoklea"><div class="css-12dchmx"></div><div data-testid="price-product-tile" class="css-8atqhb"><p class="chakra-text css-0"><span class="chakra-text css-pwnbcb" data-testid="regular-price"><span class="css-idkz9h">$1.09</span>$1.09</span></p></div><a href="/iced-tea-blood-orange/p/21586813_EA?source=nspt" class="chakra-linkbox__overlay css-1hnz6hu"><div class="css-0"><p class="chakra-text css-1ecdp9w" data-testid="product-brand">Brisk</p><h3 class="chakra-heading css-6qrhwc" id="21586813_EA" data-testid="product-title">Iced Tea Blood Orange</h3><p class="chakra-text css-1yftjin" data-testid="product-package-size">710 ml, $0.15/100ml</p></div></a><div class="css-8keand"></div></div><div class="css-1q5omjq"><div class="css-fcebb8"><div data-testid="atc-compact" class="css-y94ivq" style="width: 45px;"><button disabled="" type="button" class="chakra-button css-mudsm6" data-testid="atc-button"><svg stroke="currentColor" fill="currentColor" stroke-width="0" viewBox="0 0 24 24" focusable="false" class="chakra-icon css-1g3sp7a" data-testid="btn-icon" aria-hidden="true" height="1em" width="1em" xmlns="http://www.w3.org/2000/svg"><path d="M19 13h-6v6h-2v-6H5v-2h6V5h2v6h6v2z"></path></svg><span class="css-idkz9h">Add Iced Tea Blood Orange to cart</span></button></div></div><div class="css-4saf4a"><p class="chakra-text css-py8788" data-testid="inventory-badge-text">Out of Stock</p></div></div></div></div></div><div class="css-0"><div class="css-f5i5wc"><div class="chakra-linkbox css-vhnn8v"><div data-testid="product-image" class="css-16dr4ly"><img alt="No Name Iced Tea 1.75 l, $0.13/100ml" src="https://assets.shop.loblaws.ca/products/20860677/b3/en/front/20860677_front_a06_@2.png" srcset="https://assets.shop.loblaws.ca/products/20860677/b3/en/front/20860677_front_a06_@2.png 1x, https://assets.shop.loblaws.ca/products/20860677/b3/en/front/20860677_front_a06_@2.png 2x" loading="lazy" class="chakra-image css-oguq8l" aria-hidden="true"></div><div class="css-qoklea"><div class="css-12dchmx"></div><div data-testid="price-product-tile" class="css-8atqhb"><p class="chakra-text css-0"><span class="chakra-text css-pwnbcb" data-testid="regular-price"><span class="css-idkz9h">$2.29</span>$2.29</span></p></div><a href="/iced-tea/p/20860677_EA?source=nspt" class="chakra-linkbox__overlay css-1hnz6hu"><div class="css-0"><p class="chakra-text css-1ecdp9w" data-testid="product-brand">No Name</p><h3 class="chakra-heading css-6qrhwc" id="20860677_EA" data-testid="product-title">Iced Tea</h3><p class="chakra-text css-1yftjin" data-testid="product-package-size">1.75 l, $0.13/100ml</p></div></a><div class="css-8keand"></div></div><div class="css-1q5omjq"><div class="css-fcebb8"><div data-testid="atc-compact" class="css-y94ivq" style="width: 45px;"><button type="button" class="chakra-button css-mudsm6" data-testid="atc-button"><svg stroke="currentColor" fill="currentColor" stroke-width="0" viewBox="0 0 24 24" focusable="false" class="chakra-icon css-1g3sp7a" data-testid="btn-icon" aria-hidden="true" height="1em" width="1em" xmlns="http://www.w3.org/2000/svg"><path d="M19 13h-6v6h-2v-6H5v-2h6V5h2v6h6v2z"></path></svg><span class="css-idkz9h">Add Iced Tea to cart</span></button></div></div></div></div></div></div><div class="css-0"><div class="css-f5i5wc"><div class="chakra-linkbox css-vhnn8v"><div data-testid="product-image" class="css-16dr4ly"><img alt="Peace Tea Mango Mood 695 ml, $0.20/100ml" src="https://assets.shop.loblaws.ca/products/21162338/b3/en/front/21162338_front_a06_@2.png" srcset="https://assets.shop.loblaws.ca/products/21162338/b3/en/front/21162338_front_a06_@2.png 1x, https://assets.shop.loblaws.ca/products/21162338/b3/en/front/21162338_front_a06_@2.png 2x" loading="lazy" class="chakra-image css-oguq8l" aria-hidden="true"></div><div class="css-qoklea"><div class="css-12dchmx"></div><div data-testid="price-product-tile" class="css-8atqhb"><p class="chakra-text css-0"><span class="chakra-text css-pwnbcb" data-testid="regular-price"><span class="css-idkz9h">$1.39</span>$1.39</span></p></div><a href="/mango-mood/p/21162338_EA?source=nspt" class="chakra-linkbox__overlay css-1hnz6hu"><div class="css-0"><p class="chakra-text css-1ecdp9w" data-testid="product-brand">Peace Tea</p><h3 class="chakra-heading css-6qrhwc" id="21162338_EA" data-testid="product-title">Mango Mood</h3><p class="chakra-text css-1yftjin" data-testid="product-package-size">695 ml, $0.20/100ml</p></div></a><div class="css-8keand"></div></div><div class="css-1q5omjq"><div class="css-fcebb8"><div data-testid="atc-compact" class="css-y94ivq" style="width: 45px;"><button type="button" class="chakra-button css-mudsm6" data-testid="atc-button"><svg stroke="currentColor" fill="currentColor" stroke-width="0" viewBox="0 0 24 24" focusable="false" class="chakra-icon css-1g3sp7a" data-testid="btn-icon" aria-hidden="true" height="1em" width="1em" xmlns="http://www.w3.org/2000/svg"><path d="M19 13h-6v6h-2v-6H5v-2h6V5h2v6h6v2z"></path></svg><span class="css-idkz9h">Add Mango Mood to cart</span></button></div></div></div></div></div></div><div class="css-0"><div class="css-f5i5wc"><div class="chakra-linkbox css-vhnn8v"><div data-testid="product-image" class="css-16dr4ly"><img alt="Brisk Blackberry Iced Tea 710 ml, $0.15/100ml" src="https://assets.shop.loblaws.ca/products/21360854/b3/en/front/21360854_front_a06_@2.png" srcset="https://assets.shop.loblaws.ca/products/21360854/b3/en/front/21360854_front_a06_@2.png 1x, https://assets.shop.loblaws.ca/products/21360854/b3/en/front/21360854_front_a06_@2.png 2x" loading="lazy" class="chakra-image css-oguq8l" aria-hidden="true"></div><div class="css-qoklea"><div class="css-12dchmx"></div><div data-testid="price-product-tile" class="css-8atqhb"><p class="chakra-text css-0"><span class="chakra-text css-pwnbcb" data-testid="regular-price"><span class="css-idkz9h">$1.09</span>$1.09</span></p></div><a href="/blackberry-iced-tea/p/21360854_EA?source=nspt" class="chakra-linkbox__overlay css-1hnz6hu"><div class="css-0"><p class="chakra-text css-1ecdp9w" data-testid="product-brand">Brisk</p><h3 class="chakra-heading css-6qrhwc" id="21360854_EA" data-testid="product-title">Blackberry Iced Tea</h3><p class="chakra-text css-1yftjin" data-testid="product-package-size">710 ml, $0.15/100ml</p></div></a><div class="css-8keand"></div></div><div class="css-1q5omjq"><div class="css-fcebb8"><div data-testid="atc-compact" class="css-y94ivq" style="width: 45px;"><button type="button" class="chakra-button css-mudsm6" data-testid="atc-button"><svg stroke="currentColor" fill="currentColor" stroke-width="0" viewBox="0 0 24 24" focusable="false" class="chakra-icon css-1g3sp7a" data-testid="btn-icon" aria-hidden="true" height="1em" width="1em" xmlns="http://www.w3.org/2000/svg"><path d="M19 13h-6v6h-2v-6H5v-2h6V5h2v6h6v2z"></path></svg><span class="css-idkz9h">Add Blackberry Iced Tea to cart</span></button></div></div></div></div></div></div><div class="css-0"><div class="css-f5i5wc"><div class="chakra-linkbox css-vhnn8v"><div data-testid="product-image" class="css-16dr4ly"><img alt="Peace Tea Peach Tea, Cherry 695 ml, $0.20/100ml" src="https://assets.shop.loblaws.ca/products/21189237/b3/en/front/21189237_front_a06_@2.png" srcset="https://assets.shop.loblaws.ca/products/21189237/b3/en/front/21189237_front_a06_@2.png 1x, https://assets.shop.loblaws.ca/products/21189237/b3/en/front/21189237_front_a06_@2.png 2x" loading="lazy" class="chakra-image css-oguq8l" aria-hidden="true"></div><div class="css-qoklea"><div class="css-12dchmx"></div><div data-testid="price-product-tile" class="css-8atqhb"><p class="chakra-text css-0"><span class="chakra-text css-pwnbcb" data-testid="regular-price"><span class="css-idkz9h">$1.39</span>$1.39</span></p></div><a href="/peach-tea-cherry/p/21189237_EA?source=nspt" class="chakra-linkbox__overlay css-1hnz6hu"><div class="css-0"><p class="chakra-text css-1ecdp9w" data-testid="product-brand">Peace Tea</p><h3 class="chakra-heading css-6qrhwc" id="21189237_EA" data-testid="product-title">Peach Tea, Cherry</h3><p class="chakra-text css-1yftjin" data-testid="product-package-size">695 ml, $0.20/100ml</p></div></a><div class="css-8keand"></div></div><div class="css-1q5omjq"><div class="css-fcebb8"><div data-testid="atc-compact" class="css-y94ivq" style="width: 45px;"><button type="button" class="chakra-button css-mudsm6" data-testid="atc-button"><svg stroke="currentColor" fill="currentColor" stroke-width="0" viewBox="0 0 24 24" focusable="false" class="chakra-icon css-1g3sp7a" data-testid="btn-icon" aria-hidden="true" height="1em" width="1em" xmlns="http://www.w3.org/2000/svg"><path d="M19 13h-6v6h-2v-6H5v-2h6V5h2v6h6v2z"></path></svg><span class="css-idkz9h">Add Peach Tea, Cherry to cart</span></button></div></div></div></div></div></div><div class="css-0"><div class="css-f5i5wc"><div class="chakra-linkbox css-vhnn8v"><div data-testid="product-image" class="css-16dr4ly"><img alt="Brisk Strawberry Iced Tea 710 ml, $0.15/100ml" src="https://assets.shop.loblaws.ca/products/21523800/b3/en/front/21523800_front_a06_@2.png" srcset="https://assets.shop.loblaws.ca/products/21523800/b3/en/front/21523800_front_a06_@2.png 1x, https://assets.shop.loblaws.ca/products/21523800/b3/en/front/21523800_front_a06_@2.png 2x" loading="lazy" class="chakra-image css-oguq8l" aria-hidden="true"></div><div class="css-qoklea"><div class="css-12dchmx"></div><div data-testid="price-product-tile" class="css-8atqhb"><p class="chakra-text css-0"><span class="chakra-text css-pwnbcb" data-testid="regular-price"><span class="css-idkz9h">$1.09</span>$1.09</span></p></div><a href="/strawberry-iced-tea/p/21523800_EA?source=nspt" class="chakra-linkbox__overlay css-1hnz6hu"><div class="css-0"><p class="chakra-text css-1ecdp9w" data-testid="product-brand">Brisk</p><h3 class="chakra-heading css-6qrhwc" id="21523800_EA" data-testid="product-title">Strawberry Iced Tea</h3><p class="chakra-text css-1yftjin" data-testid="product-package-size">710 ml, $0.15/100ml</p></div></a><div class="css-8keand"></div></div><div class="css-1q5omjq"><div class="css-fcebb8"><div data-testid="atc-compact" class="css-y94ivq" style="width: 45px;"><button type="button" class="chakra-button css-mudsm6" data-testid="atc-button"><svg stroke="currentColor" fill="currentColor" stroke-width="0" viewBox="0 0 24 24" focusable="false" class="chakra-icon css-1g3sp7a" data-testid="btn-icon" aria-hidden="true" height="1em" width="1em" xmlns="http://www.w3.org/2000/svg"><path d="M19 13h-6v6h-2v-6H5v-2h6V5h2v6h6v2z"></path></svg><span class="css-idkz9h">Add Strawberry Iced Tea to cart</span></button></div></div></div></div></div></div><div class="css-0"><div class="css-f5i5wc"><div class="chakra-linkbox css-vhnn8v"><div data-testid="product-image" class="css-16dr4ly"><img alt="Nestea Iced Tea, Lemon  12x341.0 ml, $0.18/100ml" src="https://assets.shop.loblaws.ca/products/20130460002/b3/en/front/20130460002_front_a06_@2.png" srcset="https://assets.shop.loblaws.ca/products/20130460002/b3/en/front/20130460002_front_a06_@2.png 1x, https://assets.shop.loblaws.ca/products/20130460002/b3/en/front/20130460002_front_a06_@2.png 2x" loading="lazy" class="chakra-image css-oguq8l" aria-hidden="true"></div><div class="css-qoklea"><div class="css-12dchmx"></div><div data-testid="price-product-tile" class="css-8atqhb"><p class="chakra-text css-0"><span class="chakra-text css-pwnbcb" data-testid="regular-price"><span class="css-idkz9h">$7.49</span>$7.49</span></p></div><a href="/iced-tea-lemon/p/20130460002_C12?source=nspt" class="chakra-linkbox__overlay css-1hnz6hu"><div class="css-0"><p class="chakra-text css-1ecdp9w" data-testid="product-brand">Nestea</p><h3 class="chakra-heading css-6qrhwc" id="20130460002_C12" data-testid="product-title">Iced Tea, Lemon </h3><p class="chakra-text css-1yftjin" data-testid="product-package-size">12x341.0 ml, $0.18/100ml</p></div></a><div class="css-8keand"></div></div><div class="css-1q5omjq"><div class="css-fcebb8"><div data-testid="atc-compact" class="css-y94ivq" style="width: 45px;"><button type="button" class="chakra-button css-mudsm6" data-testid="atc-button"><svg stroke="currentColor" fill="currentColor" stroke-width="0" viewBox="0 0 24 24" focusable="false" class="chakra-icon css-1g3sp7a" data-testid="btn-icon" aria-hidden="true" height="1em" width="1em" xmlns="http://www.w3.org/2000/svg"><path d="M19 13h-6v6h-2v-6H5v-2h6V5h2v6h6v2z"></path></svg><span class="css-idkz9h">Add Iced Tea, Lemon  to cart</span></button></div></div></div></div></div></div><div class="css-0"><div class="css-f5i5wc"><div class="chakra-linkbox css-vhnn8v"><div data-testid="product-image" class="css-16dr4ly"><img alt="Mr Brown Iced Coffee, Cappuccino 240 ml, $0.54/100ml" src="https://assets.shop.loblaws.ca/products/20310359002/b3/en/front/20310359002_front_a06_@2.png" srcset="https://assets.shop.loblaws.ca/products/20310359002/b3/en/front/20310359002_front_a06_@2.png 1x, https://assets.shop.loblaws.ca/products/20310359002/b3/en/front/20310359002_front_a06_@2.png 2x" loading="lazy" class="chakra-image css-oguq8l" aria-hidden="true"></div><div class="css-qoklea"><div class="css-12dchmx"></div><div data-testid="price-product-tile" class="css-8atqhb"><p class="chakra-text css-0"><span class="chakra-text css-pwnbcb" data-testid="regular-price"><span class="css-idkz9h">$1.29</span>$1.29</span></p></div><a href="/iced-coffee-cappuccino/p/20310359002_EA?source=nspt" class="chakra-linkbox__overlay css-1hnz6hu"><div class="css-0"><p class="chakra-text css-1ecdp9w" data-testid="product-brand">Mr Brown</p><h3 class="chakra-heading css-6qrhwc" id="20310359002_EA" data-testid="product-title">Iced Coffee, Cappuccino</h3><p class="chakra-text css-1yftjin" data-testid="product-package-size">240 ml, $0.54/100ml</p></div></a><div class="css-8keand"></div></div><div class="css-1q5omjq"><div class="css-fcebb8"><div data-testid="atc-compact" class="css-y94ivq" style="width: 45px;"><button type="button" class="chakra-button css-mudsm6" data-testid="atc-button"><svg stroke="currentColor" fill="currentColor" stroke-width="0" viewBox="0 0 24 24" focusable="false" class="chakra-icon css-1g3sp7a" data-testid="btn-icon" aria-hidden="true" height="1em" width="1em" xmlns="http://www.w3.org/2000/svg"><path d="M19 13h-6v6h-2v-6H5v-2h6V5h2v6h6v2z"></path></svg><span class="css-idkz9h">Add Iced Coffee, Cappuccino to cart</span></button></div></div></div></div></div></div><div class="css-0"><div class="css-f5i5wc"><div class="chakra-linkbox css-vhnn8v"><div data-testid="product-image" class="css-16dr4ly"><img alt="Brisk Peach Iced Tea 710 ml, $0.15/100ml" src="https://assets.shop.loblaws.ca/products/21229621/b3/en/front/21229621_front_a06_@2.png" srcset="https://assets.shop.loblaws.ca/products/21229621/b3/en/front/21229621_front_a06_@2.png 1x, https://assets.shop.loblaws.ca/products/21229621/b3/en/front/21229621_front_a06_@2.png 2x" loading="lazy" class="chakra-image css-oguq8l" aria-hidden="true"></div><div class="css-qoklea"><div class="css-12dchmx"></div><div data-testid="price-product-tile" class="css-8atqhb"><p class="chakra-text css-0"><span class="chakra-text css-pwnbcb" data-testid="regular-price"><span class="css-idkz9h">$1.09</span>$1.09</span></p></div><a href="/peach-iced-tea/p/21229621_EA?source=nspt" class="chakra-linkbox__overlay css-1hnz6hu"><div class="css-0"><p class="chakra-text css-1ecdp9w" data-testid="product-brand">Brisk</p><h3 class="chakra-heading css-6qrhwc" id="21229621_EA" data-testid="product-title">Peach Iced Tea</h3><p class="chakra-text css-1yftjin" data-testid="product-package-size">710 ml, $0.15/100ml</p></div></a><div class="css-8keand"></div></div><div class="css-1q5omjq"><div class="css-fcebb8"><div data-testid="atc-compact" class="css-y94ivq" style="width: 45px;"><button type="button" class="chakra-button css-mudsm6" data-testid="atc-button"><svg stroke="currentColor" fill="currentColor" stroke-width="0" viewBox="0 0 24 24" focusable="false" class="chakra-icon css-1g3sp7a" data-testid="btn-icon" aria-hidden="true" height="1em" width="1em" xmlns="http://www.w3.org/2000/svg"><path d="M19 13h-6v6h-2v-6H5v-2h6V5h2v6h6v2z"></path></svg><span class="css-idkz9h">Add Peach Iced Tea to cart</span></button></div></div></div></div></div></div><div class="css-0"><div class="css-f5i5wc"><div class="chakra-linkbox css-vhnn8v"><div data-testid="product-image" class="css-16dr4ly"><img alt="Nestea Raspberry Can 12x341.0 ml, $0.18/100ml" src="https://assets.shop.loblaws.ca/products/21438904/b3/en/front/21438904_front_a06_@2.png" srcset="https://assets.shop.loblaws.ca/products/21438904/b3/en/front/21438904_front_a06_@2.png 1x, https://assets.shop.loblaws.ca/products/21438904/b3/en/front/21438904_front_a06_@2.png 2x" loading="lazy" class="chakra-image css-oguq8l" aria-hidden="true"></div><div class="css-qoklea"><div class="css-12dchmx"></div><div data-testid="price-product-tile" class="css-8atqhb"><p class="chakra-text css-0"><span class="chakra-text css-pwnbcb" data-testid="regular-price"><span class="css-idkz9h">$7.49</span>$7.49</span></p></div><a href="/raspberry-can/p/21438904_C12?source=nspt" class="chakra-linkbox__overlay css-1hnz6hu"><div class="css-0"><p class="chakra-text css-1ecdp9w" data-testid="product-brand">Nestea</p><h3 class="chakra-heading css-6qrhwc" id="21438904_C12" data-testid="product-title">Raspberry Can</h3><p class="chakra-text css-1yftjin" data-testid="product-package-size">12x341.0 ml, $0.18/100ml</p></div></a><div class="css-8keand"></div></div><div class="css-1q5omjq"><div class="css-fcebb8"><div data-testid="atc-compact" class="css-y94ivq" style="width: 45px;"><button type="button" class="chakra-button css-mudsm6" data-testid="atc-button"><svg stroke="currentColor" fill="currentColor" stroke-width="0" viewBox="0 0 24 24" focusable="false" class="chakra-icon css-1g3sp7a" data-testid="btn-icon" aria-hidden="true" height="1em" width="1em" xmlns="http://www.w3.org/2000/svg"><path d="M19 13h-6v6h-2v-6H5v-2h6V5h2v6h6v2z"></path></svg><span class="css-idkz9h">Add Raspberry Can to cart</span></button></div></div></div></div></div></div><div class="css-0"><div class="css-f5i5wc"><div class="chakra-linkbox css-vhnn8v"><div data-testid="product-image" class="css-16dr4ly"><img alt="Gold Peak Rasberry Tea, Carafe 1.75 l, $0.26/100ml" src="https://assets.shop.loblaws.ca/products/21013895/b3/en/front/21013895_front_a06_@2.png" srcset="https://assets.shop.loblaws.ca/products/21013895/b3/en/front/21013895_front_a06_@2.png 1x, https://assets.shop.loblaws.ca/products/21013895/b3/en/front/21013895_front_a06_@2.png 2x" loading="lazy" class="chakra-image css-oguq8l" aria-hidden="true"></div><div class="css-qoklea"><div class="css-12dchmx"></div><div data-testid="price-product-tile" class="css-8atqhb"><p class="chakra-text css-0"><span class="chakra-text css-pwnbcb" data-testid="regular-price"><span class="css-idkz9h">$4.49</span>$4.49</span></p></div><a href="/rasberry-tea-carafe/p/21013895_EA?source=nspt" class="chakra-linkbox__overlay css-1hnz6hu"><div class="css-0"><p class="chakra-text css-1ecdp9w" data-testid="product-brand">Gold Peak</p><h3 class="chakra-heading css-6qrhwc" id="21013895_EA" data-testid="product-title">Rasberry Tea, Carafe</h3><p class="chakra-text css-1yftjin" data-testid="product-package-size">1.75 l, $0.26/100ml</p></div></a><div class="css-8keand"></div></div><div class="css-1q5omjq"><div class="css-fcebb8"><div data-testid="atc-compact" class="css-y94ivq" style="width: 45px;"><button type="button" class="chakra-button css-mudsm6" data-testid="atc-button"><svg stroke="currentColor" fill="currentColor" stroke-width="0" viewBox="0 0 24 24" focusable="false" class="chakra-icon css-1g3sp7a" data-testid="btn-icon" aria-hidden="true" height="1em" width="1em" xmlns="http://www.w3.org/2000/svg"><path d="M19 13h-6v6h-2v-6H5v-2h6V5h2v6h6v2z"></path></svg><span class="css-idkz9h">Add Rasberry Tea, Carafe to cart</span></button></div></div></div></div></div></div><div class="css-0"><div class="css-f5i5wc"><div class="chakra-linkbox css-vhnn8v"><div data-testid="product-image" class="css-16dr4ly"><img alt="President's Choice Cucumber Mint Flavour Green Tea 1.54 l, $0.26/100ml" src="https://assets.shop.loblaws.ca/products/21430567/b3/en/front/21430567_front_a06_@2.png" srcset="https://assets.shop.loblaws.ca/products/21430567/b3/en/front/21430567_front_a06_@2.png 1x, https://assets.shop.loblaws.ca/products/21430567/b3/en/front/21430567_front_a06_@2.png 2x" loading="lazy" class="chakra-image css-oguq8l" aria-hidden="true"></div><div class="css-qoklea"><div class="css-12dchmx"></div><div data-testid="price-product-tile" class="css-8atqhb"><p class="chakra-text css-0"><span class="chakra-text css-pwnbcb" data-testid="regular-price"><span class="css-idkz9h">$3.99</span>$3.99</span></p></div><a href="/cucumber-mint-flavour-green-tea/p/21430567_EA?source=nspt" class="chakra-linkbox__overlay css-1hnz6hu"><div class="css-0"><p class="chakra-text css-1ecdp9w" data-testid="product-brand">President's Choice</p><h3 class="chakra-heading css-6qrhwc" id="21430567_EA" data-testid="product-title">Cucumber Mint Flavour Green Tea</h3><p class="chakra-text css-1yftjin" data-testid="product-package-size">1.54 l, $0.26/100ml</p></div></a><div class="css-8keand"></div></div><div class="css-1q5omjq"><div class="css-fcebb8"><div data-testid="atc-compact" class="css-y94ivq" style="width: 45px;"><button type="button" class="chakra-button css-mudsm6" data-testid="atc-button"><svg stroke="currentColor" fill="currentColor" stroke-width="0" viewBox="0 0 24 24" focusable="false" class="chakra-icon css-1g3sp7a" data-testid="btn-icon" aria-hidden="true" height="1em" width="1em" xmlns="http://www.w3.org/2000/svg"><path d="M19 13h-6v6h-2v-6H5v-2h6V5h2v6h6v2z"></path></svg><span class="css-idkz9h">Add Cucumber Mint Flavour Green Tea to cart</span></button></div></div></div></div></div></div><div class="css-0"><div class="css-f5i5wc"><div class="chakra-linkbox css-vhnn8v"><div data-testid="product-image" class="css-16dr4ly"><img alt="Mr Brown Iced Coffee, Blue Mountain 240 ml, $0.54/100ml" src="https://assets.shop.loblaws.ca/products/20310359003/b3/en/front/20310359003_front_a06_@2.png" srcset="https://assets.shop.loblaws.ca/products/20310359003/b3/en/front/20310359003_front_a06_@2.png 1x, https://assets.shop.loblaws.ca/products/20310359003/b3/en/front/20310359003_front_a06_@2.png 2x" loading="lazy" class="chakra-image css-oguq8l" aria-hidden="true"></div><div class="css-qoklea"><div class="css-12dchmx"></div><div data-testid="price-product-tile" class="css-8atqhb"><p class="chakra-text css-0"><span class="chakra-text css-pwnbcb" data-testid="regular-price"><span class="css-idkz9h">$1.29</span>$1.29</span></p></div><a href="/iced-coffee-blue-mountain/p/20310359003_EA?source=nspt" class="chakra-linkbox__overlay css-1hnz6hu"><div class="css-0"><p class="chakra-text css-1ecdp9w" data-testid="product-brand">Mr Brown</p><h3 class="chakra-heading css-6qrhwc" id="20310359003_EA" data-testid="product-title">Iced Coffee, Blue Mountain</h3><p class="chakra-text css-1yftjin" data-testid="product-package-size">240 ml, $0.54/100ml</p></div></a><div class="css-8keand"></div></div><div class="css-1q5omjq"><div class="css-fcebb8"><div data-testid="atc-compact" class="css-y94ivq" style="width: 45px;"><button type="button" class="chakra-button css-mudsm6" data-testid="atc-button"><svg stroke="currentColor" fill="currentColor" stroke-width="0" viewBox="0 0 24 24" focusable="false" class="chakra-icon css-1g3sp7a" data-testid="btn-icon" aria-hidden="true" height="1em" width="1em" xmlns="http://www.w3.org/2000/svg"><path d="M19 13h-6v6h-2v-6H5v-2h6V5h2v6h6v2z"></path></svg><span class="css-idkz9h">Add Iced Coffee, Blue Mountain to cart</span></button></div></div></div></div></div></div><div class="css-0"><div class="css-f5i5wc"><div class="chakra-linkbox css-vhnn8v"><div data-testid="product-image" class="css-16dr4ly"><img alt="Mr Brown Iced Coffee, Regular 240 ml, $0.54/100ml" src="https://assets.shop.loblaws.ca/products/20310359001/b3/en/front/20310359001_front_a06_@2.png" srcset="https://assets.shop.loblaws.ca/products/20310359001/b3/en/front/20310359001_front_a06_@2.png 1x, https://assets.shop.loblaws.ca/products/20310359001/b3/en/front/20310359001_front_a06_@2.png 2x" loading="lazy" class="chakra-image css-oguq8l" aria-hidden="true"></div><div class="css-qoklea"><div class="css-12dchmx"></div><div data-testid="price-product-tile" class="css-8atqhb"><p class="chakra-text css-0"><span class="chakra-text css-pwnbcb" data-testid="regular-price"><span class="css-idkz9h">$1.29</span>$1.29</span></p></div><a href="/iced-coffee-regular/p/20310359001_EA?source=nspt" class="chakra-linkbox__overlay css-1hnz6hu"><div class="css-0"><p class="chakra-text css-1ecdp9w" data-testid="product-brand">Mr Brown</p><h3 class="chakra-heading css-6qrhwc" id="20310359001_EA" data-testid="product-title">Iced Coffee, Regular</h3><p class="chakra-text css-1yftjin" data-testid="product-package-size">240 ml, $0.54/100ml</p></div></a><div class="css-8keand"></div></div><div class="css-1q5omjq"><div class="css-fcebb8"><div data-testid="atc-compact" class="css-y94ivq" style="width: 45px;"><button type="button" class="chakra-button css-mudsm6" data-testid="atc-button"><svg stroke="currentColor" fill="currentColor" stroke-width="0" viewBox="0 0 24 24" focusable="false" class="chakra-icon css-1g3sp7a" data-testid="btn-icon" aria-hidden="true" height="1em" width="1em" xmlns="http://www.w3.org/2000/svg"><path d="M19 13h-6v6h-2v-6H5v-2h6V5h2v6h6v2z"></path></svg><span class="css-idkz9h">Add Iced Coffee, Regular to cart</span></button></div></div></div></div></div></div><div class="css-0"><div class="css-f5i5wc"><div class="chakra-linkbox css-vhnn8v"><div data-testid="product-image" class="css-16dr4ly"><img alt="Peace Tea Greenest of All Teas Tea, Can 695 ml, $0.20/100ml" src="https://assets.shop.loblaws.ca/products/21082239/b3/en/front/21082239_front_a06_@2.png" srcset="https://assets.shop.loblaws.ca/products/21082239/b3/en/front/21082239_front_a06_@2.png 1x, https://assets.shop.loblaws.ca/products/21082239/b3/en/front/21082239_front_a06_@2.png 2x" loading="lazy" class="chakra-image css-oguq8l" aria-hidden="true"></div><div class="css-qoklea"><div class="css-12dchmx"></div><div data-testid="price-product-tile" class="css-8atqhb"><p class="chakra-text css-0"><span class="chakra-text css-pwnbcb" data-testid="regular-price"><span class="css-idkz9h">$1.39</span>$1.39</span></p></div><a href="/greenest-of-all-teas-tea-can/p/21082239_EA?source=nspt" class="chakra-linkbox__overlay css-1hnz6hu"><div class="css-0"><p class="chakra-text css-1ecdp9w" data-testid="product-brand">Peace Tea</p><h3 class="chakra-heading css-6qrhwc" id="21082239_EA" data-testid="product-title">Greenest of All Teas Tea, Can</h3><p class="chakra-text css-1yftjin" data-testid="product-package-size">695 ml, $0.20/100ml</p></div></a><div class="css-8keand"></div></div><div class="css-1q5omjq"><div class="css-fcebb8"><div data-testid="atc-compact" class="css-y94ivq" style="width: 45px;"><button type="button" class="chakra-button css-mudsm6" data-testid="atc-button"><svg stroke="currentColor" fill="currentColor" stroke-width="0" viewBox="0 0 24 24" focusable="false" class="chakra-icon css-1g3sp7a" data-testid="btn-icon" aria-hidden="true" height="1em" width="1em" xmlns="http://www.w3.org/2000/svg"><path d="M19 13h-6v6h-2v-6H5v-2h6V5h2v6h6v2z"></path></svg><span class="css-idkz9h">Add Greenest of All Teas Tea, Can to cart</span></button></div></div></div></div></div></div><div class="css-0"><div class="css-f5i5wc"><div class="chakra-linkbox css-vhnn8v"><div data-testid="product-image" class="css-16dr4ly"><img alt="Gold Peak Iced Tea, Lemon 2.63 l, $0.26/100ml" src="https://assets.shop.loblaws.ca/products/21592193/b3/en/front/21592193_front_a06_@2.png" srcset="https://assets.shop.loblaws.ca/products/21592193/b3/en/front/21592193_front_a06_@2.png 1x, https://assets.shop.loblaws.ca/products/21592193/b3/en/front/21592193_front_a06_@2.png 2x" loading="lazy" class="chakra-image css-oguq8l" aria-hidden="true"></div><div class="css-qoklea"><div class="css-12dchmx"></div><div data-testid="price-product-tile" class="css-8atqhb"><p class="chakra-text css-0"><span class="chakra-text css-pwnbcb" data-testid="regular-price"><span class="css-idkz9h">$6.79</span>$6.79</span></p></div><a href="/iced-tea-lemon/p/21592193_EA?source=nspt" class="chakra-linkbox__overlay css-1hnz6hu"><div class="css-0"><p class="chakra-text css-1ecdp9w" data-testid="product-brand">Gold Peak</p><h3 class="chakra-heading css-6qrhwc" id="21592193_EA" data-testid="product-title">Iced Tea, Lemon</h3><p class="chakra-text css-1yftjin" data-testid="product-package-size">2.63 l, $0.26/100ml</p></div></a><div class="css-8keand"></div></div><div class="css-1q5omjq"><div class="css-fcebb8"><div data-testid="atc-compact" class="css-y94ivq" style="width: 45px;"><button type="button" class="chakra-button css-mudsm6" data-testid="atc-button"><svg stroke="currentColor" fill="currentColor" stroke-width="0" viewBox="0 0 24 24" focusable="false" class="chakra-icon css-1g3sp7a" data-testid="btn-icon" aria-hidden="true" height="1em" width="1em" xmlns="http://www.w3.org/2000/svg"><path d="M19 13h-6v6h-2v-6H5v-2h6V5h2v6h6v2z"></path></svg><span class="css-idkz9h">Add Iced Tea, Lemon to cart</span></button></div></div></div></div></div></div><div class="css-0"><div class="css-f5i5wc"><div class="chakra-linkbox css-vhnn8v"><div data-testid="product-image" class="css-16dr4ly"><img alt="President's Choice Lavender Flavour White Tea 1.54 l, $0.26/100ml" src="https://assets.shop.loblaws.ca/products/21430637/b3/en/front/21430637_front_a06_@2.png" srcset="https://assets.shop.loblaws.ca/products/21430637/b3/en/front/21430637_front_a06_@2.png 1x, https://assets.shop.loblaws.ca/products/21430637/b3/en/front/21430637_front_a06_@2.png 2x" loading="lazy" class="chakra-image css-oguq8l" aria-hidden="true"></div><div class="css-qoklea"><div class="css-12dchmx"></div><div data-testid="price-product-tile" class="css-8atqhb"><p class="chakra-text css-0"><span class="chakra-text css-pwnbcb" data-testid="regular-price"><span class="css-idkz9h">$3.99</span>$3.99</span></p></div><a href="/lavender-flavour-white-tea/p/21430637_EA?source=nspt" class="chakra-linkbox__overlay css-1hnz6hu"><div class="css-0"><p class="chakra-text css-1ecdp9w" data-testid="product-brand">President's Choice</p><h3 class="chakra-heading css-6qrhwc" id="21430637_EA" data-testid="product-title">Lavender Flavour White Tea</h3><p class="chakra-text css-1yftjin" data-testid="product-package-size">1.54 l, $0.26/100ml</p></div></a><div class="css-8keand"></div></div><div class="css-1q5omjq"><div class="css-fcebb8"><div data-testid="atc-compact" class="css-y94ivq" style="width: 45px;"><button type="button" class="chakra-button css-mudsm6" data-testid="atc-button"><svg stroke="currentColor" fill="currentColor" stroke-width="0" viewBox="0 0 24 24" focusable="false" class="chakra-icon css-1g3sp7a" data-testid="btn-icon" aria-hidden="true" height="1em" width="1em" xmlns="http://www.w3.org/2000/svg"><path d="M19 13h-6v6h-2v-6H5v-2h6V5h2v6h6v2z"></path></svg><span class="css-idkz9h">Add Lavender Flavour White Tea to cart</span></button></div></div></div></div></div></div><div class="css-0"><div class="css-f5i5wc"><div class="chakra-linkbox css-vhnn8v"><div data-testid="product-image" class="css-16dr4ly"><img alt="President's Choice Dark Roast Black Cold Brew Coffee 900 ml, $0.50/100ml" src="https://assets.shop.loblaws.ca/products/21022542/b3/en/front/21022542_front_a06_@2.png" srcset="https://assets.shop.loblaws.ca/products/21022542/b3/en/front/21022542_front_a06_@2.png 1x, https://assets.shop.loblaws.ca/products/21022542/b3/en/front/21022542_front_a06_@2.png 2x" loading="lazy" class="chakra-image css-oguq8l" aria-hidden="true"></div><div class="css-qoklea"><div class="css-12dchmx"></div><div data-testid="price-product-tile" class="css-8atqhb"><p class="chakra-text css-0"><span class="chakra-text css-pwnbcb" data-testid="regular-price"><span class="css-idkz9h">$4.49</span>$4.49</span></p></div><a href="/dark-roast-black-cold-brew-coffee/p/21022542_EA?source=nspt" class="chakra-linkbox__overlay css-1hnz6hu"><div class="css-0"><p class="chakra-text css-1ecdp9w" data-testid="product-brand">President's Choice</p><h3 class="chakra-heading css-6qrhwc" id="21022542_EA" data-testid="product-title">Dark Roast Black Cold Brew Coffee</h3><p class="chakra-text css-1yftjin" data-testid="product-package-size">900 ml, $0.50/100ml</p></div></a><div class="css-8keand"></div></div><div class="css-1q5omjq"><div class="css-fcebb8"><div data-testid="atc-compact" class="css-y94ivq" style="width: 45px;"><button type="button" class="chakra-button css-mudsm6" data-testid="atc-button"><svg stroke="currentColor" fill="currentColor" stroke-width="0" viewBox="0 0 24 24" focusable="false" class="chakra-icon css-1g3sp7a" data-testid="btn-icon" aria-hidden="true" height="1em" width="1em" xmlns="http://www.w3.org/2000/svg"><path d="M19 13h-6v6h-2v-6H5v-2h6V5h2v6h6v2z"></path></svg><span class="css-idkz9h">Add Dark Roast Black Cold Brew Coffee to cart</span></button></div></div></div></div></div></div><div class="css-0"><div class="css-f5i5wc"><div class="chakra-linkbox css-vhnn8v"><div data-testid="product-image" class="css-16dr4ly"><img alt="Bertolini Teabags Sifted Camomile Flowers 20x36.0 g, $0.69/100g" src="https://assets.shop.loblaws.ca/products/20098108/b3/en/front/20098108_front_a06_@2.png" srcset="https://assets.shop.loblaws.ca/products/20098108/b3/en/front/20098108_front_a06_@2.png 1x, https://assets.shop.loblaws.ca/products/20098108/b3/en/front/20098108_front_a06_@2.png 2x" loading="lazy" class="chakra-image css-oguq8l" aria-hidden="true"></div><div class="css-qoklea"><div class="css-12dchmx"></div><div data-testid="price-product-tile" class="css-8atqhb"><p class="chakra-text css-0"><span class="chakra-text css-pwnbcb" data-testid="regular-price"><span class="css-idkz9h">$4.99</span>$4.99</span></p></div><a href="/teabags-sifted-camomile-flowers/p/20098108_EA?source=nspt" class="chakra-linkbox__overlay css-1hnz6hu"><div class="css-0"><p class="chakra-text css-1ecdp9w" data-testid="product-brand">Bertolini</p><h3 class="chakra-heading css-6qrhwc" id="20098108_EA" data-testid="product-title">Teabags Sifted Camomile Flowers</h3><p class="chakra-text css-1yftjin" data-testid="product-package-size">20x36.0 g, $0.69/100g</p></div></a><div class="css-8keand"></div></div><div class="css-1q5omjq"><div class="css-fcebb8"><div data-testid="atc-compact" class="css-y94ivq" style="width: 45px;"><button type="button" class="chakra-button css-mudsm6" data-testid="atc-button"><svg stroke="currentColor" fill="currentColor" stroke-width="0" viewBox="0 0 24 24" focusable="false" class="chakra-icon css-1g3sp7a" data-testid="btn-icon" aria-hidden="true" height="1em" width="1em" xmlns="http://www.w3.org/2000/svg"><path d="M19 13h-6v6h-2v-6H5v-2h6V5h2v6h6v2z"></path></svg><span class="css-idkz9h">Add Teabags Sifted Camomile Flowers to cart</span></button></div></div></div></div></div></div><div class="css-0"><div class="css-f5i5wc"><div class="chakra-linkbox css-vhnn8v"><div data-testid="product-image" class="css-16dr4ly"><img alt="Brooke Bond Taj Mahal Loose Leaf Black Tea 450 g, $2.20/100g" src="https://assets.shop.loblaws.ca/products/21555578/b3/en/front/21555578_front_a06_@2.png" srcset="https://assets.shop.loblaws.ca/products/21555578/b3/en/front/21555578_front_a06_@2.png 1x, https://assets.shop.loblaws.ca/products/21555578/b3/en/front/21555578_front_a06_@2.png 2x" loading="lazy" class="chakra-image css-oguq8l" aria-hidden="true"></div><div class="css-qoklea"><div class="css-12dchmx"></div><div data-testid="price-product-tile" class="css-8atqhb"><p class="chakra-text css-0"><span class="chakra-text css-pwnbcb" data-testid="regular-price"><span class="css-idkz9h">$9.89</span>$9.89</span></p></div><a href="/taj-mahal-loose-leaf-black-tea/p/21555578_EA?source=nspt" class="chakra-linkbox__overlay css-1hnz6hu"><div class="css-0"><p class="chakra-text css-1ecdp9w" data-testid="product-brand">Brooke Bond</p><h3 class="chakra-heading css-6qrhwc" id="21555578_EA" data-testid="product-title">Taj Mahal Loose Leaf Black Tea</h3><p class="chakra-text css-1yftjin" data-testid="product-package-size">450 g, $2.20/100g</p></div></a><div class="css-8keand"></div></div><div class="css-1q5omjq"><div class="css-fcebb8"><div data-testid="atc-compact" class="css-y94ivq" style="width: 45px;"><button type="button" class="chakra-button css-mudsm6" data-testid="atc-button"><svg stroke="currentColor" fill="currentColor" stroke-width="0" viewBox="0 0 24 24" focusable="false" class="chakra-icon css-1g3sp7a" data-testid="btn-icon" aria-hidden="true" height="1em" width="1em" xmlns="http://www.w3.org/2000/svg"><path d="M19 13h-6v6h-2v-6H5v-2h6V5h2v6h6v2z"></path></svg><span class="css-idkz9h">Add Taj Mahal Loose Leaf Black Tea to cart</span></button></div></div></div></div></div></div><div class="css-0"><div class="css-f5i5wc"><div class="chakra-linkbox css-vhnn8v"><div data-testid="product-image" class="css-16dr4ly"><img alt="Gold Kili Instant Ginger Latte With Honey 250 g, $1.80/100g" src="https://assets.shop.loblaws.ca/products/21428010/b3/en/front/21428010_front_a06_@2.png" srcset="https://assets.shop.loblaws.ca/products/21428010/b3/en/front/21428010_front_a06_@2.png 1x, https://assets.shop.loblaws.ca/products/21428010/b3/en/front/21428010_front_a06_@2.png 2x" loading="lazy" class="chakra-image css-oguq8l" aria-hidden="true"></div><div class="css-qoklea"><div class="css-12dchmx"></div><div data-testid="price-product-tile" class="css-8atqhb"><p class="chakra-text css-0"><span class="chakra-text css-pwnbcb" data-testid="regular-price"><span class="css-idkz9h">$4.49</span>$4.49</span></p></div><a href="/instant-ginger-latte-with-honey/p/21428010_EA?source=nspt" class="chakra-linkbox__overlay css-1hnz6hu"><div class="css-0"><p class="chakra-text css-1ecdp9w" data-testid="product-brand">Gold Kili</p><h3 class="chakra-heading css-6qrhwc" id="21428010_EA" data-testid="product-title">Instant Ginger Latte With Honey</h3><p class="chakra-text css-1yftjin" data-testid="product-package-size">250 g, $1.80/100g</p></div></a><div class="css-8keand"></div></div><div class="css-1q5omjq"><div class="css-fcebb8"><div data-testid="atc-compact" class="css-y94ivq" style="width: 45px;"><button type="button" class="chakra-button css-mudsm6" data-testid="atc-button"><svg stroke="currentColor" fill="currentColor" stroke-width="0" viewBox="0 0 24 24" focusable="false" class="chakra-icon css-1g3sp7a" data-testid="btn-icon" aria-hidden="true" height="1em" width="1em" xmlns="http://www.w3.org/2000/svg"><path d="M19 13h-6v6h-2v-6H5v-2h6V5h2v6h6v2z"></path></svg><span class="css-idkz9h">Add Instant Ginger Latte With Honey to cart</span></button></div></div></div></div></div></div><div class="css-0"><div class="css-f5i5wc"><div class="chakra-linkbox css-vhnn8v"><div data-testid="product-image" class="css-16dr4ly"><img alt="Lipton Yellow Label Loose Tea 900 g, $1.78/100g" src="https://assets.shop.loblaws.ca/products/21553689/b3/en/front/21553689_front_a06_@2.png" srcset="https://assets.shop.loblaws.ca/products/21553689/b3/en/front/21553689_front_a06_@2.png 1x, https://assets.shop.loblaws.ca/products/21553689/b3/en/front/21553689_front_a06_@2.png 2x" loading="lazy" class="chakra-image css-oguq8l" aria-hidden="true"></div><div class="css-qoklea"><div class="css-12dchmx"></div><div data-testid="price-product-tile" class="css-8atqhb"><p class="chakra-text css-0"><span class="chakra-text css-pwnbcb" data-testid="regular-price"><span class="css-idkz9h">$15.99</span>$15.99</span></p></div><a href="/yellow-label-loose-tea/p/21553689_EA?source=nspt" class="chakra-linkbox__overlay css-1hnz6hu"><div class="css-0"><p class="chakra-text css-1ecdp9w" data-testid="product-brand">Lipton</p><h3 class="chakra-heading css-6qrhwc" id="21553689_EA" data-testid="product-title">Yellow Label Loose Tea</h3><p class="chakra-text css-1yftjin" data-testid="product-package-size">900 g, $1.78/100g</p></div></a><div class="css-8keand"></div></div><div class="css-1q5omjq"><div class="css-fcebb8"><div data-testid="atc-compact" class="css-y94ivq" style="width: 45px;"><button type="button" class="chakra-button css-mudsm6" data-testid="atc-button"><svg stroke="currentColor" fill="currentColor" stroke-width="0" viewBox="0 0 24 24" focusable="false" class="chakra-icon css-1g3sp7a" data-testid="btn-icon" aria-hidden="true" height="1em" width="1em" xmlns="http://www.w3.org/2000/svg"><path d="M19 13h-6v6h-2v-6H5v-2h6V5h2v6h6v2z"></path></svg><span class="css-idkz9h">Add Yellow Label Loose Tea to cart</span></button></div></div></div></div></div></div><div class="css-0"><div class="css-f5i5wc"><div class="chakra-linkbox css-vhnn8v"><div data-testid="product-image" class="css-16dr4ly"><img alt="No Name Hot Chocolate Mix  1.8 kg, $0.81/100g" src="https://assets.shop.loblaws.ca/products/20005589/b3/en/front/20005589_front_a06_@2.png" srcset="https://assets.shop.loblaws.ca/products/20005589/b3/en/front/20005589_front_a06_@2.png 1x, https://assets.shop.loblaws.ca/products/20005589/b3/en/front/20005589_front_a06_@2.png 2x" loading="lazy" class="chakra-image css-oguq8l" aria-hidden="true"></div><div class="css-qoklea"><div class="css-12dchmx"></div><div data-testid="price-product-tile" class="css-8atqhb"><p class="chakra-text css-0"><span class="chakra-text css-pwnbcb" data-testid="regular-price"><span class="css-idkz9h">$14.49</span>$14.49</span></p></div><a href="/hot-chocolate-mix/p/20005589_EA?source=nspt" class="chakra-linkbox__overlay css-1hnz6hu"><div class="css-0"><p class="chakra-text css-1ecdp9w" data-testid="product-brand">No Name</p><h3 class="chakra-heading css-6qrhwc" id="20005589_EA" data-testid="product-title">Hot Chocolate Mix </h3><p class="chakra-text css-1yftjin" data-testid="product-package-size">1.8 kg, $0.81/100g</p></div></a><div class="css-8keand"></div></div><div class="css-1q5omjq"><div class="css-fcebb8"><div data-testid="atc-compact" class="css-y94ivq" style="width: 45px;"><button type="button" class="chakra-button css-mudsm6" data-testid="atc-button"><svg stroke="currentColor" fill="currentColor" stroke-width="0" viewBox="0 0 24 24" focusable="false" class="chakra-icon css-1g3sp7a" data-testid="btn-icon" aria-hidden="true" height="1em" width="1em" xmlns="http://www.w3.org/2000/svg"><path d="M19 13h-6v6h-2v-6H5v-2h6V5h2v6h6v2z"></path></svg><span class="css-idkz9h">Add Hot Chocolate Mix  to cart</span></button></div></div></div></div></div></div><div class="css-0"><div class="css-f5i5wc"><div class="chakra-linkbox css-vhnn8v"><div data-testid="product-image" class="css-16dr4ly"><img alt="President's Choice Orange Pekoe Premium Black Tea Club Size 216 ea, $0.03/1ea" src="https://assets.shop.loblaws.ca/products/20030717/b3/en/front/20030717_front_a06_@2.png" srcset="https://assets.shop.loblaws.ca/products/20030717/b3/en/front/20030717_front_a06_@2.png 1x, https://assets.shop.loblaws.ca/products/20030717/b3/en/front/20030717_front_a06_@2.png 2x" loading="lazy" class="chakra-image css-oguq8l" aria-hidden="true"></div><div class="css-qoklea"><div class="css-12dchmx"></div><div data-testid="price-product-tile" class="css-8atqhb"><p class="chakra-text css-0"><span class="chakra-text css-pwnbcb" data-testid="regular-price"><span class="css-idkz9h">$6.97</span>$6.97</span></p></div><a href="/orange-pekoe-premium-black-tea-club-size/p/20030717_EA?source=nspt" class="chakra-linkbox__overlay css-1hnz6hu"><div class="css-0"><p class="chakra-text css-1ecdp9w" data-testid="product-brand">President's Choice</p><h3 class="chakra-heading css-6qrhwc" id="20030717_EA" data-testid="product-title">Orange Pekoe Premium Black Tea Club Size</h3><p class="chakra-text css-1yftjin" data-testid="product-package-size">216 ea, $0.03/1ea</p></div></a><div class="css-8keand"></div></div><div class="css-1q5omjq"><div class="css-fcebb8"><div data-testid="atc-compact" class="css-y94ivq" style="width: 45px;"><button type="button" class="chakra-button css-mudsm6" data-testid="atc-button"><svg stroke="currentColor" fill="currentColor" stroke-width="0" viewBox="0 0 24 24" focusable="false" class="chakra-icon css-1g3sp7a" data-testid="btn-icon" aria-hidden="true" height="1em" width="1em" xmlns="http://www.w3.org/2000/svg"><path d="M19 13h-6v6h-2v-6H5v-2h6V5h2v6h6v2z"></path></svg><span class="css-idkz9h">Add Orange Pekoe Premium Black Tea Club Size to cart</span></button></div></div></div></div></div></div><div class="css-0"><div class="css-f5i5wc"><div class="chakra-linkbox css-vhnn8v"><div data-testid="product-image" class="css-16dr4ly"><img alt="Tea India Ginger Chai Black Tea With Real Ginger  182 g, $3.29/100g" src="https://assets.shop.loblaws.ca/products/21379419/b3/en/front/21379419_front_a06_@2.png" srcset="https://assets.shop.loblaws.ca/products/21379419/b3/en/front/21379419_front_a06_@2.png 1x, https://assets.shop.loblaws.ca/products/21379419/b3/en/front/21379419_front_a06_@2.png 2x" loading="lazy" class="chakra-image css-oguq8l" aria-hidden="true"></div><div class="css-qoklea"><div class="css-12dchmx"></div><div data-testid="price-product-tile" class="css-8atqhb"><p class="chakra-text css-0"><span class="chakra-text css-pwnbcb" data-testid="regular-price"><span class="css-idkz9h">$5.99</span>$5.99</span></p></div><a href="/ginger-chai-black-tea-with-real-ginger/p/21379419_EA?source=nspt" class="chakra-linkbox__overlay css-1hnz6hu"><div class="css-0"><p class="chakra-text css-1ecdp9w" data-testid="product-brand">Tea India</p><h3 class="chakra-heading css-6qrhwc" id="21379419_EA" data-testid="product-title">Ginger Chai Black Tea With Real Ginger </h3><p class="chakra-text css-1yftjin" data-testid="product-package-size">182 g, $3.29/100g</p></div></a><div class="css-8keand"></div></div><div class="css-1q5omjq"><div class="css-fcebb8"><div data-testid="atc-compact" class="css-y94ivq" style="width: 45px;"><button type="button" class="chakra-button css-mudsm6" data-testid="atc-button"><svg stroke="currentColor" fill="currentColor" stroke-width="0" viewBox="0 0 24 24" focusable="false" class="chakra-icon css-1g3sp7a" data-testid="btn-icon" aria-hidden="true" height="1em" width="1em" xmlns="http://www.w3.org/2000/svg"><path d="M19 13h-6v6h-2v-6H5v-2h6V5h2v6h6v2z"></path></svg><span class="css-idkz9h">Add Ginger Chai Black Tea With Real Ginger  to cart</span></button></div></div></div></div></div></div><div class="css-0"><div class="css-f5i5wc"><div class="chakra-linkbox css-vhnn8v"><div data-testid="product-image" class="css-16dr4ly"><img alt="Twinings 50ct Pure Camomile 50 ea, $0.14/1ea" src="https://assets.shop.loblaws.ca/products/21111073/b3/en/front/21111073_front_a06_@2.png" srcset="https://assets.shop.loblaws.ca/products/21111073/b3/en/front/21111073_front_a06_@2.png 1x, https://assets.shop.loblaws.ca/products/21111073/b3/en/front/21111073_front_a06_@2.png 2x" loading="lazy" class="chakra-image css-oguq8l" aria-hidden="true"></div><div class="css-qoklea"><div class="css-12dchmx"></div><div data-testid="price-product-tile" class="css-8atqhb"><p class="chakra-text css-0"><span class="chakra-text css-pwnbcb" data-testid="regular-price"><span class="css-idkz9h">$6.99</span>$6.99</span></p></div><a href="/50ct-pure-camomile/p/21111073_EA?source=nspt" class="chakra-linkbox__overlay css-1hnz6hu"><div class="css-0"><p class="chakra-text css-1ecdp9w" data-testid="product-brand">Twinings</p><h3 class="chakra-heading css-6qrhwc" id="21111073_EA" data-testid="product-title">50ct Pure Camomile</h3><p class="chakra-text css-1yftjin" data-testid="product-package-size">50 ea, $0.14/1ea</p></div></a><div class="css-8keand"></div></div><div class="css-1q5omjq"><div class="css-fcebb8"><div data-testid="atc-compact" class="css-y94ivq" style="width: 45px;"><button type="button" class="chakra-button css-mudsm6" data-testid="atc-button"><svg stroke="currentColor" fill="currentColor" stroke-width="0" viewBox="0 0 24 24" focusable="false" class="chakra-icon css-1g3sp7a" data-testid="btn-icon" aria-hidden="true" height="1em" width="1em" xmlns="http://www.w3.org/2000/svg"><path d="M19 13h-6v6h-2v-6H5v-2h6V5h2v6h6v2z"></path></svg><span class="css-idkz9h">Add 50ct Pure Camomile to cart</span></button></div></div></div></div></div></div></div><div data-testid="product-grid" class="css-epcqr3"><div class="css-0"><div class="css-f5i5wc"><div class="chakra-linkbox css-vhnn8v"><div data-testid="product-image" class="css-16dr4ly"><img alt="Twinings 50ct Pure Camomile 50 ea, $0.14/1ea" src="https://assets.shop.loblaws.ca/products/21111073/b3/en/front/21111073_front_a06_@2.png" srcset="https://assets.shop.loblaws.ca/products/21111073/b3/en/front/21111073_front_a06_@2.png 1x, https://assets.shop.loblaws.ca/products/21111073/b3/en/front/21111073_front_a06_@2.png 2x" loading="lazy" class="chakra-image css-oguq8l" aria-hidden="true"></div><div class="css-qoklea"><div class="css-12dchmx"></div><div data-testid="price-product-tile" class="css-8atqhb"><p class="chakra-text css-0"><span class="chakra-text css-pwnbcb" data-testid="regular-price"><span class="css-idkz9h">$6.99</span>$6.99</span></p></div><a href="/50ct-pure-camomile/p/21111073_EA?source=nspt" class="chakra-linkbox__overlay css-1hnz6hu"><div class="css-0"><p class="chakra-text css-1ecdp9w" data-testid="product-brand">Twinings</p><h3 class="chakra-heading css-6qrhwc" id="21111073_EA" data-testid="product-title">50ct Pure Camomile</h3><p class="chakra-text css-1yftjin" data-testid="product-package-size">50 ea, $0.14/1ea</p></div></a><div class="css-8keand"></div></div><div class="css-1q5omjq"><div class="css-fcebb8"><div data-testid="atc-compact" class="css-y94ivq" style="width: 45px;"><button type="button" class="chakra-button css-mudsm6" data-testid="atc-button"><svg stroke="currentColor" fill="currentColor" stroke-width="0" viewBox="0 0 24 24" focusable="false" class="chakra-icon css-1g3sp7a" data-testid="btn-icon" aria-hidden="true" height="1em" width="1em" xmlns="http://www.w3.org/2000/svg"><path d="M19 13h-6v6h-2v-6H5v-2h6V5h2v6h6v2z"></path></svg><span class="css-idkz9h">Add 50ct Pure Camomile to cart</span></button></div></div></div></div></div></div><div class="css-0"><div class="css-f5i5wc"><div class="chakra-linkbox css-vhnn8v"><div data-testid="product-image" class="css-16dr4ly"><img alt="Twinings 20ct Honeybush Mandarin Orange 20 ea, $0.27/1ea" src="https://assets.shop.loblaws.ca/products/20584048/b3/en/front/20584048_front_a06_@2.png" srcset="https://assets.shop.loblaws.ca/products/20584048/b3/en/front/20584048_front_a06_@2.png 1x, https://assets.shop.loblaws.ca/products/20584048/b3/en/front/20584048_front_a06_@2.png 2x" loading="lazy" class="chakra-image css-oguq8l" aria-hidden="true"></div><div class="css-qoklea"><div class="css-12dchmx"></div><div data-testid="price-product-tile" class="css-8atqhb"><p class="chakra-text css-0"><span class="chakra-text css-pwnbcb" data-testid="regular-price"><span class="css-idkz9h">$5.49</span>$5.49</span></p></div><a href="/20ct-honeybush-mandarin-orange/p/20584048_EA?source=nspt" class="chakra-linkbox__overlay css-1hnz6hu"><div class="css-0"><p class="chakra-text css-1ecdp9w" data-testid="product-brand">Twinings</p><h3 class="chakra-heading css-6qrhwc" id="20584048_EA" data-testid="product-title">20ct Honeybush Mandarin Orange</h3><p class="chakra-text css-1yftjin" data-testid="product-package-size">20 ea, $0.27/1ea</p></div></a><div class="css-8keand"></div></div><div class="css-1q5omjq"><div class="css-fcebb8"><div data-testid="atc-compact" class="css-y94ivq" style="width: 45px;"><button type="button" class="chakra-button css-mudsm6" data-testid="atc-button"><svg stroke="currentColor" fill="currentColor" stroke-width="0" viewBox="0 0 24 24" focusable="false" class="chakra-icon css-1g3sp7a" data-testid="btn-icon" aria-hidden="true" height="1em" width="1em" xmlns="http://www.w3.org/2000/svg"><path d="M19 13h-6v6h-2v-6H5v-2h6V5h2v6h6v2z"></path></svg><span class="css-idkz9h">Add 20ct Honeybush Mandarin Orange to cart</span></button></div></div></div></div></div></div><div class="css-0"><div class="css-f5i5wc"><div class="chakra-linkbox css-vhnn8v"><div data-testid="product-image" class="css-16dr4ly"><img alt="President's Choice Orange Pekoe Premium Black Tea Club Size 216 ea, $0.03/1ea" src="https://assets.shop.loblaws.ca/products/20030717/b3/en/front/20030717_front_a06_@2.png" srcset="https://assets.shop.loblaws.ca/products/20030717/b3/en/front/20030717_front_a06_@2.png 1x, https://assets.shop.loblaws.ca/products/20030717/b3/en/front/20030717_front_a06_@2.png 2x" loading="lazy" class="chakra-image css-oguq8l" aria-hidden="true"></div><div class="css-qoklea"><div class="css-12dchmx"></div><div data-testid="price-product-tile" class="css-8atqhb"><p class="chakra-text css-0"><span class="chakra-text css-pwnbcb" data-testid="regular-price"><span class="css-idkz9h">$6.97</span>$6.97</span></p></div><a href="/orange-pekoe-premium-black-tea-club-size/p/20030717_EA?source=nspt" class="chakra-linkbox__overlay css-1hnz6hu"><div class="css-0"><p class="chakra-text css-1ecdp9w" data-testid="product-brand">President's Choice</p><h3 class="chakra-heading css-6qrhwc" id="20030717_EA" data-testid="product-title">Orange Pekoe Premium Black Tea Club Size</h3><p class="chakra-text css-1yftjin" data-testid="product-package-size">216 ea, $0.03/1ea</p></div></a><div class="css-8keand"></div></div><div class="css-1q5omjq"><div class="css-fcebb8"><div data-testid="atc-compact" class="css-y94ivq" style="width: 45px;"><button type="button" class="chakra-button css-mudsm6" data-testid="atc-button"><svg stroke="currentColor" fill="currentColor" stroke-width="0" viewBox="0 0 24 24" focusable="false" class="chakra-icon css-1g3sp7a" data-testid="btn-icon" aria-hidden="true" height="1em" width="1em" xmlns="http://www.w3.org/2000/svg"><path d="M19 13h-6v6h-2v-6H5v-2h6V5h2v6h6v2z"></path></svg><span class="css-idkz9h">Add Orange Pekoe Premium Black Tea Club Size to cart</span></button></div></div></div></div></div></div><div class="css-0"><div class="css-f5i5wc"><div class="chakra-linkbox css-vhnn8v"><div data-testid="product-image" class="css-16dr4ly"><img alt="Tea India Ginger Chai Black Tea With Real Ginger  182 g, $3.29/100g" src="https://assets.shop.loblaws.ca/products/21379419/b3/en/front/21379419_front_a06_@2.png" srcset="https://assets.shop.loblaws.ca/products/21379419/b3/en/front/21379419_front_a06_@2.png 1x, https://assets.shop.loblaws.ca/products/21379419/b3/en/front/21379419_front_a06_@2.png 2x" loading="lazy" class="chakra-image css-oguq8l" aria-hidden="true"></div><div class="css-qoklea"><div class="css-12dchmx"></div><div data-testid="price-product-tile" class="css-8atqhb"><p class="chakra-text css-0"><span class="chakra-text css-pwnbcb" data-testid="regular-price"><span class="css-idkz9h">$5.99</span>$5.99</span></p></div><a href="/ginger-chai-black-tea-with-real-ginger/p/21379419_EA?source=nspt" class="chakra-linkbox__overlay css-1hnz6hu"><div class="css-0"><p class="chakra-text css-1ecdp9w" data-testid="product-brand">Tea India</p><h3 class="chakra-heading css-6qrhwc" id="21379419_EA" data-testid="product-title">Ginger Chai Black Tea With Real Ginger </h3><p class="chakra-text css-1yftjin" data-testid="product-package-size">182 g, $3.29/100g</p></div></a><div class="css-8keand"></div></div><div class="css-1q5omjq"><div class="css-fcebb8"><div data-testid="atc-compact" class="css-y94ivq" style="width: 45px;"><button type="button" class="chakra-button css-mudsm6" data-testid="atc-button"><svg stroke="currentColor" fill="currentColor" stroke-width="0" viewBox="0 0 24 24" focusable="false" class="chakra-icon css-1g3sp7a" data-testid="btn-icon" aria-hidden="true" height="1em" width="1em" xmlns="http://www.w3.org/2000/svg"><path d="M19 13h-6v6h-2v-6H5v-2h6V5h2v6h6v2z"></path></svg><span class="css-idkz9h">Add Ginger Chai Black Tea With Real Ginger  to cart</span></button></div></div></div></div></div></div><div class="css-0"><div class="css-f5i5wc"><div class="chakra-linkbox css-vhnn8v"><div data-testid="product-image" class="css-16dr4ly"><img alt="Tea India Chai Tea Latte Mix, Ginger 224 g, $2.67/100g" src="https://assets.shop.loblaws.ca/products/20849288/b3/en/front/20849288_front_a06_@2.png" srcset="https://assets.shop.loblaws.ca/products/20849288/b3/en/front/20849288_front_a06_@2.png 1x, https://assets.shop.loblaws.ca/products/20849288/b3/en/front/20849288_front_a06_@2.png 2x" loading="lazy" class="chakra-image css-oguq8l" aria-hidden="true"></div><div class="css-qoklea"><div class="css-12dchmx"></div><div data-testid="price-product-tile" class="css-8atqhb"><p class="chakra-text css-0"><span class="chakra-text css-pwnbcb" data-testid="regular-price"><span class="css-idkz9h">$5.99</span>$5.99</span></p></div><a href="/chai-tea-latte-mix-ginger/p/20849288_EA?source=nspt" class="chakra-linkbox__overlay css-1hnz6hu"><div class="css-0"><p class="chakra-text css-1ecdp9w" data-testid="product-brand">Tea India</p><h3 class="chakra-heading css-6qrhwc" id="20849288_EA" data-testid="product-title">Chai Tea Latte Mix, Ginger</h3><p class="chakra-text css-1yftjin" data-testid="product-package-size">224 g, $2.67/100g</p></div></a><div class="css-8keand"></div></div><div class="css-1q5omjq"><div class="css-fcebb8"><div data-testid="atc-compact" class="css-y94ivq" style="width: 45px;"><button type="button" class="chakra-button css-mudsm6" data-testid="atc-button"><svg stroke="currentColor" fill="currentColor" stroke-width="0" viewBox="0 0 24 24" focusable="false" class="chakra-icon css-1g3sp7a" data-testid="btn-icon" aria-hidden="true" height="1em" width="1em" xmlns="http://www.w3.org/2000/svg"><path d="M19 13h-6v6h-2v-6H5v-2h6V5h2v6h6v2z"></path></svg><span class="css-idkz9h">Add Chai Tea Latte Mix, Ginger to cart</span></button></div></div><div class="css-4saf4a"><p class="chakra-text css-py8788" data-testid="inventory-badge-text">Low Stock</p></div></div></div></div></div><div class="css-0"><div class="css-f5i5wc"><div class="chakra-linkbox css-vhnn8v"><div data-testid="product-image" class="css-16dr4ly"><img alt="Twinings Herbal Tea Goodnight Blend 50 ea, $0.14/1ea" src="https://assets.shop.loblaws.ca/products/21427851/b3/en/front/21427851_front_a06_@2.png" srcset="https://assets.shop.loblaws.ca/products/21427851/b3/en/front/21427851_front_a06_@2.png 1x, https://assets.shop.loblaws.ca/products/21427851/b3/en/front/21427851_front_a06_@2.png 2x" loading="lazy" class="chakra-image css-oguq8l" aria-hidden="true"></div><div class="css-qoklea"><div class="css-12dchmx"></div><div data-testid="price-product-tile" class="css-8atqhb"><p class="chakra-text css-0"><span class="chakra-text css-pwnbcb" data-testid="regular-price"><span class="css-idkz9h">$6.99</span>$6.99</span></p></div><a href="/herbal-tea-goodnight-blend/p/21427851_EA?source=nspt" class="chakra-linkbox__overlay css-1hnz6hu"><div class="css-0"><p class="chakra-text css-1ecdp9w" data-testid="product-brand">Twinings</p><h3 class="chakra-heading css-6qrhwc" id="21427851_EA" data-testid="product-title">Herbal Tea Goodnight Blend</h3><p class="chakra-text css-1yftjin" data-testid="product-package-size">50 ea, $0.14/1ea</p></div></a><div class="css-8keand"></div></div><div class="css-1q5omjq"><div class="css-fcebb8"><div data-testid="atc-compact" class="css-y94ivq" style="width: 45px;"><button type="button" class="chakra-button css-mudsm6" data-testid="atc-button"><svg stroke="currentColor" fill="currentColor" stroke-width="0" viewBox="0 0 24 24" focusable="false" class="chakra-icon css-1g3sp7a" data-testid="btn-icon" aria-hidden="true" height="1em" width="1em" xmlns="http://www.w3.org/2000/svg"><path d="M19 13h-6v6h-2v-6H5v-2h6V5h2v6h6v2z"></path></svg><span class="css-idkz9h">Add Herbal Tea Goodnight Blend to cart</span></button></div></div></div></div></div></div><div class="css-0"><div class="css-f5i5wc"><div class="chakra-linkbox css-vhnn8v"><div data-testid="product-image" class="css-16dr4ly"><img alt="Twinings 20ct Earl Grey Decaf 20 ea, $0.27/1ea" src="https://assets.shop.loblaws.ca/products/20300532/b3/en/front/20300532_front_a06_@2.png" srcset="https://assets.shop.loblaws.ca/products/20300532/b3/en/front/20300532_front_a06_@2.png 1x, https://assets.shop.loblaws.ca/products/20300532/b3/en/front/20300532_front_a06_@2.png 2x" loading="lazy" class="chakra-image css-oguq8l" aria-hidden="true"></div><div class="css-qoklea"><div class="css-12dchmx"></div><div data-testid="price-product-tile" class="css-8atqhb"><p class="chakra-text css-0"><span class="chakra-text css-pwnbcb" data-testid="regular-price"><span class="css-idkz9h">$5.49</span>$5.49</span></p></div><a href="/20ct-earl-grey-decaf/p/20300532_EA?source=nspt" class="chakra-linkbox__overlay css-1hnz6hu"><div class="css-0"><p class="chakra-text css-1ecdp9w" data-testid="product-brand">Twinings</p><h3 class="chakra-heading css-6qrhwc" id="20300532_EA" data-testid="product-title">20ct Earl Grey Decaf</h3><p class="chakra-text css-1yftjin" data-testid="product-package-size">20 ea, $0.27/1ea</p></div></a><div class="css-8keand"></div></div><div class="css-1q5omjq"><div class="css-fcebb8"><div data-testid="atc-compact" class="css-y94ivq" style="width: 45px;"><button type="button" class="chakra-button css-mudsm6" data-testid="atc-button"><svg stroke="currentColor" fill="currentColor" stroke-width="0" viewBox="0 0 24 24" focusable="false" class="chakra-icon css-1g3sp7a" data-testid="btn-icon" aria-hidden="true" height="1em" width="1em" xmlns="http://www.w3.org/2000/svg"><path d="M19 13h-6v6h-2v-6H5v-2h6V5h2v6h6v2z"></path></svg><span class="css-idkz9h">Add 20ct Earl Grey Decaf to cart</span></button></div></div></div></div></div></div><div class="css-0"><div class="css-f5i5wc"><div class="chakra-linkbox css-vhnn8v"><div data-testid="product-image" class="css-16dr4ly"><img alt="Twinings Superblends Flavoured Herbal Tea Orange &amp; Star Anise 18 ea, $0.38/1ea" src="https://assets.shop.loblaws.ca/products/21427825/b3/en/front/21427825_front_a06_@2.png" srcset="https://assets.shop.loblaws.ca/products/21427825/b3/en/front/21427825_front_a06_@2.png 1x, https://assets.shop.loblaws.ca/products/21427825/b3/en/front/21427825_front_a06_@2.png 2x" loading="lazy" class="chakra-image css-oguq8l" aria-hidden="true"></div><div class="css-qoklea"><div class="css-12dchmx"></div><div data-testid="price-product-tile" class="css-8atqhb"><p class="chakra-text css-0"><span class="chakra-text css-pwnbcb" data-testid="regular-price"><span class="css-idkz9h">$6.79</span>$6.79</span></p></div><a href="/superblends-flavoured-herbal-tea-orange-star-anise/p/21427825_EA?source=nspt" class="chakra-linkbox__overlay css-1hnz6hu"><div class="css-0"><p class="chakra-text css-1ecdp9w" data-testid="product-brand">Twinings</p><h3 class="chakra-heading css-6qrhwc" id="21427825_EA" data-testid="product-title">Superblends Flavoured Herbal Tea Orange &amp; Star Anise</h3><p class="chakra-text css-1yftjin" data-testid="product-package-size">18 ea, $0.38/1ea</p></div></a><div class="css-8keand"></div></div><div class="css-1q5omjq"><div class="css-fcebb8"><div data-testid="atc-compact" class="css-y94ivq" style="width: 45px;"><button type="button" class="chakra-button css-mudsm6" data-testid="atc-button"><svg stroke="currentColor" fill="currentColor" stroke-width="0" viewBox="0 0 24 24" focusable="false" class="chakra-icon css-1g3sp7a" data-testid="btn-icon" aria-hidden="true" height="1em" width="1em" xmlns="http://www.w3.org/2000/svg"><path d="M19 13h-6v6h-2v-6H5v-2h6V5h2v6h6v2z"></path></svg><span class="css-idkz9h">Add Superblends Flavoured Herbal Tea Orange &amp; Star Anise to cart</span></button></div></div></div></div></div></div><div class="css-0"><div class="css-f5i5wc"><div class="chakra-linkbox css-vhnn8v"><div data-testid="product-image" class="css-16dr4ly"><img alt="Carnation Rich And Creamy Hot Chocolate, Large Canister 1.7 kg, $1.29/100g" src="https://assets.shop.loblaws.ca/products/21123226/b3/en/front/21123226_front_a06_@2.png" srcset="https://assets.shop.loblaws.ca/products/21123226/b3/en/front/21123226_front_a06_@2.png 1x, https://assets.shop.loblaws.ca/products/21123226/b3/en/front/21123226_front_a06_@2.png 2x" loading="lazy" class="chakra-image css-oguq8l" aria-hidden="true"></div><div class="css-qoklea"><div class="css-12dchmx"></div><div data-testid="price-product-tile" class="css-8atqhb"><p class="chakra-text css-0"><span class="chakra-text css-pwnbcb" data-testid="regular-price"><span class="css-idkz9h">$21.99</span>$21.99</span></p></div><a href="/rich-and-creamy-hot-chocolate-large-canister/p/21123226_EA?source=nspt" class="chakra-linkbox__overlay css-1hnz6hu"><div class="css-0"><p class="chakra-text css-1ecdp9w" data-testid="product-brand">Carnation</p><h3 class="chakra-heading css-6qrhwc" id="21123226_EA" data-testid="product-title">Rich And Creamy Hot Chocolate, Large Canister</h3><p class="chakra-text css-1yftjin" data-testid="product-package-size">1.7 kg, $1.29/100g</p></div></a><div class="css-8keand"></div></div><div class="css-1q5omjq"><div class="css-fcebb8"><div data-testid="atc-compact" class="css-y94ivq" style="width: 45px;"><button type="button" class="chakra-button css-mudsm6" data-testid="atc-button"><svg stroke="currentColor" fill="currentColor" stroke-width="0" viewBox="0 0 24 24" focusable="false" class="chakra-icon css-1g3sp7a" data-testid="btn-icon" aria-hidden="true" height="1em" width="1em" xmlns="http://www.w3.org/2000/svg"><path d="M19 13h-6v6h-2v-6H5v-2h6V5h2v6h6v2z"></path></svg><span class="css-idkz9h">Add Rich And Creamy Hot Chocolate, Large Canister to cart</span></button></div></div></div></div></div></div><div class="css-0"><div class="css-f5i5wc"><div class="chakra-linkbox css-vhnn8v"><div data-testid="product-image" class="css-16dr4ly"><img alt="Carnation Marshmallow Hot Chocolate Canister 450 g, $1.44/100g" src="https://assets.shop.loblaws.ca/products/21398805/b3/en/front/21398805_front_a06_@2.png" srcset="https://assets.shop.loblaws.ca/products/21398805/b3/en/front/21398805_front_a06_@2.png 1x, https://assets.shop.loblaws.ca/products/21398805/b3/en/front/21398805_front_a06_@2.png 2x" loading="lazy" class="chakra-image css-oguq8l" aria-hidden="true"></div><div class="css-qoklea"><div class="css-12dchmx"></div><div data-testid="price-product-tile" class="css-8atqhb"><p class="chakra-text css-0"><span class="chakra-text css-pwnbcb" data-testid="regular-price"><span class="css-idkz9h">$6.49</span>$6.49</span></p></div><a href="/marshmallow-hot-chocolate-canister/p/21398805_EA?source=nspt" class="chakra-linkbox__overlay css-1hnz6hu"><div class="css-0"><p class="chakra-text css-1ecdp9w" data-testid="product-brand">Carnation</p><h3 class="chakra-heading css-6qrhwc" id="21398805_EA" data-testid="product-title">Marshmallow Hot Chocolate Canister</h3><p class="chakra-text css-1yftjin" data-testid="product-package-size">450 g, $1.44/100g</p></div></a><div class="css-8keand"></div></div><div class="css-1q5omjq"><div class="css-fcebb8"><div data-testid="atc-compact" class="css-y94ivq" style="width: 45px;"><button type="button" class="chakra-button css-mudsm6" data-testid="atc-button"><svg stroke="currentColor" fill="currentColor" stroke-width="0" viewBox="0 0 24 24" focusable="false" class="chakra-icon css-1g3sp7a" data-testid="btn-icon" aria-hidden="true" height="1em" width="1em" xmlns="http://www.w3.org/2000/svg"><path d="M19 13h-6v6h-2v-6H5v-2h6V5h2v6h6v2z"></path></svg><span class="css-idkz9h">Add Marshmallow Hot Chocolate Canister to cart</span></button></div></div></div></div></div></div><div class="css-0"><div class="css-f5i5wc"><div class="chakra-linkbox css-vhnn8v"><div data-testid="product-image" class="css-16dr4ly"><img alt="Tata Loose Black Tea  450 g, $2.00/100g" src="https://assets.shop.loblaws.ca/products/21407294/b3/en/front/21407294_front_a06_@2.png" srcset="https://assets.shop.loblaws.ca/products/21407294/b3/en/front/21407294_front_a06_@2.png 1x, https://assets.shop.loblaws.ca/products/21407294/b3/en/front/21407294_front_a06_@2.png 2x" loading="lazy" class="chakra-image css-oguq8l" aria-hidden="true"></div><div class="css-qoklea"><div class="css-12dchmx"></div><div data-testid="price-product-tile" class="css-8atqhb"><p class="chakra-text css-0"><span class="chakra-text css-pwnbcb" data-testid="regular-price"><span class="css-idkz9h">$8.99</span>$8.99</span></p></div><a href="/loose-black-tea/p/21407294_EA?source=nspt" class="chakra-linkbox__overlay css-1hnz6hu"><div class="css-0"><p class="chakra-text css-1ecdp9w" data-testid="product-brand">Tata</p><h3 class="chakra-heading css-6qrhwc" id="21407294_EA" data-testid="product-title">Loose Black Tea </h3><p class="chakra-text css-1yftjin" data-testid="product-package-size">450 g, $2.00/100g</p></div></a><div class="css-8keand"></div></div><div class="css-1q5omjq"><div class="css-fcebb8"><div data-testid="atc-compact" class="css-y94ivq" style="width: 45px;"><button type="button" class="chakra-button css-mudsm6" data-testid="atc-button"><svg stroke="currentColor" fill="currentColor" stroke-width="0" viewBox="0 0 24 24" focusable="false" class="chakra-icon css-1g3sp7a" data-testid="btn-icon" aria-hidden="true" height="1em" width="1em" xmlns="http://www.w3.org/2000/svg"><path d="M19 13h-6v6h-2v-6H5v-2h6V5h2v6h6v2z"></path></svg><span class="css-idkz9h">Add Loose Black Tea  to cart</span></button></div></div></div></div></div></div><div class="css-0"><div class="css-f5i5wc"><div class="chakra-linkbox css-vhnn8v"><div data-testid="product-image" class="css-16dr4ly"><img alt="Carnation Hot Chocolate Mix, Cookies and Creme - 7 sachets 175 g, $3.02/100g" src="https://assets.shop.loblaws.ca/products/21474100/b3/en/front/21474100_front_a06_@2.png" srcset="https://assets.shop.loblaws.ca/products/21474100/b3/en/front/21474100_front_a06_@2.png 1x, https://assets.shop.loblaws.ca/products/21474100/b3/en/front/21474100_front_a06_@2.png 2x" loading="lazy" class="chakra-image css-oguq8l" aria-hidden="true"></div><div class="css-qoklea"><div class="css-12dchmx"></div><div data-testid="price-product-tile" class="css-8atqhb"><p class="chakra-text css-0"><span class="chakra-text css-pwnbcb" data-testid="regular-price"><span class="css-idkz9h">$5.29</span>$5.29</span></p></div><a href="/hot-chocolate-mix-cookies-and-creme-7-sachets/p/21474100_EA?source=nspt" class="chakra-linkbox__overlay css-1hnz6hu"><div class="css-0"><p class="chakra-text css-1ecdp9w" data-testid="product-brand">Carnation</p><h3 class="chakra-heading css-6qrhwc" id="21474100_EA" data-testid="product-title">Hot Chocolate Mix, Cookies and Creme - 7 sachets</h3><p class="chakra-text css-1yftjin" data-testid="product-package-size">175 g, $3.02/100g</p></div></a><div class="css-8keand"></div></div><div class="css-1q5omjq"><div class="css-fcebb8"><div data-testid="atc-compact" class="css-y94ivq" style="width: 45px;"><button type="button" class="chakra-button css-mudsm6" data-testid="atc-button"><svg stroke="currentColor" fill="currentColor" stroke-width="0" viewBox="0 0 24 24" focusable="false" class="chakra-icon css-1g3sp7a" data-testid="btn-icon" aria-hidden="true" height="1em" width="1em" xmlns="http://www.w3.org/2000/svg"><path d="M19 13h-6v6h-2v-6H5v-2h6V5h2v6h6v2z"></path></svg><span class="css-idkz9h">Add Hot Chocolate Mix, Cookies and Creme - 7 sachets to cart</span></button></div></div></div></div></div></div><div class="css-0"><div class="css-f5i5wc"><div class="chakra-linkbox css-vhnn8v"><div data-testid="product-image" class="css-16dr4ly"><img alt="Tetley Super Herbal Tea Sunshine Lemon &amp; Orange With Vitamin D 20 ea, $0.15/1ea" src="https://assets.shop.loblaws.ca/products/21311686/b3/en/front/21311686_front_a06_@2.png" srcset="https://assets.shop.loblaws.ca/products/21311686/b3/en/front/21311686_front_a06_@2.png 1x, https://assets.shop.loblaws.ca/products/21311686/b3/en/front/21311686_front_a06_@2.png 2x" loading="lazy" class="chakra-image css-oguq8l" aria-hidden="true"></div><div class="css-qoklea"><div class="css-12dchmx"></div><div data-testid="price-product-tile" class="css-8atqhb"><p class="chakra-text css-0"><span class="chakra-text css-o93gbd" data-testid="sale-price"><span class="css-idkz9h">$2.99</span>$2.99</span><span class="chakra-text css-623q5h" data-testid="was-price"><span class="css-idkz9h">$4.99</span>$4.99</span></p><p class="chakra-text css-1m5a6y8" data-testid="price-descriptor">SAVE $2.00</p></div><a href="/super-herbal-tea-sunshine-lemon-orange-with-vitami/p/21311686_EA?source=nspt" class="chakra-linkbox__overlay css-1hnz6hu"><div class="css-0"><p class="chakra-text css-1ecdp9w" data-testid="product-brand">Tetley</p><h3 class="chakra-heading css-6qrhwc" id="21311686_EA" data-testid="product-title">Super Herbal Tea Sunshine Lemon &amp; Orange With Vitamin D</h3><p class="chakra-text css-1yftjin" data-testid="product-package-size">20 ea, $0.15/1ea</p></div></a><div class="css-8keand"></div></div><div class="css-1q5omjq"><div class="css-fcebb8"><div data-testid="atc-compact" class="css-y94ivq" style="width: 45px;"><button type="button" class="chakra-button css-mudsm6" data-testid="atc-button"><svg stroke="currentColor" fill="currentColor" stroke-width="0" viewBox="0 0 24 24" focusable="false" class="chakra-icon css-1g3sp7a" data-testid="btn-icon" aria-hidden="true" height="1em" width="1em" xmlns="http://www.w3.org/2000/svg"><path d="M19 13h-6v6h-2v-6H5v-2h6V5h2v6h6v2z"></path></svg><span class="css-idkz9h">Add Super Herbal Tea Sunshine Lemon &amp; Orange With Vitamin D to cart</span></button></div></div></div></div></div></div><div class="css-0"><div class="css-f5i5wc"><div class="chakra-linkbox css-vhnn8v"><div data-testid="product-image" class="css-16dr4ly"><img alt="Tetley Super Herbal Tea Immune+ Peppermint &amp; Ginger With Zinc And Vitamin D 20 ea, $0.15/1ea" src="https://assets.shop.loblaws.ca/products/21311676/b3/en/front/21311676_front_a06_@2.png" srcset="https://assets.shop.loblaws.ca/products/21311676/b3/en/front/21311676_front_a06_@2.png 1x, https://assets.shop.loblaws.ca/products/21311676/b3/en/front/21311676_front_a06_@2.png 2x" loading="lazy" class="chakra-image css-oguq8l" aria-hidden="true"></div><div class="css-qoklea"><div class="css-12dchmx"></div><div data-testid="price-product-tile" class="css-8atqhb"><p class="chakra-text css-0"><span class="chakra-text css-o93gbd" data-testid="sale-price"><span class="css-idkz9h">$2.99</span>$2.99</span><span class="chakra-text css-623q5h" data-testid="was-price"><span class="css-idkz9h">$4.99</span>$4.99</span></p><p class="chakra-text css-1m5a6y8" data-testid="price-descriptor">SAVE $2.00</p></div><a href="/super-herbal-tea-immune-peppermint-ginger-with-zin/p/21311676_EA?source=nspt" class="chakra-linkbox__overlay css-1hnz6hu"><div class="css-0"><p class="chakra-text css-1ecdp9w" data-testid="product-brand">Tetley</p><h3 class="chakra-heading css-6qrhwc" id="21311676_EA" data-testid="product-title">Super Herbal Tea Immune+ Peppermint &amp; Ginger With Zinc And Vitamin D</h3><p class="chakra-text css-1yftjin" data-testid="product-package-size">20 ea, $0.15/1ea</p></div></a><div class="css-8keand"></div></div><div class="css-1q5omjq"><div class="css-fcebb8"><div data-testid="atc-compact" class="css-y94ivq" style="width: 45px;"><button type="button" class="chakra-button css-mudsm6" data-testid="atc-button"><svg stroke="currentColor" fill="currentColor" stroke-width="0" viewBox="0 0 24 24" focusable="false" class="chakra-icon css-1g3sp7a" data-testid="btn-icon" aria-hidden="true" height="1em" width="1em" xmlns="http://www.w3.org/2000/svg"><path d="M19 13h-6v6h-2v-6H5v-2h6V5h2v6h6v2z"></path></svg><span class="css-idkz9h">Add Super Herbal Tea Immune+ Peppermint &amp; Ginger With Zinc And Vitamin D to cart</span></button></div></div></div></div></div></div><div class="css-0"><div class="css-f5i5wc"><div class="chakra-linkbox css-vhnn8v"><div data-testid="product-image" class="css-16dr4ly"><img alt="President's Choice Rooibos Red Tea 20 ea, $0.15/1ea" src="https://assets.shop.loblaws.ca/products/20301067/b3/en/front/20301067_front_a06_@2.png" srcset="https://assets.shop.loblaws.ca/products/20301067/b3/en/front/20301067_front_a06_@2.png 1x, https://assets.shop.loblaws.ca/products/20301067/b3/en/front/20301067_front_a06_@2.png 2x" loading="lazy" class="chakra-image css-oguq8l" aria-hidden="true"></div><div class="css-qoklea"><div class="css-12dchmx"></div><div data-testid="price-product-tile" class="css-8atqhb"><p class="chakra-text css-0"><span class="chakra-text css-pwnbcb" data-testid="regular-price"><span class="css-idkz9h">$2.99</span>$2.99</span></p></div><a href="/rooibos-red-tea/p/20301067_EA?source=nspt" class="chakra-linkbox__overlay css-1hnz6hu"><div class="css-0"><p class="chakra-text css-1ecdp9w" data-testid="product-brand">President's Choice</p><h3 class="chakra-heading css-6qrhwc" id="20301067_EA" data-testid="product-title">Rooibos Red Tea</h3><p class="chakra-text css-1yftjin" data-testid="product-package-size">20 ea, $0.15/1ea</p></div></a><div class="css-8keand"></div></div><div class="css-1q5omjq"><div class="css-fcebb8"><div data-testid="atc-compact" class="css-y94ivq" style="width: 45px;"><button type="button" class="chakra-button css-mudsm6" data-testid="atc-button"><svg stroke="currentColor" fill="currentColor" stroke-width="0" viewBox="0 0 24 24" focusable="false" class="chakra-icon css-1g3sp7a" data-testid="btn-icon" aria-hidden="true" height="1em" width="1em" xmlns="http://www.w3.org/2000/svg"><path d="M19 13h-6v6h-2v-6H5v-2h6V5h2v6h6v2z"></path></svg><span class="css-idkz9h">Add Rooibos Red Tea to cart</span></button></div></div></div></div></div></div><div class="css-0"><div class="css-f5i5wc"><div class="chakra-linkbox css-vhnn8v"><div data-testid="product-image" class="css-16dr4ly"><img alt="Lipton Yellow Label Black Tea 200 g, $4.75/100g" src="https://assets.shop.loblaws.ca/products/21593357/b3/en/front/21593357_front_a06_@2.png" srcset="https://assets.shop.loblaws.ca/products/21593357/b3/en/front/21593357_front_a06_@2.png 1x, https://assets.shop.loblaws.ca/products/21593357/b3/en/front/21593357_front_a06_@2.png 2x" loading="lazy" class="chakra-image css-oguq8l" aria-hidden="true"></div><div class="css-qoklea"><div class="css-12dchmx"><div class="chakra-badge css-34x0wr" data-testid="product-badge"><div class="css-u4p24i">New</div></div></div><div data-testid="price-product-tile" class="css-8atqhb"><p class="chakra-text css-0"><span class="chakra-text css-pwnbcb" data-testid="regular-price"><span class="css-idkz9h">$9.49</span>$9.49</span></p></div><a href="/yellow-label-black-tea/p/21593357_EA?source=nspt" class="chakra-linkbox__overlay css-1hnz6hu"><div class="css-0"><p class="chakra-text css-1ecdp9w" data-testid="product-brand">Lipton</p><h3 class="chakra-heading css-6qrhwc" id="21593357_EA" data-testid="product-title">Yellow Label Black Tea</h3><p class="chakra-text css-1yftjin" data-testid="product-package-size">200 g, $4.75/100g</p></div></a><div class="css-8keand"></div></div><div class="css-1q5omjq"><div class="css-fcebb8"><div data-testid="atc-compact" class="css-y94ivq" style="width: 45px;"><button type="button" class="chakra-button css-mudsm6" data-testid="atc-button"><svg stroke="currentColor" fill="currentColor" stroke-width="0" viewBox="0 0 24 24" focusable="false" class="chakra-icon css-1g3sp7a" data-testid="btn-icon" aria-hidden="true" height="1em" width="1em" xmlns="http://www.w3.org/2000/svg"><path d="M19 13h-6v6h-2v-6H5v-2h6V5h2v6h6v2z"></path></svg><span class="css-idkz9h">Add Yellow Label Black Tea to cart</span></button></div></div></div></div></div></div><div class="css-0"><div class="css-f5i5wc"><div class="chakra-linkbox css-vhnn8v"><div data-testid="product-image" class="css-16dr4ly"><img alt="Nature Extra Strength 50 g, $11.98/100g" src="https://assets.shop.loblaws.ca/products/20114893/b3/en/front/20114893_front_a06_@2.png" srcset="https://assets.shop.loblaws.ca/products/20114893/b3/en/front/20114893_front_a06_@2.png 1x, https://assets.shop.loblaws.ca/products/20114893/b3/en/front/20114893_front_a06_@2.png 2x" loading="lazy" class="chakra-image css-oguq8l" aria-hidden="true"></div><div class="css-qoklea"><div class="css-12dchmx"></div><div data-testid="price-product-tile" class="css-8atqhb"><p class="chakra-text css-0"><span class="chakra-text css-pwnbcb" data-testid="regular-price"><span class="css-idkz9h">$5.99</span>$5.99</span></p></div><a href="/extra-strength/p/20114893_EA?source=nspt" class="chakra-linkbox__overlay css-1hnz6hu"><div class="css-0"><p class="chakra-text css-1ecdp9w" data-testid="product-brand">Nature</p><h3 class="chakra-heading css-6qrhwc" id="20114893_EA" data-testid="product-title">Extra Strength</h3><p class="chakra-text css-1yftjin" data-testid="product-package-size">50 g, $11.98/100g</p></div></a><div class="css-8keand"></div></div><div class="css-1q5omjq"><div class="css-fcebb8"><div data-testid="atc-compact" class="css-y94ivq" style="width: 45px;"><button type="button" class="chakra-button css-mudsm6" data-testid="atc-button"><svg stroke="currentColor" fill="currentColor" stroke-width="0" viewBox="0 0 24 24" focusable="false" class="chakra-icon css-1g3sp7a" data-testid="btn-icon" aria-hidden="true" height="1em" width="1em" xmlns="http://www.w3.org/2000/svg"><path d="M19 13h-6v6h-2v-6H5v-2h6V5h2v6h6v2z"></path></svg><span class="css-idkz9h">Add Extra Strength to cart</span></button></div></div></div></div></div></div><div class="css-0"><div class="css-f5i5wc"><div class="chakra-linkbox css-vhnn8v"><div data-testid="product-image" class="css-16dr4ly"><img alt="President's Choice Decaffeinated Orange Pekoe Premium Black Tea 48 ea, $0.11/1ea" src="https://assets.shop.loblaws.ca/products/21403481/b3/en/front/21403481_front_a06_@2.png" srcset="https://assets.shop.loblaws.ca/products/21403481/b3/en/front/21403481_front_a06_@2.png 1x, https://assets.shop.loblaws.ca/products/21403481/b3/en/front/21403481_front_a06_@2.png 2x" loading="lazy" class="chakra-image css-oguq8l" aria-hidden="true"></div><div class="css-qoklea"><div class="css-12dchmx"></div><div data-testid="price-product-tile" class="css-8atqhb"><p class="chakra-text css-0"><span class="chakra-text css-pwnbcb" data-testid="regular-price"><span class="css-idkz9h">$5.29</span>$5.29</span></p></div><a href="/decaffeinated-orange-pekoe-premium-black-tea/p/21403481_EA?source=nspt" class="chakra-linkbox__overlay css-1hnz6hu"><div class="css-0"><p class="chakra-text css-1ecdp9w" data-testid="product-brand">President's Choice</p><h3 class="chakra-heading css-6qrhwc" id="21403481_EA" data-testid="product-title">Decaffeinated Orange Pekoe Premium Black Tea</h3><p class="chakra-text css-1yftjin" data-testid="product-package-size">48 ea, $0.11/1ea</p></div></a><div class="css-8keand"></div></div><div class="css-1q5omjq"><div class="css-fcebb8"><div data-testid="atc-compact" class="css-y94ivq" style="width: 45px;"><button type="button" class="chakra-button css-mudsm6" data-testid="atc-button"><svg stroke="currentColor" fill="currentColor" stroke-width="0" viewBox="0 0 24 24" focusable="false" class="chakra-icon css-1g3sp7a" data-testid="btn-icon" aria-hidden="true" height="1em" width="1em" xmlns="http://www.w3.org/2000/svg"><path d="M19 13h-6v6h-2v-6H5v-2h6V5h2v6h6v2z"></path></svg><span class="css-idkz9h">Add Decaffeinated Orange Pekoe Premium Black Tea to cart</span></button></div></div></div></div></div></div><div class="css-0"><div class="css-f5i5wc"><div class="chakra-linkbox css-vhnn8v"><div data-testid="product-image" class="css-16dr4ly"><img alt="Crystal Light Iced Tea Powdered Drink Mix Pitcher Packs 30.9 g, $9.71/100g" src="https://assets.shop.loblaws.ca/products/20306020/b3/en/front/20306020_front_a06_@2.png" srcset="https://assets.shop.loblaws.ca/products/20306020/b3/en/front/20306020_front_a06_@2.png 1x, https://assets.shop.loblaws.ca/products/20306020/b3/en/front/20306020_front_a06_@2.png 2x" loading="lazy" class="chakra-image css-oguq8l" aria-hidden="true"></div><div class="css-qoklea"><div class="css-12dchmx"></div><div data-testid="price-product-tile" class="css-8atqhb"><p class="chakra-text css-0"><span class="chakra-text css-pwnbcb" data-testid="regular-price"><span class="css-idkz9h">$3.00</span>$3.00</span></p></div><a href="/iced-tea-powdered-drink-mix-pitcher-packs/p/20306020_EA?source=nspt" class="chakra-linkbox__overlay css-1hnz6hu"><div class="css-0"><p class="chakra-text css-1ecdp9w" data-testid="product-brand">Crystal Light</p><h3 class="chakra-heading css-6qrhwc" id="20306020_EA" data-testid="product-title">Iced Tea Powdered Drink Mix Pitcher Packs</h3><p class="chakra-text css-1yftjin" data-testid="product-package-size">30.9 g, $9.71/100g</p></div></a><div class="css-8keand"></div></div><div class="css-1q5omjq"><div class="css-fcebb8"><div data-testid="atc-compact" class="css-y94ivq" style="width: 45px;"><button type="button" class="chakra-button css-mudsm6" data-testid="atc-button"><svg stroke="currentColor" fill="currentColor" stroke-width="0" viewBox="0 0 24 24" focusable="false" class="chakra-icon css-1g3sp7a" data-testid="btn-icon" aria-hidden="true" height="1em" width="1em" xmlns="http://www.w3.org/2000/svg"><path d="M19 13h-6v6h-2v-6H5v-2h6V5h2v6h6v2z"></path></svg><span class="css-idkz9h">Add Iced Tea Powdered Drink Mix Pitcher Packs to cart</span></button></div></div></div></div></div></div><div class="css-0"><div class="css-f5i5wc"><div class="chakra-linkbox css-vhnn8v"><div data-testid="product-image" class="css-16dr4ly"><img alt="Tetley Super Herbal Tea-Boost Peach Ginger Dan with Vitamin B6 40 g, $0.15/1ea" src="https://assets.shop.loblaws.ca/products/21194365/b3/en/front/21194365_front_a06_@2.png" srcset="https://assets.shop.loblaws.ca/products/21194365/b3/en/front/21194365_front_a06_@2.png 1x, https://assets.shop.loblaws.ca/products/21194365/b3/en/front/21194365_front_a06_@2.png 2x" loading="lazy" class="chakra-image css-oguq8l" aria-hidden="true"></div><div class="css-qoklea"><div class="css-12dchmx"></div><div data-testid="price-product-tile" class="css-8atqhb"><p class="chakra-text css-0"><span class="chakra-text css-o93gbd" data-testid="sale-price"><span class="css-idkz9h">$2.99</span>$2.99</span><span class="chakra-text css-623q5h" data-testid="was-price"><span class="css-idkz9h">$4.99</span>$4.99</span></p><p class="chakra-text css-1m5a6y8" data-testid="price-descriptor">SAVE $2.00</p></div><a href="/super-herbal-tea-boost-peach-ginger-dan-with-vitam/p/21194365_EA?source=nspt" class="chakra-linkbox__overlay css-1hnz6hu"><div class="css-0"><p class="chakra-text css-1ecdp9w" data-testid="product-brand">Tetley</p><h3 class="chakra-heading css-6qrhwc" id="21194365_EA" data-testid="product-title">Super Herbal Tea-Boost Peach Ginger Dan with Vitamin B6</h3><p class="chakra-text css-1yftjin" data-testid="product-package-size">40 g, $0.15/1ea</p></div></a><div class="css-8keand"></div></div><div class="css-1q5omjq"><div class="css-fcebb8"><div data-testid="atc-compact" class="css-y94ivq" style="width: 45px;"><button type="button" class="chakra-button css-mudsm6" data-testid="atc-button"><svg stroke="currentColor" fill="currentColor" stroke-width="0" viewBox="0 0 24 24" focusable="false" class="chakra-icon css-1g3sp7a" data-testid="btn-icon" aria-hidden="true" height="1em" width="1em" xmlns="http://www.w3.org/2000/svg"><path d="M19 13h-6v6h-2v-6H5v-2h6V5h2v6h6v2z"></path></svg><span class="css-idkz9h">Add Super Herbal Tea-Boost Peach Ginger Dan with Vitamin B6 to cart</span></button></div></div></div></div></div></div><div class="css-0"><div class="css-f5i5wc"><div class="chakra-linkbox css-vhnn8v"><div data-testid="product-image" class="css-16dr4ly"><img alt="Tetley Herbal Tea Live Calm Camomile Spearmint Orange 30 g, $9.97/100g" src="https://assets.shop.loblaws.ca/products/21480614/b3/en/front/21480614_front_a06_@2.png" srcset="https://assets.shop.loblaws.ca/products/21480614/b3/en/front/21480614_front_a06_@2.png 1x, https://assets.shop.loblaws.ca/products/21480614/b3/en/front/21480614_front_a06_@2.png 2x" loading="lazy" class="chakra-image css-oguq8l" aria-hidden="true"></div><div class="css-qoklea"><div class="css-12dchmx"></div><div data-testid="price-product-tile" class="css-8atqhb"><p class="chakra-text css-0"><span class="chakra-text css-o93gbd" data-testid="sale-price"><span class="css-idkz9h">$2.99</span>$2.99</span><span class="chakra-text css-623q5h" data-testid="was-price"><span class="css-idkz9h">$4.49</span>$4.49</span></p><p class="chakra-text css-1m5a6y8" data-testid="price-descriptor">SAVE $1.50</p></div><a href="/herbal-tea-live-calm-camomile-spearmint-orange/p/21480614_EA?source=nspt" class="chakra-linkbox__overlay css-1hnz6hu"><div class="css-0"><p class="chakra-text css-1ecdp9w" data-testid="product-brand">Tetley</p><h3 class="chakra-heading css-6qrhwc" id="21480614_EA" data-testid="product-title">Herbal Tea Live Calm Camomile Spearmint Orange</h3><p class="chakra-text css-1yftjin" data-testid="product-package-size">30 g, $9.97/100g</p></div></a><div class="css-8keand"></div></div><div class="css-1q5omjq"><div class="css-fcebb8"><div data-testid="atc-compact" class="css-y94ivq" style="width: 45px;"><button type="button" class="chakra-button css-mudsm6" data-testid="atc-button"><svg stroke="currentColor" fill="currentColor" stroke-width="0" viewBox="0 0 24 24" focusable="false" class="chakra-icon css-1g3sp7a" data-testid="btn-icon" aria-hidden="true" height="1em" width="1em" xmlns="http://www.w3.org/2000/svg"><path d="M19 13h-6v6h-2v-6H5v-2h6V5h2v6h6v2z"></path></svg><span class="css-idkz9h">Add Herbal Tea Live Calm Camomile Spearmint Orange to cart</span></button></div></div></div></div></div></div><div class="css-0"><div class="css-f5i5wc"><div class="chakra-linkbox css-vhnn8v"><div data-testid="product-image" class="css-16dr4ly"><img alt="Brooke Bond Taj Mahal Black Tea, Loose 900 g, $1.44/100g" src="https://assets.shop.loblaws.ca/products/21016924/b3/en/front/21016924_front_a06_@2.png" srcset="https://assets.shop.loblaws.ca/products/21016924/b3/en/front/21016924_front_a06_@2.png 1x, https://assets.shop.loblaws.ca/products/21016924/b3/en/front/21016924_front_a06_@2.png 2x" loading="lazy" class="chakra-image css-oguq8l" aria-hidden="true"></div><div class="css-qoklea"><div class="css-12dchmx"></div><div data-testid="price-product-tile" class="css-8atqhb"><p class="chakra-text css-0"><span class="chakra-text css-pwnbcb" data-testid="regular-price"><span class="css-idkz9h">$12.99</span>$12.99</span></p></div><a href="/taj-mahal-black-tea-loose/p/21016924_EA?source=nspt" class="chakra-linkbox__overlay css-1hnz6hu"><div class="css-0"><p class="chakra-text css-1ecdp9w" data-testid="product-brand">Brooke Bond</p><h3 class="chakra-heading css-6qrhwc" id="21016924_EA" data-testid="product-title">Taj Mahal Black Tea, Loose</h3><p class="chakra-text css-1yftjin" data-testid="product-package-size">900 g, $1.44/100g</p></div></a><div class="css-8keand"></div></div><div class="css-1q5omjq"><div class="css-fcebb8"><div data-testid="atc-compact" class="css-y94ivq" style="width: 45px;"><button type="button" class="chakra-button css-mudsm6" data-testid="atc-button"><svg stroke="currentColor" fill="currentColor" stroke-width="0" viewBox="0 0 24 24" focusable="false" class="chakra-icon css-1g3sp7a" data-testid="btn-icon" aria-hidden="true" height="1em" width="1em" xmlns="http://www.w3.org/2000/svg"><path d="M19 13h-6v6h-2v-6H5v-2h6V5h2v6h6v2z"></path></svg><span class="css-idkz9h">Add Taj Mahal Black Tea, Loose to cart</span></button></div></div></div></div></div></div><div class="css-0"><div class="css-f5i5wc"><div class="chakra-linkbox css-vhnn8v"><div data-testid="product-image" class="css-16dr4ly"><img alt="Nestlé Carnation Hot Chocolate Mix Turtles 400 g, $1.62/100g" src="https://assets.shop.loblaws.ca/products/21549711/b3/en/front/21549711_front_a06_@2.png" srcset="https://assets.shop.loblaws.ca/products/21549711/b3/en/front/21549711_front_a06_@2.png 1x, https://assets.shop.loblaws.ca/products/21549711/b3/en/front/21549711_front_a06_@2.png 2x" loading="lazy" class="chakra-image css-oguq8l" aria-hidden="true"></div><div class="css-qoklea"><div class="css-12dchmx"></div><div data-testid="price-product-tile" class="css-8atqhb"><p class="chakra-text css-0"><span class="chakra-text css-pwnbcb" data-testid="regular-price"><span class="css-idkz9h">$6.49</span>$6.49</span></p></div><a href="/carnation-hot-chocolate-mix-turtles/p/21549711_EA?source=nspt" class="chakra-linkbox__overlay css-1hnz6hu"><div class="css-0"><p class="chakra-text css-1ecdp9w" data-testid="product-brand">Nestlé</p><h3 class="chakra-heading css-6qrhwc" id="21549711_EA" data-testid="product-title">Carnation Hot Chocolate Mix Turtles</h3><p class="chakra-text css-1yftjin" data-testid="product-package-size">400 g, $1.62/100g</p></div></a><div class="css-8keand"></div></div><div class="css-1q5omjq"><div class="css-fcebb8"><div data-testid="atc-compact" class="css-y94ivq" style="width: 45px;"><button type="button" class="chakra-button css-mudsm6" data-testid="atc-button"><svg stroke="currentColor" fill="currentColor" stroke-width="0" viewBox="0 0 24 24" focusable="false" class="chakra-icon css-1g3sp7a" data-testid="btn-icon" aria-hidden="true" height="1em" width="1em" xmlns="http://www.w3.org/2000/svg"><path d="M19 13h-6v6h-2v-6H5v-2h6V5h2v6h6v2z"></path></svg><span class="css-idkz9h">Add Carnation Hot Chocolate Mix Turtles to cart</span></button></div></div></div></div></div></div><div class="css-0"><div class="css-f5i5wc"><div class="chakra-linkbox css-vhnn8v"><div data-testid="product-image" class="css-16dr4ly"><img alt="No Name 2-Cup Black Tea Bags 100 ea, $0.03/1ea" src="https://assets.shop.loblaws.ca/products/20160518/b3/en/front/20160518_front_a06_@2.png" srcset="https://assets.shop.loblaws.ca/products/20160518/b3/en/front/20160518_front_a06_@2.png 1x, https://assets.shop.loblaws.ca/products/20160518/b3/en/front/20160518_front_a06_@2.png 2x" loading="lazy" class="chakra-image css-oguq8l" aria-hidden="true"></div><div class="css-qoklea"><div class="css-12dchmx"></div><div data-testid="price-product-tile" class="css-8atqhb"><p class="chakra-text css-0"><span class="chakra-text css-pwnbcb" data-testid="regular-price"><span class="css-idkz9h">$2.99</span>$2.99</span></p></div><a href="/2-cup-black-tea-bags/p/20160518_EA?source=nspt" class="chakra-linkbox__overlay css-1hnz6hu"><div class="css-0"><p class="chakra-text css-1ecdp9w" data-testid="product-brand">No Name</p><h3 class="chakra-heading css-6qrhwc" id="20160518_EA" data-testid="product-title">2-Cup Black Tea Bags</h3><p class="chakra-text css-1yftjin" data-testid="product-package-size">100 ea, $0.03/1ea</p></div></a><div class="css-8keand"></div></div><div class="css-1q5omjq"><div class="css-fcebb8"><div data-testid="atc-compact" class="css-y94ivq" style="width: 45px;"><button type="button" class="chakra-button css-mudsm6" data-testid="atc-button"><svg stroke="currentColor" fill="currentColor" stroke-width="0" viewBox="0 0 24 24" focusable="false" class="chakra-icon css-1g3sp7a" data-testid="btn-icon" aria-hidden="true" height="1em" width="1em" xmlns="http://www.w3.org/2000/svg"><path d="M19 13h-6v6h-2v-6H5v-2h6V5h2v6h6v2z"></path></svg><span class="css-idkz9h">Add 2-Cup Black Tea Bags to cart</span></button></div></div></div></div></div></div><div class="css-0"><div class="css-f5i5wc"><div class="chakra-linkbox css-vhnn8v"><div data-testid="product-image" class="css-16dr4ly"><img alt="Tetley The Orange Pekoe 72 ea, $0.06/1ea" src="https://assets.shop.loblaws.ca/products/20304420/b3/en/front/20304420_front_a06_@2.png" srcset="https://assets.shop.loblaws.ca/products/20304420/b3/en/front/20304420_front_a06_@2.png 1x, https://assets.shop.loblaws.ca/products/20304420/b3/en/front/20304420_front_a06_@2.png 2x" loading="lazy" class="chakra-image css-oguq8l" aria-hidden="true"></div><div class="css-qoklea"><div class="css-12dchmx"></div><div data-testid="price-product-tile" class="css-8atqhb"><p class="chakra-text css-0"><span class="chakra-text css-o93gbd" data-testid="sale-price"><span class="css-idkz9h">$3.99</span>$3.99</span><span class="chakra-text css-623q5h" data-testid="was-price"><span class="css-idkz9h">$6.29</span>$6.29</span></p><p class="chakra-text css-1m5a6y8" data-testid="price-descriptor">SAVE $2.30</p></div><a href="/the-orange-pekoe/p/20304420_EA?source=nspt" class="chakra-linkbox__overlay css-1hnz6hu"><div class="css-0"><p class="chakra-text css-1ecdp9w" data-testid="product-brand">Tetley</p><h3 class="chakra-heading css-6qrhwc" id="20304420_EA" data-testid="product-title">The Orange Pekoe</h3><p class="chakra-text css-1yftjin" data-testid="product-package-size">72 ea, $0.06/1ea</p></div></a><div class="css-8keand"></div></div><div class="css-1q5omjq"><div class="css-fcebb8"><div data-testid="atc-compact" class="css-y94ivq" style="width: 45px;"><button type="button" class="chakra-button css-mudsm6" data-testid="atc-button"><svg stroke="currentColor" fill="currentColor" stroke-width="0" viewBox="0 0 24 24" focusable="false" class="chakra-icon css-1g3sp7a" data-testid="btn-icon" aria-hidden="true" height="1em" width="1em" xmlns="http://www.w3.org/2000/svg"><path d="M19 13h-6v6h-2v-6H5v-2h6V5h2v6h6v2z"></path></svg><span class="css-idkz9h">Add The Orange Pekoe to cart</span></button></div></div></div></div></div></div><div class="css-0"><div class="css-f5i5wc"><div class="chakra-linkbox css-vhnn8v"><div data-testid="product-image" class="css-16dr4ly"><img alt="Tetley Super Green Tea Antiox Tropical With Vitamin C 20 ea, $0.15/1ea" src="https://assets.shop.loblaws.ca/products/21107154/b3/en/front/21107154_front_a06_@2.png" srcset="https://assets.shop.loblaws.ca/products/21107154/b3/en/front/21107154_front_a06_@2.png 1x, https://assets.shop.loblaws.ca/products/21107154/b3/en/front/21107154_front_a06_@2.png 2x" loading="lazy" class="chakra-image css-oguq8l" aria-hidden="true"></div><div class="css-qoklea"><div class="css-12dchmx"></div><div data-testid="price-product-tile" class="css-8atqhb"><p class="chakra-text css-0"><span class="chakra-text css-o93gbd" data-testid="sale-price"><span class="css-idkz9h">$2.99</span>$2.99</span><span class="chakra-text css-623q5h" data-testid="was-price"><span class="css-idkz9h">$4.49</span>$4.49</span></p><p class="chakra-text css-1m5a6y8" data-testid="price-descriptor">SAVE $1.50</p></div><a href="/super-green-tea-antiox-tropical-with-vitamin-c/p/21107154_EA?source=nspt" class="chakra-linkbox__overlay css-1hnz6hu"><div class="css-0"><p class="chakra-text css-1ecdp9w" data-testid="product-brand">Tetley</p><h3 class="chakra-heading css-6qrhwc" id="21107154_EA" data-testid="product-title">Super Green Tea Antiox Tropical With Vitamin C</h3><p class="chakra-text css-1yftjin" data-testid="product-package-size">20 ea, $0.15/1ea</p></div></a><div class="css-8keand"></div></div><div class="css-1q5omjq"><div class="css-fcebb8"><div data-testid="atc-compact" class="css-y94ivq" style="width: 45px;"><button type="button" class="chakra-button css-mudsm6" data-testid="atc-button"><svg stroke="currentColor" fill="currentColor" stroke-width="0" viewBox="0 0 24 24" focusable="false" class="chakra-icon css-1g3sp7a" data-testid="btn-icon" aria-hidden="true" height="1em" width="1em" xmlns="http://www.w3.org/2000/svg"><path d="M19 13h-6v6h-2v-6H5v-2h6V5h2v6h6v2z"></path></svg><span class="css-idkz9h">Add Super Green Tea Antiox Tropical With Vitamin C to cart</span></button></div></div></div></div></div></div><div class="css-0"><div class="css-f5i5wc"><div class="chakra-linkbox css-vhnn8v"><div data-testid="product-image" class="css-16dr4ly"><img alt="Tetley The corse orange pekoe - Corse  72 ea, $0.06/1ea" src="https://assets.shop.loblaws.ca/products/20711160/b3/en/front/20711160_front_a06_@2.png" srcset="https://assets.shop.loblaws.ca/products/20711160/b3/en/front/20711160_front_a06_@2.png 1x, https://assets.shop.loblaws.ca/products/20711160/b3/en/front/20711160_front_a06_@2.png 2x" loading="lazy" class="chakra-image css-oguq8l" aria-hidden="true"></div><div class="css-qoklea"><div class="css-12dchmx"></div><div data-testid="price-product-tile" class="css-8atqhb"><p class="chakra-text css-0"><span class="chakra-text css-o93gbd" data-testid="sale-price"><span class="css-idkz9h">$3.99</span>$3.99</span><span class="chakra-text css-623q5h" data-testid="was-price"><span class="css-idkz9h">$6.29</span>$6.29</span></p><p class="chakra-text css-1m5a6y8" data-testid="price-descriptor">SAVE $2.30</p></div><a href="/the-corse-orange-pekoe-corse/p/20711160_EA?source=nspt" class="chakra-linkbox__overlay css-1hnz6hu"><div class="css-0"><p class="chakra-text css-1ecdp9w" data-testid="product-brand">Tetley</p><h3 class="chakra-heading css-6qrhwc" id="20711160_EA" data-testid="product-title">The corse orange pekoe - Corse </h3><p class="chakra-text css-1yftjin" data-testid="product-package-size">72 ea, $0.06/1ea</p></div></a><div class="css-8keand"></div></div><div class="css-1q5omjq"><div class="css-fcebb8"><div data-testid="atc-compact" class="css-y94ivq" style="width: 45px;"><button type="button" class="chakra-button css-mudsm6" data-testid="atc-button"><svg stroke="currentColor" fill="currentColor" stroke-width="0" viewBox="0 0 24 24" focusable="false" class="chakra-icon css-1g3sp7a" data-testid="btn-icon" aria-hidden="true" height="1em" width="1em" xmlns="http://www.w3.org/2000/svg"><path d="M19 13h-6v6h-2v-6H5v-2h6V5h2v6h6v2z"></path></svg><span class="css-idkz9h">Add The corse orange pekoe - Corse  to cart</span></button></div></div></div></div></div></div><div class="css-0"><div class="css-f5i5wc"><div class="chakra-linkbox css-vhnn8v"><div data-testid="product-image" class="css-16dr4ly"><img alt="President's Choice Green Tea 20 ea, $0.15/1ea" src="https://assets.shop.loblaws.ca/products/20308417/b3/en/front/20308417_front_a06_@2.png" srcset="https://assets.shop.loblaws.ca/products/20308417/b3/en/front/20308417_front_a06_@2.png 1x, https://assets.shop.loblaws.ca/products/20308417/b3/en/front/20308417_front_a06_@2.png 2x" loading="lazy" class="chakra-image css-oguq8l" aria-hidden="true"></div><div class="css-qoklea"><div class="css-12dchmx"></div><div data-testid="price-product-tile" class="css-8atqhb"><p class="chakra-text css-0"><span class="chakra-text css-pwnbcb" data-testid="regular-price"><span class="css-idkz9h">$2.99</span>$2.99</span></p></div><a href="/green-tea/p/20308417_EA?source=nspt" class="chakra-linkbox__overlay css-1hnz6hu"><div class="css-0"><p class="chakra-text css-1ecdp9w" data-testid="product-brand">President's Choice</p><h3 class="chakra-heading css-6qrhwc" id="20308417_EA" data-testid="product-title">Green Tea</h3><p class="chakra-text css-1yftjin" data-testid="product-package-size">20 ea, $0.15/1ea</p></div></a><div class="css-8keand"></div></div><div class="css-1q5omjq"><div class="css-fcebb8"><div data-testid="atc-compact" class="css-y94ivq" style="width: 45px;"><button type="button" class="chakra-button css-mudsm6" data-testid="atc-button"><svg stroke="currentColor" fill="currentColor" stroke-width="0" viewBox="0 0 24 24" focusable="false" class="chakra-icon css-1g3sp7a" data-testid="btn-icon" aria-hidden="true" height="1em" width="1em" xmlns="http://www.w3.org/2000/svg"><path d="M19 13h-6v6h-2v-6H5v-2h6V5h2v6h6v2z"></path></svg><span class="css-idkz9h">Add Green Tea to cart</span></button></div></div></div></div></div></div><div class="css-0"><div class="css-f5i5wc"><div class="chakra-linkbox css-vhnn8v"><div data-testid="product-image" class="css-16dr4ly"><img alt="Tetley Green Tea The Vert Naturellement Decafeine    80 ea, $0.13/1ea" src="https://assets.shop.loblaws.ca/products/20719836/b3/en/front/20719836_front_a06_@2.png" srcset="https://assets.shop.loblaws.ca/products/20719836/b3/en/front/20719836_front_a06_@2.png 1x, https://assets.shop.loblaws.ca/products/20719836/b3/en/front/20719836_front_a06_@2.png 2x" loading="lazy" class="chakra-image css-oguq8l" aria-hidden="true"></div><div class="css-qoklea"><div class="css-12dchmx"></div><div data-testid="price-product-tile" class="css-8atqhb"><p class="chakra-text css-0"><span class="chakra-text css-pwnbcb" data-testid="regular-price"><span class="css-idkz9h">$10.49</span>$10.49</span></p></div><a href="/green-tea-the-vert-naturellement-decafeine/p/20719836_EA?source=nspt" class="chakra-linkbox__overlay css-1hnz6hu"><div class="css-0"><p class="chakra-text css-1ecdp9w" data-testid="product-brand">Tetley</p><h3 class="chakra-heading css-6qrhwc" id="20719836_EA" data-testid="product-title">Green Tea The Vert Naturellement Decafeine   </h3><p class="chakra-text css-1yftjin" data-testid="product-package-size">80 ea, $0.13/1ea</p></div></a><div class="css-8keand"></div></div><div class="css-1q5omjq"><div class="css-fcebb8"><div data-testid="atc-compact" class="css-y94ivq" style="width: 45px;"><button type="button" class="chakra-button css-mudsm6" data-testid="atc-button"><svg stroke="currentColor" fill="currentColor" stroke-width="0" viewBox="0 0 24 24" focusable="false" class="chakra-icon css-1g3sp7a" data-testid="btn-icon" aria-hidden="true" height="1em" width="1em" xmlns="http://www.w3.org/2000/svg"><path d="M19 13h-6v6h-2v-6H5v-2h6V5h2v6h6v2z"></path></svg><span class="css-idkz9h">Add Green Tea The Vert Naturellement Decafeine    to cart</span></button></div></div></div></div></div></div><div class="css-0"><div class="css-f5i5wc"><div class="chakra-linkbox css-vhnn8v"><div data-testid="product-image" class="css-16dr4ly"><img alt="Lipton Green Tea 200 g, $4.75/100g" src="https://assets.shop.loblaws.ca/products/21593297/b3/en/front/21593297_front_a06_@2.png" srcset="https://assets.shop.loblaws.ca/products/21593297/b3/en/front/21593297_front_a06_@2.png 1x, https://assets.shop.loblaws.ca/products/21593297/b3/en/front/21593297_front_a06_@2.png 2x" loading="lazy" class="chakra-image css-oguq8l" aria-hidden="true"></div><div class="css-qoklea"><div class="css-12dchmx"><div class="chakra-badge css-34x0wr" data-testid="product-badge"><div class="css-u4p24i">New</div></div></div><div data-testid="price-product-tile" class="css-8atqhb"><p class="chakra-text css-0"><span class="chakra-text css-pwnbcb" data-testid="regular-price"><span class="css-idkz9h">$9.49</span>$9.49</span></p></div><a href="/green-tea/p/21593297_EA?source=nspt" class="chakra-linkbox__overlay css-1hnz6hu"><div class="css-0"><p class="chakra-text css-1ecdp9w" data-testid="product-brand">Lipton</p><h3 class="chakra-heading css-6qrhwc" id="21593297_EA" data-testid="product-title">Green Tea</h3><p class="chakra-text css-1yftjin" data-testid="product-package-size">200 g, $4.75/100g</p></div></a><div class="css-8keand"></div></div><div class="css-1q5omjq"><div class="css-fcebb8"><div data-testid="atc-compact" class="css-y94ivq" style="width: 45px;"><button type="button" class="chakra-button css-mudsm6" data-testid="atc-button"><svg stroke="currentColor" fill="currentColor" stroke-width="0" viewBox="0 0 24 24" focusable="false" class="chakra-icon css-1g3sp7a" data-testid="btn-icon" aria-hidden="true" height="1em" width="1em" xmlns="http://www.w3.org/2000/svg"><path d="M19 13h-6v6h-2v-6H5v-2h6V5h2v6h6v2z"></path></svg><span class="css-idkz9h">Add Green Tea to cart</span></button></div></div></div></div></div></div><div class="css-0"><div class="css-f5i5wc"><div class="chakra-linkbox css-vhnn8v"><div data-testid="product-image" class="css-16dr4ly"><img alt="Tetley Earl Grey Specialty Tea    24 ea, $0.12/1ea" src="https://assets.shop.loblaws.ca/products/20795090002/b3/en/front/20795090002_front_a06_@2.png" srcset="https://assets.shop.loblaws.ca/products/20795090002/b3/en/front/20795090002_front_a06_@2.png 1x, https://assets.shop.loblaws.ca/products/20795090002/b3/en/front/20795090002_front_a06_@2.png 2x" loading="lazy" class="chakra-image css-oguq8l" aria-hidden="true"></div><div class="css-qoklea"><div class="css-12dchmx"></div><div data-testid="price-product-tile" class="css-8atqhb"><p class="chakra-text css-0"><span class="chakra-text css-o93gbd" data-testid="sale-price"><span class="css-idkz9h">$2.99</span>$2.99</span><span class="chakra-text css-623q5h" data-testid="was-price"><span class="css-idkz9h">$4.49</span>$4.49</span></p><p class="chakra-text css-1m5a6y8" data-testid="price-descriptor">SAVE $1.50</p></div><a href="/earl-grey-specialty-tea/p/20795090002_EA?source=nspt" class="chakra-linkbox__overlay css-1hnz6hu"><div class="css-0"><p class="chakra-text css-1ecdp9w" data-testid="product-brand">Tetley</p><h3 class="chakra-heading css-6qrhwc" id="20795090002_EA" data-testid="product-title">Earl Grey Specialty Tea   </h3><p class="chakra-text css-1yftjin" data-testid="product-package-size">24 ea, $0.12/1ea</p></div></a><div class="css-8keand"></div></div><div class="css-1q5omjq"><div class="css-fcebb8"><div data-testid="atc-compact" class="css-y94ivq" style="width: 45px;"><button type="button" class="chakra-button css-mudsm6" data-testid="atc-button"><svg stroke="currentColor" fill="currentColor" stroke-width="0" viewBox="0 0 24 24" focusable="false" class="chakra-icon css-1g3sp7a" data-testid="btn-icon" aria-hidden="true" height="1em" width="1em" xmlns="http://www.w3.org/2000/svg"><path d="M19 13h-6v6h-2v-6H5v-2h6V5h2v6h6v2z"></path></svg><span class="css-idkz9h">Add Earl Grey Specialty Tea    to cart</span></button></div></div></div></div></div></div><div class="css-0"><div class="css-f5i5wc"><div class="chakra-linkbox css-vhnn8v"><div data-testid="product-image" class="css-16dr4ly"><img alt="President's Choice Dirty Chai Black Tea with Espresso Coffee 20 ea, $0.15/1ea" src="https://assets.shop.loblaws.ca/products/21105267/b3/en/front/21105267_front_a06_@2.png" srcset="https://assets.shop.loblaws.ca/products/21105267/b3/en/front/21105267_front_a06_@2.png 1x, https://assets.shop.loblaws.ca/products/21105267/b3/en/front/21105267_front_a06_@2.png 2x" loading="lazy" class="chakra-image css-oguq8l" aria-hidden="true"></div><div class="css-qoklea"><div class="css-12dchmx"></div><div data-testid="price-product-tile" class="css-8atqhb"><p class="chakra-text css-0"><span class="chakra-text css-pwnbcb" data-testid="regular-price"><span class="css-idkz9h">$2.99</span>$2.99</span></p></div><a href="/dirty-chai-black-tea-with-espresso-coffee/p/21105267_EA?source=nspt" class="chakra-linkbox__overlay css-1hnz6hu"><div class="css-0"><p class="chakra-text css-1ecdp9w" data-testid="product-brand">President's Choice</p><h3 class="chakra-heading css-6qrhwc" id="21105267_EA" data-testid="product-title">Dirty Chai Black Tea with Espresso Coffee</h3><p class="chakra-text css-1yftjin" data-testid="product-package-size">20 ea, $0.15/1ea</p></div></a><div class="css-8keand"></div></div><div class="css-1q5omjq"><div class="css-fcebb8"><div data-testid="atc-compact" class="css-y94ivq" style="width: 45px;"><button type="button" class="chakra-button css-mudsm6" data-testid="atc-button"><svg stroke="currentColor" fill="currentColor" stroke-width="0" viewBox="0 0 24 24" focusable="false" class="chakra-icon css-1g3sp7a" data-testid="btn-icon" aria-hidden="true" height="1em" width="1em" xmlns="http://www.w3.org/2000/svg"><path d="M19 13h-6v6h-2v-6H5v-2h6V5h2v6h6v2z"></path></svg><span class="css-idkz9h">Add Dirty Chai Black Tea with Espresso Coffee to cart</span></button></div></div></div></div></div></div><div class="css-0"><div class="css-f5i5wc"><div class="chakra-linkbox css-vhnn8v"><div data-testid="product-image" class="css-16dr4ly"><img alt="Lipton Yellow Label Loose Tea 450 g, $2.44/100g" src="https://assets.shop.loblaws.ca/products/21553517/b3/en/front/21553517_front_a06_@2.png" srcset="https://assets.shop.loblaws.ca/products/21553517/b3/en/front/21553517_front_a06_@2.png 1x, https://assets.shop.loblaws.ca/products/21553517/b3/en/front/21553517_front_a06_@2.png 2x" loading="lazy" class="chakra-image css-oguq8l" aria-hidden="true"></div><div class="css-qoklea"><div class="css-12dchmx"></div><div data-testid="price-product-tile" class="css-8atqhb"><p class="chakra-text css-0"><span class="chakra-text css-pwnbcb" data-testid="regular-price"><span class="css-idkz9h">$10.99</span>$10.99</span></p></div><a href="/yellow-label-loose-tea/p/21553517_EA?source=nspt" class="chakra-linkbox__overlay css-1hnz6hu"><div class="css-0"><p class="chakra-text css-1ecdp9w" data-testid="product-brand">Lipton</p><h3 class="chakra-heading css-6qrhwc" id="21553517_EA" data-testid="product-title">Yellow Label Loose Tea</h3><p class="chakra-text css-1yftjin" data-testid="product-package-size">450 g, $2.44/100g</p></div></a><div class="css-8keand"></div></div><div class="css-1q5omjq"><div class="css-fcebb8"><div data-testid="atc-compact" class="css-y94ivq" style="width: 45px;"><button type="button" class="chakra-button css-mudsm6" data-testid="atc-button"><svg stroke="currentColor" fill="currentColor" stroke-width="0" viewBox="0 0 24 24" focusable="false" class="chakra-icon css-1g3sp7a" data-testid="btn-icon" aria-hidden="true" height="1em" width="1em" xmlns="http://www.w3.org/2000/svg"><path d="M19 13h-6v6h-2v-6H5v-2h6V5h2v6h6v2z"></path></svg><span class="css-idkz9h">Add Yellow Label Loose Tea to cart</span></button></div></div><div class="css-4saf4a"><p class="chakra-text css-py8788" data-testid="inventory-badge-text">Low Stock</p></div></div></div></div></div><div class="css-0"><div class="css-f5i5wc"><div class="chakra-linkbox css-vhnn8v"><div data-testid="product-image" class="css-16dr4ly"><img alt="Ahmad Tea, Earl Grey Tea 200 g, $3.50/100g" src="https://assets.shop.loblaws.ca/products/20880370/b3/en/front/20880370_front_a06_@2.png" srcset="https://assets.shop.loblaws.ca/products/20880370/b3/en/front/20880370_front_a06_@2.png 1x, https://assets.shop.loblaws.ca/products/20880370/b3/en/front/20880370_front_a06_@2.png 2x" loading="lazy" class="chakra-image css-oguq8l" aria-hidden="true"></div><div class="css-qoklea"><div class="css-12dchmx"></div><div data-testid="price-product-tile" class="css-8atqhb"><p class="chakra-text css-0"><span class="chakra-text css-pwnbcb" data-testid="regular-price"><span class="css-idkz9h">$6.99</span>$6.99</span></p></div><a href="/tea-earl-grey-tea/p/20880370_EA?source=nspt" class="chakra-linkbox__overlay css-1hnz6hu"><div class="css-0"><p class="chakra-text css-1ecdp9w" data-testid="product-brand">Ahmad</p><h3 class="chakra-heading css-6qrhwc" id="20880370_EA" data-testid="product-title">Tea, Earl Grey Tea</h3><p class="chakra-text css-1yftjin" data-testid="product-package-size">200 g, $3.50/100g</p></div></a><div class="css-8keand"></div></div><div class="css-1q5omjq"><div class="css-fcebb8"><div data-testid="atc-compact" class="css-y94ivq" style="width: 45px;"><button type="button" class="chakra-button css-mudsm6" data-testid="atc-button"><svg stroke="currentColor" fill="currentColor" stroke-width="0" viewBox="0 0 24 24" focusable="false" class="chakra-icon css-1g3sp7a" data-testid="btn-icon" aria-hidden="true" height="1em" width="1em" xmlns="http://www.w3.org/2000/svg"><path d="M19 13h-6v6h-2v-6H5v-2h6V5h2v6h6v2z"></path></svg><span class="css-idkz9h">Add Tea, Earl Grey Tea to cart</span></button></div></div></div></div></div></div><div class="css-0"><div class="css-f5i5wc"><div class="chakra-linkbox css-vhnn8v"><div data-testid="product-image" class="css-16dr4ly"><img alt="Gold Kili Matcha Latte Instant 10 250 g, $2.40/100g" src="https://assets.shop.loblaws.ca/products/21166724/b3/en/front/21166724_front_a06_@2.png" srcset="https://assets.shop.loblaws.ca/products/21166724/b3/en/front/21166724_front_a06_@2.png 1x, https://assets.shop.loblaws.ca/products/21166724/b3/en/front/21166724_front_a06_@2.png 2x" loading="lazy" class="chakra-image css-oguq8l" aria-hidden="true"></div><div class="css-qoklea"><div class="css-12dchmx"></div><div data-testid="price-product-tile" class="css-8atqhb"><p class="chakra-text css-0"><span class="chakra-text css-pwnbcb" data-testid="regular-price"><span class="css-idkz9h">$5.99</span>$5.99</span></p></div><a href="/matcha-latte-instant-10/p/21166724_EA?source=nspt" class="chakra-linkbox__overlay css-1hnz6hu"><div class="css-0"><p class="chakra-text css-1ecdp9w" data-testid="product-brand">Gold Kili</p><h3 class="chakra-heading css-6qrhwc" id="21166724_EA" data-testid="product-title">Matcha Latte Instant 10</h3><p class="chakra-text css-1yftjin" data-testid="product-package-size">250 g, $2.40/100g</p></div></a><div class="css-8keand"></div></div><div class="css-1q5omjq"><div class="css-fcebb8"><div data-testid="atc-compact" class="css-y94ivq" style="width: 45px;"><button type="button" class="chakra-button css-mudsm6" data-testid="atc-button"><svg stroke="currentColor" fill="currentColor" stroke-width="0" viewBox="0 0 24 24" focusable="false" class="chakra-icon css-1g3sp7a" data-testid="btn-icon" aria-hidden="true" height="1em" width="1em" xmlns="http://www.w3.org/2000/svg"><path d="M19 13h-6v6h-2v-6H5v-2h6V5h2v6h6v2z"></path></svg><span class="css-idkz9h">Add Matcha Latte Instant 10 to cart</span></button></div></div></div></div></div></div><div class="css-0"><div class="css-f5i5wc"><div class="chakra-linkbox css-vhnn8v"><div data-testid="product-image" class="css-16dr4ly"><img alt="Tazo Herbal Tea Passion Hibiscus, Orange peel and Passion Fruit Flavours 1 ea, $5.99/1ea" src="https://assets.shop.loblaws.ca/products/21308031/b3/en/front/21308031_front_a06_@2.png" srcset="https://assets.shop.loblaws.ca/products/21308031/b3/en/front/21308031_front_a06_@2.png 1x, https://assets.shop.loblaws.ca/products/21308031/b3/en/front/21308031_front_a06_@2.png 2x" loading="lazy" class="chakra-image css-oguq8l" aria-hidden="true"></div><div class="css-qoklea"><div class="css-12dchmx"></div><div data-testid="price-product-tile" class="css-8atqhb"><p class="chakra-text css-0"><span class="chakra-text css-pwnbcb" data-testid="regular-price"><span class="css-idkz9h">$5.99</span>$5.99</span></p></div><a href="/herbal-tea-passion-hibiscus-orange-peel-and-passio/p/21308031_EA?source=nspt" class="chakra-linkbox__overlay css-1hnz6hu"><div class="css-0"><p class="chakra-text css-1ecdp9w" data-testid="product-brand">Tazo</p><h3 class="chakra-heading css-6qrhwc" id="21308031_EA" data-testid="product-title">Herbal Tea Passion Hibiscus, Orange peel and Passion Fruit Flavours</h3><p class="chakra-text css-1yftjin" data-testid="product-package-size">1 ea, $5.99/1ea</p></div></a><div class="css-8keand"></div></div><div class="css-1q5omjq"><div class="css-fcebb8"><div data-testid="atc-compact" class="css-y94ivq" style="width: 45px;"><button type="button" class="chakra-button css-mudsm6" data-testid="atc-button"><svg stroke="currentColor" fill="currentColor" stroke-width="0" viewBox="0 0 24 24" focusable="false" class="chakra-icon css-1g3sp7a" data-testid="btn-icon" aria-hidden="true" height="1em" width="1em" xmlns="http://www.w3.org/2000/svg"><path d="M19 13h-6v6h-2v-6H5v-2h6V5h2v6h6v2z"></path></svg><span class="css-idkz9h">Add Herbal Tea Passion Hibiscus, Orange peel and Passion Fruit Flavours to cart</span></button></div></div></div></div></div></div><div class="css-0"><div class="css-f5i5wc"><div class="chakra-linkbox css-vhnn8v"><div data-testid="product-image" class="css-16dr4ly"><img alt="Tazo Organic Chai Te Bag  20 ea, $0.30/1ea" src="https://assets.shop.loblaws.ca/products/21308145/b3/en/front/21308145_front_a06_@2.png" srcset="https://assets.shop.loblaws.ca/products/21308145/b3/en/front/21308145_front_a06_@2.png 1x, https://assets.shop.loblaws.ca/products/21308145/b3/en/front/21308145_front_a06_@2.png 2x" loading="lazy" class="chakra-image css-oguq8l" aria-hidden="true"></div><div class="css-qoklea"><div class="css-12dchmx"></div><div data-testid="price-product-tile" class="css-8atqhb"><p class="chakra-text css-0"><span class="chakra-text css-pwnbcb" data-testid="regular-price"><span class="css-idkz9h">$5.99</span>$5.99</span></p></div><a href="/organic-chai-te-bag/p/21308145_EA?source=nspt" class="chakra-linkbox__overlay css-1hnz6hu"><div class="css-0"><p class="chakra-text css-1ecdp9w" data-testid="product-brand">Tazo</p><h3 class="chakra-heading css-6qrhwc" id="21308145_EA" data-testid="product-title">Organic Chai Te Bag </h3><p class="chakra-text css-1yftjin" data-testid="product-package-size">20 ea, $0.30/1ea</p></div></a><div class="css-8keand"></div></div><div class="css-1q5omjq"><div class="css-fcebb8"><div data-testid="atc-compact" class="css-y94ivq" style="width: 45px;"><button type="button" class="chakra-button css-mudsm6" data-testid="atc-button"><svg stroke="currentColor" fill="currentColor" stroke-width="0" viewBox="0 0 24 24" focusable="false" class="chakra-icon css-1g3sp7a" data-testid="btn-icon" aria-hidden="true" height="1em" width="1em" xmlns="http://www.w3.org/2000/svg"><path d="M19 13h-6v6h-2v-6H5v-2h6V5h2v6h6v2z"></path></svg><span class="css-idkz9h">Add Organic Chai Te Bag  to cart</span></button></div></div></div></div></div></div><div class="css-0"><div class="css-f5i5wc"><div class="chakra-linkbox css-vhnn8v"><div data-testid="product-image" class="css-16dr4ly"><img alt="No Name Peppermint Herbal Tea 36 g, $5.56/100g" src="https://assets.shop.loblaws.ca/products/21376451/b3/en/front/21376451_front_a06_@2.png" srcset="https://assets.shop.loblaws.ca/products/21376451/b3/en/front/21376451_front_a06_@2.png 1x, https://assets.shop.loblaws.ca/products/21376451/b3/en/front/21376451_front_a06_@2.png 2x" loading="lazy" class="chakra-image css-oguq8l" aria-hidden="true"></div><div class="css-qoklea"><div class="css-12dchmx"></div><div data-testid="price-product-tile" class="css-8atqhb"><p class="chakra-text css-0"><span class="chakra-text css-pwnbcb" data-testid="regular-price"><span class="css-idkz9h">$2.00</span>$2.00</span></p></div><a href="/peppermint-herbal-tea/p/21376451_EA?source=nspt" class="chakra-linkbox__overlay css-1hnz6hu"><div class="css-0"><p class="chakra-text css-1ecdp9w" data-testid="product-brand">No Name</p><h3 class="chakra-heading css-6qrhwc" id="21376451_EA" data-testid="product-title">Peppermint Herbal Tea</h3><p class="chakra-text css-1yftjin" data-testid="product-package-size">36 g, $5.56/100g</p></div></a><div class="css-8keand"></div></div><div class="css-1q5omjq"><div class="css-fcebb8"><div data-testid="atc-compact" class="css-y94ivq" style="width: 45px;"><button type="button" class="chakra-button css-mudsm6" data-testid="atc-button"><svg stroke="currentColor" fill="currentColor" stroke-width="0" viewBox="0 0 24 24" focusable="false" class="chakra-icon css-1g3sp7a" data-testid="btn-icon" aria-hidden="true" height="1em" width="1em" xmlns="http://www.w3.org/2000/svg"><path d="M19 13h-6v6h-2v-6H5v-2h6V5h2v6h6v2z"></path></svg><span class="css-idkz9h">Add Peppermint Herbal Tea to cart</span></button></div></div></div></div></div></div><div class="css-0"><div class="css-f5i5wc"><div class="chakra-linkbox css-vhnn8v"><div data-testid="product-image" class="css-16dr4ly"><img alt="President's Choice Orange Pekoe Premium Black Tea 72 ea, $0.07/1ea" src="https://assets.shop.loblaws.ca/products/21404537/b3/en/front/21404537_front_a06_@2.png" srcset="https://assets.shop.loblaws.ca/products/21404537/b3/en/front/21404537_front_a06_@2.png 1x, https://assets.shop.loblaws.ca/products/21404537/b3/en/front/21404537_front_a06_@2.png 2x" loading="lazy" class="chakra-image css-oguq8l" aria-hidden="true"></div><div class="css-qoklea"><div class="css-12dchmx"></div><div data-testid="price-product-tile" class="css-8atqhb"><p class="chakra-text css-0"><span class="chakra-text css-pwnbcb" data-testid="regular-price"><span class="css-idkz9h">$4.99</span>$4.99</span></p></div><a href="/orange-pekoe-premium-black-tea/p/21404537_EA?source=nspt" class="chakra-linkbox__overlay css-1hnz6hu"><div class="css-0"><p class="chakra-text css-1ecdp9w" data-testid="product-brand">President's Choice</p><h3 class="chakra-heading css-6qrhwc" id="21404537_EA" data-testid="product-title">Orange Pekoe Premium Black Tea</h3><p class="chakra-text css-1yftjin" data-testid="product-package-size">72 ea, $0.07/1ea</p></div></a><div class="css-8keand"></div></div><div class="css-1q5omjq"><div class="css-fcebb8"><div data-testid="atc-compact" class="css-y94ivq" style="width: 45px;"><button type="button" class="chakra-button css-mudsm6" data-testid="atc-button"><svg stroke="currentColor" fill="currentColor" stroke-width="0" viewBox="0 0 24 24" focusable="false" class="chakra-icon css-1g3sp7a" data-testid="btn-icon" aria-hidden="true" height="1em" width="1em" xmlns="http://www.w3.org/2000/svg"><path d="M19 13h-6v6h-2v-6H5v-2h6V5h2v6h6v2z"></path></svg><span class="css-idkz9h">Add Orange Pekoe Premium Black Tea to cart</span></button></div></div></div></div></div></div><div class="css-0"><div class="css-f5i5wc"><div class="chakra-linkbox css-vhnn8v"><div data-testid="product-image" class="css-16dr4ly"><img alt="No Name Hot Chocolate Mix 500 g, $0.90/100g" src="https://assets.shop.loblaws.ca/products/20760278/b3/en/front/20760278_front_a06_@2.png" srcset="https://assets.shop.loblaws.ca/products/20760278/b3/en/front/20760278_front_a06_@2.png 1x, https://assets.shop.loblaws.ca/products/20760278/b3/en/front/20760278_front_a06_@2.png 2x" loading="lazy" class="chakra-image css-oguq8l" aria-hidden="true"></div><div class="css-qoklea"><div class="css-12dchmx"></div><div data-testid="price-product-tile" class="css-8atqhb"><p class="chakra-text css-0"><span class="chakra-text css-pwnbcb" data-testid="regular-price"><span class="css-idkz9h">$4.49</span>$4.49</span></p></div><a href="/hot-chocolate-mix/p/20760278_EA?source=nspt" class="chakra-linkbox__overlay css-1hnz6hu"><div class="css-0"><p class="chakra-text css-1ecdp9w" data-testid="product-brand">No Name</p><h3 class="chakra-heading css-6qrhwc" id="20760278_EA" data-testid="product-title">Hot Chocolate Mix</h3><p class="chakra-text css-1yftjin" data-testid="product-package-size">500 g, $0.90/100g</p></div></a><div class="css-8keand"></div></div><div class="css-1q5omjq"><div class="css-fcebb8"><div data-testid="atc-compact" class="css-y94ivq" style="width: 45px;"><button type="button" class="chakra-button css-mudsm6" data-testid="atc-button"><svg stroke="currentColor" fill="currentColor" stroke-width="0" viewBox="0 0 24 24" focusable="false" class="chakra-icon css-1g3sp7a" data-testid="btn-icon" aria-hidden="true" height="1em" width="1em" xmlns="http://www.w3.org/2000/svg"><path d="M19 13h-6v6h-2v-6H5v-2h6V5h2v6h6v2z"></path></svg><span class="css-idkz9h">Add Hot Chocolate Mix to cart</span></button></div></div></div></div></div></div><div class="css-0"><div class="css-f5i5wc"><div class="chakra-linkbox css-vhnn8v"><div data-testid="product-image" class="css-16dr4ly"><img alt="Twinings 20ct Variety Pack 20 ea, $0.27/1ea" src="https://assets.shop.loblaws.ca/products/20312809/b3/en/front/20312809_front_a06_@2.png" srcset="https://assets.shop.loblaws.ca/products/20312809/b3/en/front/20312809_front_a06_@2.png 1x, https://assets.shop.loblaws.ca/products/20312809/b3/en/front/20312809_front_a06_@2.png 2x" loading="lazy" class="chakra-image css-oguq8l" aria-hidden="true"></div><div class="css-qoklea"><div class="css-12dchmx"></div><div data-testid="price-product-tile" class="css-8atqhb"><p class="chakra-text css-0"><span class="chakra-text css-pwnbcb" data-testid="regular-price"><span class="css-idkz9h">$5.49</span>$5.49</span></p></div><a href="/20ct-variety-pack/p/20312809_EA?source=nspt" class="chakra-linkbox__overlay css-1hnz6hu"><div class="css-0"><p class="chakra-text css-1ecdp9w" data-testid="product-brand">Twinings</p><h3 class="chakra-heading css-6qrhwc" id="20312809_EA" data-testid="product-title">20ct Variety Pack</h3><p class="chakra-text css-1yftjin" data-testid="product-package-size">20 ea, $0.27/1ea</p></div></a><div class="css-8keand"></div></div><div class="css-1q5omjq"><div class="css-fcebb8"><div data-testid="atc-compact" class="css-y94ivq" style="width: 45px;"><button type="button" class="chakra-button css-mudsm6" data-testid="atc-button"><svg stroke="currentColor" fill="currentColor" stroke-width="0" viewBox="0 0 24 24" focusable="false" class="chakra-icon css-1g3sp7a" data-testid="btn-icon" aria-hidden="true" height="1em" width="1em" xmlns="http://www.w3.org/2000/svg"><path d="M19 13h-6v6h-2v-6H5v-2h6V5h2v6h6v2z"></path></svg><span class="css-idkz9h">Add 20ct Variety Pack to cart</span></button></div></div></div></div></div></div><div class="css-0"><div class="css-f5i5wc"><div class="chakra-linkbox css-vhnn8v"><div data-testid="product-image" class="css-16dr4ly"><img alt="Carnation Hot Chocolate 30 Capsules  450 g, $5.33/100g" src="https://assets.shop.loblaws.ca/products/21087023/b3/en/front/21087023_front_a06_@2.png" srcset="https://assets.shop.loblaws.ca/products/21087023/b3/en/front/21087023_front_a06_@2.png 1x, https://assets.shop.loblaws.ca/products/21087023/b3/en/front/21087023_front_a06_@2.png 2x" loading="lazy" class="chakra-image css-oguq8l" aria-hidden="true"></div><div class="css-qoklea"><div class="css-12dchmx"></div><div data-testid="price-product-tile" class="css-8atqhb"><p class="chakra-text css-0"><span class="chakra-text css-pwnbcb" data-testid="regular-price"><span class="css-idkz9h">$23.99</span>$23.99</span></p></div><a href="/hot-chocolate-30-capsules/p/21087023_EA?source=nspt" class="chakra-linkbox__overlay css-1hnz6hu"><div class="css-0"><p class="chakra-text css-1ecdp9w" data-testid="product-brand">Carnation</p><h3 class="chakra-heading css-6qrhwc" id="21087023_EA" data-testid="product-title">Hot Chocolate 30 Capsules </h3><p class="chakra-text css-1yftjin" data-testid="product-package-size">450 g, $5.33/100g</p></div></a><div class="css-8keand"></div></div><div class="css-1q5omjq"><div class="css-fcebb8"><div data-testid="atc-compact" class="css-y94ivq" style="width: 45px;"><button type="button" class="chakra-button css-mudsm6" data-testid="atc-button"><svg stroke="currentColor" fill="currentColor" stroke-width="0" viewBox="0 0 24 24" focusable="false" class="chakra-icon css-1g3sp7a" data-testid="btn-icon" aria-hidden="true" height="1em" width="1em" xmlns="http://www.w3.org/2000/svg"><path d="M19 13h-6v6h-2v-6H5v-2h6V5h2v6h6v2z"></path></svg><span class="css-idkz9h">Add Hot Chocolate 30 Capsules  to cart</span></button></div></div></div></div></div></div><div class="css-0"><div class="css-f5i5wc"><div class="chakra-linkbox css-vhnn8v"><div data-testid="product-image" class="css-16dr4ly"><img alt="Lynch Hot Apple Cider Mix, Original 230 g, $2.30/100g" src="https://assets.shop.loblaws.ca/products/20114239/b3/en/front/20114239_front_a06_@2.png" srcset="https://assets.shop.loblaws.ca/products/20114239/b3/en/front/20114239_front_a06_@2.png 1x, https://assets.shop.loblaws.ca/products/20114239/b3/en/front/20114239_front_a06_@2.png 2x" loading="lazy" class="chakra-image css-oguq8l" aria-hidden="true"></div><div class="css-qoklea"><div class="css-12dchmx"></div><div data-testid="price-product-tile" class="css-8atqhb"><p class="chakra-text css-0"><span class="chakra-text css-pwnbcb" data-testid="regular-price"><span class="css-idkz9h">$5.29</span>$5.29</span></p></div><a href="/hot-apple-cider-mix-original/p/20114239_EA?source=nspt" class="chakra-linkbox__overlay css-1hnz6hu"><div class="css-0"><p class="chakra-text css-1ecdp9w" data-testid="product-brand">Lynch</p><h3 class="chakra-heading css-6qrhwc" id="20114239_EA" data-testid="product-title">Hot Apple Cider Mix, Original</h3><p class="chakra-text css-1yftjin" data-testid="product-package-size">230 g, $2.30/100g</p></div></a><div class="css-8keand"></div></div><div class="css-1q5omjq"><div class="css-fcebb8"><div data-testid="atc-compact" class="css-y94ivq" style="width: 45px;"><button type="button" class="chakra-button css-mudsm6" data-testid="atc-button"><svg stroke="currentColor" fill="currentColor" stroke-width="0" viewBox="0 0 24 24" focusable="false" class="chakra-icon css-1g3sp7a" data-testid="btn-icon" aria-hidden="true" height="1em" width="1em" xmlns="http://www.w3.org/2000/svg"><path d="M19 13h-6v6h-2v-6H5v-2h6V5h2v6h6v2z"></path></svg><span class="css-idkz9h">Add Hot Apple Cider Mix, Original to cart</span></button></div></div></div></div></div></div><div class="css-0"><div class="css-f5i5wc"><div class="chakra-linkbox css-vhnn8v"><div data-testid="product-image" class="css-16dr4ly"><img alt="Celestial Seasonings Herbal Tea, Fruit Sampler 20 ea, $0.27/1ea" src="https://assets.shop.loblaws.ca/products/20296925006/b3/en/front/20296925006_front_a06_@2.png" srcset="https://assets.shop.loblaws.ca/products/20296925006/b3/en/front/20296925006_front_a06_@2.png 1x, https://assets.shop.loblaws.ca/products/20296925006/b3/en/front/20296925006_front_a06_@2.png 2x" loading="lazy" class="chakra-image css-oguq8l" aria-hidden="true"></div><div class="css-qoklea"><div class="css-12dchmx"></div><div data-testid="price-product-tile" class="css-8atqhb"><p class="chakra-text css-0"><span class="chakra-text css-pwnbcb" data-testid="regular-price"><span class="css-idkz9h">$5.49</span>$5.49</span></p></div><a href="/herbal-tea-fruit-sampler/p/20296925006_EA?source=nspt" class="chakra-linkbox__overlay css-1hnz6hu"><div class="css-0"><p class="chakra-text css-1ecdp9w" data-testid="product-brand">Celestial Seasonings</p><h3 class="chakra-heading css-6qrhwc" id="20296925006_EA" data-testid="product-title">Herbal Tea, Fruit Sampler</h3><p class="chakra-text css-1yftjin" data-testid="product-package-size">20 ea, $0.27/1ea</p></div></a><div class="css-8keand"></div></div><div class="css-1q5omjq"><div class="css-fcebb8"><div data-testid="atc-compact" class="css-y94ivq" style="width: 45px;"><button type="button" class="chakra-button css-mudsm6" data-testid="atc-button"><svg stroke="currentColor" fill="currentColor" stroke-width="0" viewBox="0 0 24 24" focusable="false" class="chakra-icon css-1g3sp7a" data-testid="btn-icon" aria-hidden="true" height="1em" width="1em" xmlns="http://www.w3.org/2000/svg"><path d="M19 13h-6v6h-2v-6H5v-2h6V5h2v6h6v2z"></path></svg><span class="css-idkz9h">Add Herbal Tea, Fruit Sampler to cart</span></button></div></div></div></div></div></div><div class="css-0"><div class="css-f5i5wc"><div class="chakra-linkbox css-vhnn8v"><div data-testid="product-image" class="css-16dr4ly"><img alt="Snapple Lemon tea 945 ml, $0.21/100ml" src="https://assets.shop.loblaws.ca/products/21522182/b3/en/front/21522182_front_a06_@2.png" srcset="https://assets.shop.loblaws.ca/products/21522182/b3/en/front/21522182_front_a06_@2.png 1x, https://assets.shop.loblaws.ca/products/21522182/b3/en/front/21522182_front_a06_@2.png 2x" loading="lazy" class="chakra-image css-oguq8l" aria-hidden="true"></div><div class="css-qoklea"><div class="css-12dchmx"></div><div data-testid="price-product-tile" class="css-8atqhb"><p class="chakra-text css-0"><span class="chakra-text css-pwnbcb" data-testid="regular-price"><span class="css-idkz9h">$1.99</span>$1.99</span></p></div><a href="/lemon-tea/p/21522182_EA?source=nspt" class="chakra-linkbox__overlay css-1hnz6hu"><div class="css-0"><p class="chakra-text css-1ecdp9w" data-testid="product-brand">Snapple</p><h3 class="chakra-heading css-6qrhwc" id="21522182_EA" data-testid="product-title">Lemon tea</h3><p class="chakra-text css-1yftjin" data-testid="product-package-size">945 ml, $0.21/100ml</p></div></a><div class="css-8keand"></div></div><div class="css-1q5omjq"><div class="css-fcebb8"><div data-testid="atc-compact" class="css-y94ivq" style="width: 45px;"><button type="button" class="chakra-button css-mudsm6" data-testid="atc-button"><svg stroke="currentColor" fill="currentColor" stroke-width="0" viewBox="0 0 24 24" focusable="false" class="chakra-icon css-1g3sp7a" data-testid="btn-icon" aria-hidden="true" height="1em" width="1em" xmlns="http://www.w3.org/2000/svg"><path d="M19 13h-6v6h-2v-6H5v-2h6V5h2v6h6v2z"></path></svg><span class="css-idkz9h">Add Lemon tea to cart</span></button></div></div></div></div></div></div><div class="css-0"><div class="css-f5i5wc"><div class="chakra-linkbox css-vhnn8v"><div data-testid="product-image" class="css-16dr4ly"><img alt="Tetley Pure Green Specialty Tea    24 ea, $0.12/1ea" src="https://assets.shop.loblaws.ca/products/20712339/b3/en/front/20712339_front_a06_@2.png" srcset="https://assets.shop.loblaws.ca/products/20712339/b3/en/front/20712339_front_a06_@2.png 1x, https://assets.shop.loblaws.ca/products/20712339/b3/en/front/20712339_front_a06_@2.png 2x" loading="lazy" class="chakra-image css-oguq8l" aria-hidden="true"></div><div class="css-qoklea"><div class="css-12dchmx"></div><div data-testid="price-product-tile" class="css-8atqhb"><p class="chakra-text css-0"><span class="chakra-text css-o93gbd" data-testid="sale-price"><span class="css-idkz9h">$2.99</span>$2.99</span><span class="chakra-text css-623q5h" data-testid="was-price"><span class="css-idkz9h">$4.49</span>$4.49</span></p><p class="chakra-text css-1m5a6y8" data-testid="price-descriptor">SAVE $1.50</p></div><a href="/pure-green-specialty-tea/p/20712339_EA?source=nspt" class="chakra-linkbox__overlay css-1hnz6hu"><div class="css-0"><p class="chakra-text css-1ecdp9w" data-testid="product-brand">Tetley</p><h3 class="chakra-heading css-6qrhwc" id="20712339_EA" data-testid="product-title">Pure Green Specialty Tea   </h3><p class="chakra-text css-1yftjin" data-testid="product-package-size">24 ea, $0.12/1ea</p></div></a><div class="css-8keand"></div></div><div class="css-1q5omjq"><div class="css-fcebb8"><div data-testid="atc-compact" class="css-y94ivq" style="width: 45px;"><button type="button" class="chakra-button css-mudsm6" data-testid="atc-button"><svg stroke="currentColor" fill="currentColor" stroke-width="0" viewBox="0 0 24 24" focusable="false" class="chakra-icon css-1g3sp7a" data-testid="btn-icon" aria-hidden="true" height="1em" width="1em" xmlns="http://www.w3.org/2000/svg"><path d="M19 13h-6v6h-2v-6H5v-2h6V5h2v6h6v2z"></path></svg><span class="css-idkz9h">Add Pure Green Specialty Tea    to cart</span></button></div></div></div></div></div></div><div class="css-0"><div class="css-f5i5wc"><div class="chakra-linkbox css-vhnn8v"><div data-testid="product-image" class="css-16dr4ly"><img alt="President's Choice Feeling Soothed Peppermint, Ginger &amp; Fennel Herbal Tea 20 ea, $0.15/1ea" src="https://assets.shop.loblaws.ca/products/20314997/b3/en/front/20314997_front_a06_@2.png" srcset="https://assets.shop.loblaws.ca/products/20314997/b3/en/front/20314997_front_a06_@2.png 1x, https://assets.shop.loblaws.ca/products/20314997/b3/en/front/20314997_front_a06_@2.png 2x" loading="lazy" class="chakra-image css-oguq8l" aria-hidden="true"></div><div class="css-qoklea"><div class="css-12dchmx"></div><div data-testid="price-product-tile" class="css-8atqhb"><p class="chakra-text css-0"><span class="chakra-text css-pwnbcb" data-testid="regular-price"><span class="css-idkz9h">$2.99</span>$2.99</span></p></div><a href="/feeling-soothed-peppermint-ginger-fennel-herbal-te/p/20314997_EA?source=nspt" class="chakra-linkbox__overlay css-1hnz6hu"><div class="css-0"><p class="chakra-text css-1ecdp9w" data-testid="product-brand">President's Choice</p><h3 class="chakra-heading css-6qrhwc" id="20314997_EA" data-testid="product-title">Feeling Soothed Peppermint, Ginger &amp; Fennel Herbal Tea</h3><p class="chakra-text css-1yftjin" data-testid="product-package-size">20 ea, $0.15/1ea</p></div></a><div class="css-8keand"></div></div><div class="css-1q5omjq"><div class="css-fcebb8"><div data-testid="atc-compact" class="css-y94ivq" style="width: 45px;"><button type="button" class="chakra-button css-mudsm6" data-testid="atc-button"><svg stroke="currentColor" fill="currentColor" stroke-width="0" viewBox="0 0 24 24" focusable="false" class="chakra-icon css-1g3sp7a" data-testid="btn-icon" aria-hidden="true" height="1em" width="1em" xmlns="http://www.w3.org/2000/svg"><path d="M19 13h-6v6h-2v-6H5v-2h6V5h2v6h6v2z"></path></svg><span class="css-idkz9h">Add Feeling Soothed Peppermint, Ginger &amp; Fennel Herbal Tea to cart</span></button></div></div></div></div></div></div><div class="css-0"><div class="css-f5i5wc"><div class="chakra-linkbox css-vhnn8v"><div data-testid="product-image" class="css-16dr4ly"><img alt="President's Choice Earl Grey Premium Flavoured Black Tea 48 ea, $0.11/1ea" src="https://assets.shop.loblaws.ca/products/21403494/b3/en/front/21403494_front_a06_@2.png" srcset="https://assets.shop.loblaws.ca/products/21403494/b3/en/front/21403494_front_a06_@2.png 1x, https://assets.shop.loblaws.ca/products/21403494/b3/en/front/21403494_front_a06_@2.png 2x" loading="lazy" class="chakra-image css-oguq8l" aria-hidden="true"></div><div class="css-qoklea"><div class="css-12dchmx"></div><div data-testid="price-product-tile" class="css-8atqhb"><p class="chakra-text css-0"><span class="chakra-text css-pwnbcb" data-testid="regular-price"><span class="css-idkz9h">$5.29</span>$5.29</span></p></div><a href="/earl-grey-premium-flavoured-black-tea/p/21403494_EA?source=nspt" class="chakra-linkbox__overlay css-1hnz6hu"><div class="css-0"><p class="chakra-text css-1ecdp9w" data-testid="product-brand">President's Choice</p><h3 class="chakra-heading css-6qrhwc" id="21403494_EA" data-testid="product-title">Earl Grey Premium Flavoured Black Tea</h3><p class="chakra-text css-1yftjin" data-testid="product-package-size">48 ea, $0.11/1ea</p></div></a><div class="css-8keand"></div></div><div class="css-1q5omjq"><div class="css-fcebb8"><div data-testid="atc-compact" class="css-y94ivq" style="width: 45px;"><button type="button" class="chakra-button css-mudsm6" data-testid="atc-button"><svg stroke="currentColor" fill="currentColor" stroke-width="0" viewBox="0 0 24 24" focusable="false" class="chakra-icon css-1g3sp7a" data-testid="btn-icon" aria-hidden="true" height="1em" width="1em" xmlns="http://www.w3.org/2000/svg"><path d="M19 13h-6v6h-2v-6H5v-2h6V5h2v6h6v2z"></path></svg><span class="css-idkz9h">Add Earl Grey Premium Flavoured Black Tea to cart</span></button></div></div></div></div></div></div></div><div data-testid="product-grid" class="css-epcqr3"><div class="css-0"><div class="css-f5i5wc"><div class="chakra-linkbox css-vhnn8v"><div data-testid="product-image" class="css-16dr4ly"><img alt="Tetley Herbal Tea Peppermint Spearmint Caffeine Free 32 g, $9.34/100g" src="https://assets.shop.loblaws.ca/products/21480220/b3/en/front/21480220_front_a06_@2.png" srcset="https://assets.shop.loblaws.ca/products/21480220/b3/en/front/21480220_front_a06_@2.png 1x, https://assets.shop.loblaws.ca/products/21480220/b3/en/front/21480220_front_a06_@2.png 2x" loading="lazy" class="chakra-image css-oguq8l" aria-hidden="true"></div><div class="css-qoklea"><div class="css-12dchmx"></div><div data-testid="price-product-tile" class="css-8atqhb"><p class="chakra-text css-0"><span class="chakra-text css-o93gbd" data-testid="sale-price"><span class="css-idkz9h">$2.99</span>$2.99</span><span class="chakra-text css-623q5h" data-testid="was-price"><span class="css-idkz9h">$4.49</span>$4.49</span></p><p class="chakra-text css-1m5a6y8" data-testid="price-descriptor">SAVE $1.50</p></div><a href="/herbal-tea-peppermint-spearmint-caffeine-free/p/21480220_EA?source=nspt" class="chakra-linkbox__overlay css-1hnz6hu"><div class="css-0"><p class="chakra-text css-1ecdp9w" data-testid="product-brand">Tetley</p><h3 class="chakra-heading css-6qrhwc" id="21480220_EA" data-testid="product-title">Herbal Tea Peppermint Spearmint Caffeine Free</h3><p class="chakra-text css-1yftjin" data-testid="product-package-size">32 g, $9.34/100g</p></div></a><div class="css-8keand"></div></div><div class="css-1q5omjq"><div class="css-fcebb8"><div data-testid="atc-compact" class="css-y94ivq" style="width: 45px;"><button type="button" class="chakra-button css-mudsm6" data-testid="atc-button"><svg stroke="currentColor" fill="currentColor" stroke-width="0" viewBox="0 0 24 24" focusable="false" class="chakra-icon css-1g3sp7a" data-testid="btn-icon" aria-hidden="true" height="1em" width="1em" xmlns="http://www.w3.org/2000/svg"><path d="M19 13h-6v6h-2v-6H5v-2h6V5h2v6h6v2z"></path></svg><span class="css-idkz9h">Add Herbal Tea Peppermint Spearmint Caffeine Free to cart</span></button></div></div></div></div></div></div><div class="css-0"><div class="css-f5i5wc"><div class="chakra-linkbox css-vhnn8v"><div data-testid="product-image" class="css-16dr4ly"><img alt="Tetley The Vert Classique 80 ea, $0.13/1ea" src="https://assets.shop.loblaws.ca/products/20711164/b3/en/front/20711164_front_a06_@2.png" srcset="https://assets.shop.loblaws.ca/products/20711164/b3/en/front/20711164_front_a06_@2.png 1x, https://assets.shop.loblaws.ca/products/20711164/b3/en/front/20711164_front_a06_@2.png 2x" loading="lazy" class="chakra-image css-oguq8l" aria-hidden="true"></div><div class="css-qoklea"><div class="css-12dchmx"></div><div data-testid="price-product-tile" class="css-8atqhb"><p class="chakra-text css-0"><span class="chakra-text css-pwnbcb" data-testid="regular-price"><span class="css-idkz9h">$10.49</span>$10.49</span></p></div><a href="/the-vert-classique/p/20711164_EA?source=nspt" class="chakra-linkbox__overlay css-1hnz6hu"><div class="css-0"><p class="chakra-text css-1ecdp9w" data-testid="product-brand">Tetley</p><h3 class="chakra-heading css-6qrhwc" id="20711164_EA" data-testid="product-title">The Vert Classique</h3><p class="chakra-text css-1yftjin" data-testid="product-package-size">80 ea, $0.13/1ea</p></div></a><div class="css-8keand"></div></div><div class="css-1q5omjq"><div class="css-fcebb8"><div data-testid="atc-compact" class="css-y94ivq" style="width: 45px;"><button type="button" class="chakra-button css-mudsm6" data-testid="atc-button"><svg stroke="currentColor" fill="currentColor" stroke-width="0" viewBox="0 0 24 24" focusable="false" class="chakra-icon css-1g3sp7a" data-testid="btn-icon" aria-hidden="true" height="1em" width="1em" xmlns="http://www.w3.org/2000/svg"><path d="M19 13h-6v6h-2v-6H5v-2h6V5h2v6h6v2z"></path></svg><span class="css-idkz9h">Add The Vert Classique to cart</span></button></div></div></div></div></div></div><div class="css-0"><div class="css-f5i5wc"><div class="chakra-linkbox css-vhnn8v"><div data-testid="product-image" class="css-16dr4ly"><img alt="President's Choice Feeling Soothed Peppermint, Ginger &amp; Fennel Herbal Tea 20 ea, $0.15/1ea" src="https://assets.shop.loblaws.ca/products/20314997/b3/en/front/20314997_front_a06_@2.png" srcset="https://assets.shop.loblaws.ca/products/20314997/b3/en/front/20314997_front_a06_@2.png 1x, https://assets.shop.loblaws.ca/products/20314997/b3/en/front/20314997_front_a06_@2.png 2x" loading="lazy" class="chakra-image css-oguq8l" aria-hidden="true"></div><div class="css-qoklea"><div class="css-12dchmx"></div><div data-testid="price-product-tile" class="css-8atqhb"><p class="chakra-text css-0"><span class="chakra-text css-pwnbcb" data-testid="regular-price"><span class="css-idkz9h">$2.99</span>$2.99</span></p></div><a href="/feeling-soothed-peppermint-ginger-fennel-herbal-te/p/20314997_EA?source=nspt" class="chakra-linkbox__overlay css-1hnz6hu"><div class="css-0"><p class="chakra-text css-1ecdp9w" data-testid="product-brand">President's Choice</p><h3 class="chakra-heading css-6qrhwc" id="20314997_EA" data-testid="product-title">Feeling Soothed Peppermint, Ginger &amp; Fennel Herbal Tea</h3><p class="chakra-text css-1yftjin" data-testid="product-package-size">20 ea, $0.15/1ea</p></div></a><div class="css-8keand"></div></div><div class="css-1q5omjq"><div class="css-fcebb8"><div data-testid="atc-compact" class="css-y94ivq" style="width: 45px;"><button type="button" class="chakra-button css-mudsm6" data-testid="atc-button"><svg stroke="currentColor" fill="currentColor" stroke-width="0" viewBox="0 0 24 24" focusable="false" class="chakra-icon css-1g3sp7a" data-testid="btn-icon" aria-hidden="true" height="1em" width="1em" xmlns="http://www.w3.org/2000/svg"><path d="M19 13h-6v6h-2v-6H5v-2h6V5h2v6h6v2z"></path></svg><span class="css-idkz9h">Add Feeling Soothed Peppermint, Ginger &amp; Fennel Herbal Tea to cart</span></button></div></div></div></div></div></div><div class="css-0"><div class="css-f5i5wc"><div class="chakra-linkbox css-vhnn8v"><div data-testid="product-image" class="css-16dr4ly"><img alt="Red Rose Orange Pekoe Black Tea 216 ea, $0.07/1ea" src="https://assets.shop.loblaws.ca/products/21593473/b3/en/front/21593473_front_a06_@2.png" srcset="https://assets.shop.loblaws.ca/products/21593473/b3/en/front/21593473_front_a06_@2.png 1x, https://assets.shop.loblaws.ca/products/21593473/b3/en/front/21593473_front_a06_@2.png 2x" loading="lazy" class="chakra-image css-oguq8l" aria-hidden="true"></div><div class="css-qoklea"><div class="css-12dchmx"><div class="chakra-badge css-34x0wr" data-testid="product-badge"><div class="css-u4p24i">New</div></div></div><div data-testid="price-product-tile" class="css-8atqhb"><p class="chakra-text css-0"><span class="chakra-text css-pwnbcb" data-testid="regular-price"><span class="css-idkz9h">$14.49</span>$14.49</span></p></div><a href="/orange-pekoe-black-tea/p/21593473_EA?source=nspt" class="chakra-linkbox__overlay css-1hnz6hu"><div class="css-0"><p class="chakra-text css-1ecdp9w" data-testid="product-brand">Red Rose</p><h3 class="chakra-heading css-6qrhwc" id="21593473_EA" data-testid="product-title">Orange Pekoe Black Tea</h3><p class="chakra-text css-1yftjin" data-testid="product-package-size">216 ea, $0.07/1ea</p></div></a><div class="css-8keand"></div></div><div class="css-1q5omjq"><div class="css-fcebb8"><div data-testid="atc-compact" class="css-y94ivq" style="width: 45px;"><button type="button" class="chakra-button css-mudsm6" data-testid="atc-button"><svg stroke="currentColor" fill="currentColor" stroke-width="0" viewBox="0 0 24 24" focusable="false" class="chakra-icon css-1g3sp7a" data-testid="btn-icon" aria-hidden="true" height="1em" width="1em" xmlns="http://www.w3.org/2000/svg"><path d="M19 13h-6v6h-2v-6H5v-2h6V5h2v6h6v2z"></path></svg><span class="css-idkz9h">Add Orange Pekoe Black Tea to cart</span></button></div></div></div></div></div></div><div class="css-0"><div class="css-f5i5wc"><div class="chakra-linkbox css-vhnn8v"><div data-testid="product-image" class="css-16dr4ly"><img alt="Nestea Peach Tea, Cartons 10 Pack 10x200.0 ml, $0.20/100ml" src="https://assets.shop.loblaws.ca/products/21018461/b3/en/front/21018461_front_a06_@2.png" srcset="https://assets.shop.loblaws.ca/products/21018461/b3/en/front/21018461_front_a06_@2.png 1x, https://assets.shop.loblaws.ca/products/21018461/b3/en/front/21018461_front_a06_@2.png 2x" loading="lazy" class="chakra-image css-oguq8l" aria-hidden="true"></div><div class="css-qoklea"><div class="css-12dchmx"></div><div data-testid="price-product-tile" class="css-8atqhb"><p class="chakra-text css-0"><span class="chakra-text css-pwnbcb" data-testid="regular-price"><span class="css-idkz9h">$3.99</span>$3.99</span></p></div><a href="/peach-tea-cartons-10-pack/p/21018461_EA?source=nspt" class="chakra-linkbox__overlay css-1hnz6hu"><div class="css-0"><p class="chakra-text css-1ecdp9w" data-testid="product-brand">Nestea</p><h3 class="chakra-heading css-6qrhwc" id="21018461_EA" data-testid="product-title">Peach Tea, Cartons 10 Pack</h3><p class="chakra-text css-1yftjin" data-testid="product-package-size">10x200.0 ml, $0.20/100ml</p></div></a><div class="css-8keand"></div></div><div class="css-1q5omjq"><div class="css-fcebb8"><div data-testid="atc-compact" class="css-y94ivq" style="width: 45px;"><button type="button" class="chakra-button css-mudsm6" data-testid="atc-button"><svg stroke="currentColor" fill="currentColor" stroke-width="0" viewBox="0 0 24 24" focusable="false" class="chakra-icon css-1g3sp7a" data-testid="btn-icon" aria-hidden="true" height="1em" width="1em" xmlns="http://www.w3.org/2000/svg"><path d="M19 13h-6v6h-2v-6H5v-2h6V5h2v6h6v2z"></path></svg><span class="css-idkz9h">Add Peach Tea, Cartons 10 Pack to cart</span></button></div></div></div></div></div></div><div class="css-0"><div class="css-f5i5wc"><div class="chakra-linkbox css-vhnn8v"><div data-testid="product-image" class="css-16dr4ly"><img alt="Tetley Peppermint Herbal Cannister Pack 20 ea, $0.15/1ea" src="https://assets.shop.loblaws.ca/products/20711158/b3/en/front/20711158_front_a06_@2.png" srcset="https://assets.shop.loblaws.ca/products/20711158/b3/en/front/20711158_front_a06_@2.png 1x, https://assets.shop.loblaws.ca/products/20711158/b3/en/front/20711158_front_a06_@2.png 2x" loading="lazy" class="chakra-image css-oguq8l" aria-hidden="true"></div><div class="css-qoklea"><div class="css-12dchmx"></div><div data-testid="price-product-tile" class="css-8atqhb"><p class="chakra-text css-0"><span class="chakra-text css-o93gbd" data-testid="sale-price"><span class="css-idkz9h">$2.99</span>$2.99</span><span class="chakra-text css-623q5h" data-testid="was-price"><span class="css-idkz9h">$4.49</span>$4.49</span></p><p class="chakra-text css-1m5a6y8" data-testid="price-descriptor">SAVE $1.50</p></div><a href="/peppermint-herbal-cannister-pack/p/20711158_EA?source=nspt" class="chakra-linkbox__overlay css-1hnz6hu"><div class="css-0"><p class="chakra-text css-1ecdp9w" data-testid="product-brand">Tetley</p><h3 class="chakra-heading css-6qrhwc" id="20711158_EA" data-testid="product-title">Peppermint Herbal Cannister Pack</h3><p class="chakra-text css-1yftjin" data-testid="product-package-size">20 ea, $0.15/1ea</p></div></a><div class="css-8keand"></div></div><div class="css-1q5omjq"><div class="css-fcebb8"><div data-testid="atc-compact" class="css-y94ivq" style="width: 45px;"><button type="button" class="chakra-button css-mudsm6" data-testid="atc-button"><svg stroke="currentColor" fill="currentColor" stroke-width="0" viewBox="0 0 24 24" focusable="false" class="chakra-icon css-1g3sp7a" data-testid="btn-icon" aria-hidden="true" height="1em" width="1em" xmlns="http://www.w3.org/2000/svg"><path d="M19 13h-6v6h-2v-6H5v-2h6V5h2v6h6v2z"></path></svg><span class="css-idkz9h">Add Peppermint Herbal Cannister Pack to cart</span></button></div></div></div></div></div></div><div class="css-0"><div class="css-f5i5wc"><div class="chakra-linkbox css-vhnn8v"><div data-testid="product-image" class="css-16dr4ly"><img alt="President's Choice Lemon Thriller Herbal Tea 20 ea, $7.48/100g" src="https://assets.shop.loblaws.ca/products/20627616003/b3/en/front/20627616003_front_a06_@2.png" srcset="https://assets.shop.loblaws.ca/products/20627616003/b3/en/front/20627616003_front_a06_@2.png 1x, https://assets.shop.loblaws.ca/products/20627616003/b3/en/front/20627616003_front_a06_@2.png 2x" loading="lazy" class="chakra-image css-oguq8l" aria-hidden="true"></div><div class="css-qoklea"><div class="css-12dchmx"></div><div data-testid="price-product-tile" class="css-8atqhb"><p class="chakra-text css-0"><span class="chakra-text css-pwnbcb" data-testid="regular-price"><span class="css-idkz9h">$2.99</span>$2.99</span></p></div><a href="/lemon-thriller-herbal-tea/p/20627616003_EA?source=nspt" class="chakra-linkbox__overlay css-1hnz6hu"><div class="css-0"><p class="chakra-text css-1ecdp9w" data-testid="product-brand">President's Choice</p><h3 class="chakra-heading css-6qrhwc" id="20627616003_EA" data-testid="product-title">Lemon Thriller Herbal Tea</h3><p class="chakra-text css-1yftjin" data-testid="product-package-size">20 ea, $7.48/100g</p></div></a><div class="css-8keand"></div></div><div class="css-1q5omjq"><div class="css-fcebb8"><div data-testid="atc-compact" class="css-y94ivq" style="width: 45px;"><button type="button" class="chakra-button css-mudsm6" data-testid="atc-button"><svg stroke="currentColor" fill="currentColor" stroke-width="0" viewBox="0 0 24 24" focusable="false" class="chakra-icon css-1g3sp7a" data-testid="btn-icon" aria-hidden="true" height="1em" width="1em" xmlns="http://www.w3.org/2000/svg"><path d="M19 13h-6v6h-2v-6H5v-2h6V5h2v6h6v2z"></path></svg><span class="css-idkz9h">Add Lemon Thriller Herbal Tea to cart</span></button></div></div></div></div></div></div><div class="css-0"><div class="css-f5i5wc"><div class="chakra-linkbox css-vhnn8v"><div data-testid="product-image" class="css-16dr4ly"><img alt="Gold Kili Instant Coffee Mix 30x18.0 g, $1.20/100g" src="https://assets.shop.loblaws.ca/products/20004373001/b3/en/front/20004373001_front_a06_@2.png" srcset="https://assets.shop.loblaws.ca/products/20004373001/b3/en/front/20004373001_front_a06_@2.png 1x, https://assets.shop.loblaws.ca/products/20004373001/b3/en/front/20004373001_front_a06_@2.png 2x" loading="lazy" class="chakra-image css-oguq8l" aria-hidden="true"></div><div class="css-qoklea"><div class="css-12dchmx"></div><div data-testid="price-product-tile" class="css-8atqhb"><p class="chakra-text css-0"><span class="chakra-text css-pwnbcb" data-testid="regular-price"><span class="css-idkz9h">$6.49</span>$6.49</span></p></div><a href="/instant-coffee-mix/p/20004373001_EA?source=nspt" class="chakra-linkbox__overlay css-1hnz6hu"><div class="css-0"><p class="chakra-text css-1ecdp9w" data-testid="product-brand">Gold Kili</p><h3 class="chakra-heading css-6qrhwc" id="20004373001_EA" data-testid="product-title">Instant Coffee Mix</h3><p class="chakra-text css-1yftjin" data-testid="product-package-size">30x18.0 g, $1.20/100g</p></div></a><div class="css-8keand"></div></div><div class="css-1q5omjq"><div class="css-fcebb8"><div data-testid="atc-compact" class="css-y94ivq" style="width: 45px;"><button type="button" class="chakra-button css-mudsm6" data-testid="atc-button"><svg stroke="currentColor" fill="currentColor" stroke-width="0" viewBox="0 0 24 24" focusable="false" class="chakra-icon css-1g3sp7a" data-testid="btn-icon" aria-hidden="true" height="1em" width="1em" xmlns="http://www.w3.org/2000/svg"><path d="M19 13h-6v6h-2v-6H5v-2h6V5h2v6h6v2z"></path></svg><span class="css-idkz9h">Add Instant Coffee Mix to cart</span></button></div></div></div></div></div></div><div class="css-0"><div class="css-f5i5wc"><div class="chakra-linkbox css-vhnn8v"><div data-testid="product-image" class="css-16dr4ly"><img alt="Grace Sundried Sorrel Hibiscus 126 g, $1.98/100g" src="https://assets.shop.loblaws.ca/products/21035421/b3/en/front/21035421_front_a06_@2.png" srcset="https://assets.shop.loblaws.ca/products/21035421/b3/en/front/21035421_front_a06_@2.png 1x, https://assets.shop.loblaws.ca/products/21035421/b3/en/front/21035421_front_a06_@2.png 2x" loading="lazy" class="chakra-image css-oguq8l" aria-hidden="true"></div><div class="css-qoklea"><div class="css-12dchmx"></div><div data-testid="price-product-tile" class="css-8atqhb"><p class="chakra-text css-0"><span class="chakra-text css-o93gbd" data-testid="sale-price"><span class="css-idkz9h">$2.49</span>$2.49</span><span class="chakra-text css-623q5h" data-testid="was-price"><span class="css-idkz9h">$2.94</span>$2.94</span></p><p class="chakra-text css-1m5a6y8" data-testid="price-descriptor">SAVE $0.45</p></div><a href="/sundried-sorrel-hibiscus/p/21035421_EA?source=nspt" class="chakra-linkbox__overlay css-1hnz6hu"><div class="css-0"><p class="chakra-text css-1ecdp9w" data-testid="product-brand">Grace</p><h3 class="chakra-heading css-6qrhwc" id="21035421_EA" data-testid="product-title">Sundried Sorrel Hibiscus</h3><p class="chakra-text css-1yftjin" data-testid="product-package-size">126 g, $1.98/100g</p></div></a><div class="css-8keand"></div></div><div class="css-1q5omjq"><div class="css-fcebb8"><div data-testid="atc-compact" class="css-y94ivq" style="width: 45px;"><button type="button" class="chakra-button css-mudsm6" data-testid="atc-button"><svg stroke="currentColor" fill="currentColor" stroke-width="0" viewBox="0 0 24 24" focusable="false" class="chakra-icon css-1g3sp7a" data-testid="btn-icon" aria-hidden="true" height="1em" width="1em" xmlns="http://www.w3.org/2000/svg"><path d="M19 13h-6v6h-2v-6H5v-2h6V5h2v6h6v2z"></path></svg><span class="css-idkz9h">Add Sundried Sorrel Hibiscus to cart</span></button></div></div></div></div></div></div><div class="css-0"><div class="css-f5i5wc"><div class="chakra-linkbox css-vhnn8v"><div data-testid="product-image" class="css-16dr4ly"><img alt="Gold Kili Instant Honey Ginger Drink 10x18.0 g, $1.94/100g" src="https://assets.shop.loblaws.ca/products/20152752/b3/en/front/20152752_front_a06_@2.png" srcset="https://assets.shop.loblaws.ca/products/20152752/b3/en/front/20152752_front_a06_@2.png 1x, https://assets.shop.loblaws.ca/products/20152752/b3/en/front/20152752_front_a06_@2.png 2x" loading="lazy" class="chakra-image css-oguq8l" aria-hidden="true"></div><div class="css-qoklea"><div class="css-12dchmx"></div><div data-testid="price-product-tile" class="css-8atqhb"><p class="chakra-text css-0"><span class="chakra-text css-pwnbcb" data-testid="regular-price"><span class="css-idkz9h">$3.49</span>$3.49</span></p></div><a href="/instant-honey-ginger-drink/p/20152752_EA?source=nspt" class="chakra-linkbox__overlay css-1hnz6hu"><div class="css-0"><p class="chakra-text css-1ecdp9w" data-testid="product-brand">Gold Kili</p><h3 class="chakra-heading css-6qrhwc" id="20152752_EA" data-testid="product-title">Instant Honey Ginger Drink</h3><p class="chakra-text css-1yftjin" data-testid="product-package-size">10x18.0 g, $1.94/100g</p></div></a><div class="css-8keand"></div></div><div class="css-1q5omjq"><div class="css-fcebb8"><div data-testid="atc-compact" class="css-y94ivq" style="width: 45px;"><button type="button" class="chakra-button css-mudsm6" data-testid="atc-button"><svg stroke="currentColor" fill="currentColor" stroke-width="0" viewBox="0 0 24 24" focusable="false" class="chakra-icon css-1g3sp7a" data-testid="btn-icon" aria-hidden="true" height="1em" width="1em" xmlns="http://www.w3.org/2000/svg"><path d="M19 13h-6v6h-2v-6H5v-2h6V5h2v6h6v2z"></path></svg><span class="css-idkz9h">Add Instant Honey Ginger Drink to cart</span></button></div></div></div></div></div></div><div class="css-0"><div class="css-f5i5wc"><div class="chakra-linkbox css-vhnn8v"><div data-testid="product-image" class="css-16dr4ly"><img alt="Senso Instant Chai Tea Latte Cardamom Chai  220 g, $2.50/100g" src="https://assets.shop.loblaws.ca/products/21379894/b3/en/front/21379894_front_a06_@2.png" srcset="https://assets.shop.loblaws.ca/products/21379894/b3/en/front/21379894_front_a06_@2.png 1x, https://assets.shop.loblaws.ca/products/21379894/b3/en/front/21379894_front_a06_@2.png 2x" loading="lazy" class="chakra-image css-oguq8l" aria-hidden="true"></div><div class="css-qoklea"><div class="css-12dchmx"></div><div data-testid="price-product-tile" class="css-8atqhb"><p class="chakra-text css-0"><span class="chakra-text css-pwnbcb" data-testid="regular-price"><span class="css-idkz9h">$5.49</span>$5.49</span></p></div><a href="/instant-chai-tea-latte-cardamom-chai/p/21379894_EA?source=nspt" class="chakra-linkbox__overlay css-1hnz6hu"><div class="css-0"><p class="chakra-text css-1ecdp9w" data-testid="product-brand">Senso</p><h3 class="chakra-heading css-6qrhwc" id="21379894_EA" data-testid="product-title">Instant Chai Tea Latte Cardamom Chai </h3><p class="chakra-text css-1yftjin" data-testid="product-package-size">220 g, $2.50/100g</p></div></a><div class="css-8keand"></div></div><div class="css-1q5omjq"><div class="css-fcebb8"><div data-testid="atc-compact" class="css-y94ivq" style="width: 45px;"><button disabled="" type="button" class="chakra-button css-mudsm6" data-testid="atc-button"><svg stroke="currentColor" fill="currentColor" stroke-width="0" viewBox="0 0 24 24" focusable="false" class="chakra-icon css-1g3sp7a" data-testid="btn-icon" aria-hidden="true" height="1em" width="1em" xmlns="http://www.w3.org/2000/svg"><path d="M19 13h-6v6h-2v-6H5v-2h6V5h2v6h6v2z"></path></svg><span class="css-idkz9h">Add Instant Chai Tea Latte Cardamom Chai  to cart</span></button></div></div><div class="css-4saf4a"><p class="chakra-text css-py8788" data-testid="inventory-badge-text">Out of Stock</p></div></div></div></div></div><div class="css-0"><div class="css-f5i5wc"><div class="chakra-linkbox css-vhnn8v"><div data-testid="product-image" class="css-16dr4ly"><img alt="Tetley Naturally Flavoured Black Tea Chai Original 96 g, $7.80/100g" src="https://assets.shop.loblaws.ca/products/21480334/b3/en/front/21480334_front_a06_@2.png" srcset="https://assets.shop.loblaws.ca/products/21480334/b3/en/front/21480334_front_a06_@2.png 1x, https://assets.shop.loblaws.ca/products/21480334/b3/en/front/21480334_front_a06_@2.png 2x" loading="lazy" class="chakra-image css-oguq8l" aria-hidden="true"></div><div class="css-qoklea"><div class="css-12dchmx"></div><div data-testid="price-product-tile" class="css-8atqhb"><p class="chakra-text css-0"><span class="chakra-text css-pwnbcb" data-testid="regular-price"><span class="css-idkz9h">$7.49</span>$7.49</span></p></div><a href="/naturally-flavoured-black-tea-chai-original/p/21480334_EA?source=nspt" class="chakra-linkbox__overlay css-1hnz6hu"><div class="css-0"><p class="chakra-text css-1ecdp9w" data-testid="product-brand">Tetley</p><h3 class="chakra-heading css-6qrhwc" id="21480334_EA" data-testid="product-title">Naturally Flavoured Black Tea Chai Original</h3><p class="chakra-text css-1yftjin" data-testid="product-package-size">96 g, $7.80/100g</p></div></a><div class="css-8keand"></div></div><div class="css-1q5omjq"><div class="css-fcebb8"><div data-testid="atc-compact" class="css-y94ivq" style="width: 45px;"><button type="button" class="chakra-button css-mudsm6" data-testid="atc-button"><svg stroke="currentColor" fill="currentColor" stroke-width="0" viewBox="0 0 24 24" focusable="false" class="chakra-icon css-1g3sp7a" data-testid="btn-icon" aria-hidden="true" height="1em" width="1em" xmlns="http://www.w3.org/2000/svg"><path d="M19 13h-6v6h-2v-6H5v-2h6V5h2v6h6v2z"></path></svg><span class="css-idkz9h">Add Naturally Flavoured Black Tea Chai Original to cart</span></button></div></div></div></div></div></div><div class="css-0"><div class="css-f5i5wc"><div class="chakra-linkbox css-vhnn8v"><div data-testid="product-image" class="css-16dr4ly"><img alt="Twinings 20ct Chai 20 ea, $0.27/1ea" src="https://assets.shop.loblaws.ca/products/20297618/b3/en/front/20297618_front_a06_@2.png" srcset="https://assets.shop.loblaws.ca/products/20297618/b3/en/front/20297618_front_a06_@2.png 1x, https://assets.shop.loblaws.ca/products/20297618/b3/en/front/20297618_front_a06_@2.png 2x" loading="lazy" class="chakra-image css-oguq8l" aria-hidden="true"></div><div class="css-qoklea"><div class="css-12dchmx"></div><div data-testid="price-product-tile" class="css-8atqhb"><p class="chakra-text css-0"><span class="chakra-text css-pwnbcb" data-testid="regular-price"><span class="css-idkz9h">$5.49</span>$5.49</span></p></div><a href="/20ct-chai/p/20297618_EA?source=nspt" class="chakra-linkbox__overlay css-1hnz6hu"><div class="css-0"><p class="chakra-text css-1ecdp9w" data-testid="product-brand">Twinings</p><h3 class="chakra-heading css-6qrhwc" id="20297618_EA" data-testid="product-title">20ct Chai</h3><p class="chakra-text css-1yftjin" data-testid="product-package-size">20 ea, $0.27/1ea</p></div></a><div class="css-8keand"></div></div><div class="css-1q5omjq"><div class="css-fcebb8"><div data-testid="atc-compact" class="css-y94ivq" style="width: 45px;"><button type="button" class="chakra-button css-mudsm6" data-testid="atc-button"><svg stroke="currentColor" fill="currentColor" stroke-width="0" viewBox="0 0 24 24" focusable="false" class="chakra-icon css-1g3sp7a" data-testid="btn-icon" aria-hidden="true" height="1em" width="1em" xmlns="http://www.w3.org/2000/svg"><path d="M19 13h-6v6h-2v-6H5v-2h6V5h2v6h6v2z"></path></svg><span class="css-idkz9h">Add 20ct Chai to cart</span></button></div></div></div></div></div></div><div class="css-0"><div class="css-f5i5wc"><div class="chakra-linkbox css-vhnn8v"><div data-testid="product-image" class="css-16dr4ly"><img alt="Carnation Hot Chocolate 25 g, $2.12/100g" src="https://assets.shop.loblaws.ca/products/21041744/b3/en/front/21041744_front_a06_@2.png" srcset="https://assets.shop.loblaws.ca/products/21041744/b3/en/front/21041744_front_a06_@2.png 1x, https://assets.shop.loblaws.ca/products/21041744/b3/en/front/21041744_front_a06_@2.png 2x" loading="lazy" class="chakra-image css-oguq8l" aria-hidden="true"></div><div class="css-qoklea"><div class="css-12dchmx"></div><div data-testid="price-product-tile" class="css-8atqhb"><p class="chakra-text css-0"><span class="chakra-text css-pwnbcb" data-testid="regular-price"><span class="css-idkz9h">$5.29</span>$5.29</span></p></div><a href="/hot-chocolate/p/21041744_EA?source=nspt" class="chakra-linkbox__overlay css-1hnz6hu"><div class="css-0"><p class="chakra-text css-1ecdp9w" data-testid="product-brand">Carnation</p><h3 class="chakra-heading css-6qrhwc" id="21041744_EA" data-testid="product-title">Hot Chocolate</h3><p class="chakra-text css-1yftjin" data-testid="product-package-size">25 g, $2.12/100g</p></div></a><div class="css-8keand"></div></div><div class="css-1q5omjq"><div class="css-fcebb8"><div data-testid="atc-compact" class="css-y94ivq" style="width: 45px;"><button type="button" class="chakra-button css-mudsm6" data-testid="atc-button"><svg stroke="currentColor" fill="currentColor" stroke-width="0" viewBox="0 0 24 24" focusable="false" class="chakra-icon css-1g3sp7a" data-testid="btn-icon" aria-hidden="true" height="1em" width="1em" xmlns="http://www.w3.org/2000/svg"><path d="M19 13h-6v6h-2v-6H5v-2h6V5h2v6h6v2z"></path></svg><span class="css-idkz9h">Add Hot Chocolate to cart</span></button></div></div></div></div></div></div><div class="css-0"><div class="css-f5i5wc"><div class="chakra-linkbox css-vhnn8v"><div data-testid="product-image" class="css-16dr4ly"><img alt="President's Choice Chocolate Milk Mix 750 g, $0.67/100g" src="https://assets.shop.loblaws.ca/products/21125237/b3/en/front/21125237_front_a06_@2.png" srcset="https://assets.shop.loblaws.ca/products/21125237/b3/en/front/21125237_front_a06_@2.png 1x, https://assets.shop.loblaws.ca/products/21125237/b3/en/front/21125237_front_a06_@2.png 2x" loading="lazy" class="chakra-image css-oguq8l" aria-hidden="true"></div><div class="css-qoklea"><div class="css-12dchmx"></div><div data-testid="price-product-tile" class="css-8atqhb"><p class="chakra-text css-0"><span class="chakra-text css-pwnbcb" data-testid="regular-price"><span class="css-idkz9h">$5.00</span>$5.00</span></p></div><a href="/chocolate-milk-mix/p/21125237_EA?source=nspt" class="chakra-linkbox__overlay css-1hnz6hu"><div class="css-0"><p class="chakra-text css-1ecdp9w" data-testid="product-brand">President's Choice</p><h3 class="chakra-heading css-6qrhwc" id="21125237_EA" data-testid="product-title">Chocolate Milk Mix</h3><p class="chakra-text css-1yftjin" data-testid="product-package-size">750 g, $0.67/100g</p></div></a><div class="css-8keand"></div></div><div class="css-1q5omjq"><div class="css-fcebb8"><div data-testid="atc-compact" class="css-y94ivq" style="width: 45px;"><button type="button" class="chakra-button css-mudsm6" data-testid="atc-button"><svg stroke="currentColor" fill="currentColor" stroke-width="0" viewBox="0 0 24 24" focusable="false" class="chakra-icon css-1g3sp7a" data-testid="btn-icon" aria-hidden="true" height="1em" width="1em" xmlns="http://www.w3.org/2000/svg"><path d="M19 13h-6v6h-2v-6H5v-2h6V5h2v6h6v2z"></path></svg><span class="css-idkz9h">Add Chocolate Milk Mix to cart</span></button></div></div></div></div></div></div><div class="css-0"><div class="css-f5i5wc"><div class="chakra-linkbox css-vhnn8v"><div data-testid="product-image" class="css-16dr4ly"><img alt="Tea India Tea, Masala Chai Black  with Real Spices  182 g, $3.29/100g" src="https://assets.shop.loblaws.ca/products/21379214/b3/en/front/21379214_front_a06_@2.png" srcset="https://assets.shop.loblaws.ca/products/21379214/b3/en/front/21379214_front_a06_@2.png 1x, https://assets.shop.loblaws.ca/products/21379214/b3/en/front/21379214_front_a06_@2.png 2x" loading="lazy" class="chakra-image css-oguq8l" aria-hidden="true"></div><div class="css-qoklea"><div class="css-12dchmx"></div><div data-testid="price-product-tile" class="css-8atqhb"><p class="chakra-text css-0"><span class="chakra-text css-pwnbcb" data-testid="regular-price"><span class="css-idkz9h">$5.99</span>$5.99</span></p></div><a href="/tea-masala-chai-black-with-real-spices/p/21379214_EA?source=nspt" class="chakra-linkbox__overlay css-1hnz6hu"><div class="css-0"><p class="chakra-text css-1ecdp9w" data-testid="product-brand">Tea India</p><h3 class="chakra-heading css-6qrhwc" id="21379214_EA" data-testid="product-title">Tea, Masala Chai Black  with Real Spices </h3><p class="chakra-text css-1yftjin" data-testid="product-package-size">182 g, $3.29/100g</p></div></a><div class="css-8keand"></div></div><div class="css-1q5omjq"><div class="css-fcebb8"><div data-testid="atc-compact" class="css-y94ivq" style="width: 45px;"><button type="button" class="chakra-button css-mudsm6" data-testid="atc-button"><svg stroke="currentColor" fill="currentColor" stroke-width="0" viewBox="0 0 24 24" focusable="false" class="chakra-icon css-1g3sp7a" data-testid="btn-icon" aria-hidden="true" height="1em" width="1em" xmlns="http://www.w3.org/2000/svg"><path d="M19 13h-6v6h-2v-6H5v-2h6V5h2v6h6v2z"></path></svg><span class="css-idkz9h">Add Tea, Masala Chai Black  with Real Spices  to cart</span></button></div></div></div></div></div></div><div class="css-0"><div class="css-f5i5wc"><div class="chakra-linkbox css-vhnn8v"><div data-testid="product-image" class="css-16dr4ly"><img alt="Carnation Marshmallow Hot Chocolate Sachets 250 g, $2.12/100g" src="https://assets.shop.loblaws.ca/products/21042072/b3/en/front/21042072_front_a06_@2.png" srcset="https://assets.shop.loblaws.ca/products/21042072/b3/en/front/21042072_front_a06_@2.png 1x, https://assets.shop.loblaws.ca/products/21042072/b3/en/front/21042072_front_a06_@2.png 2x" loading="lazy" class="chakra-image css-oguq8l" aria-hidden="true"></div><div class="css-qoklea"><div class="css-12dchmx"></div><div data-testid="price-product-tile" class="css-8atqhb"><p class="chakra-text css-0"><span class="chakra-text css-pwnbcb" data-testid="regular-price"><span class="css-idkz9h">$5.29</span>$5.29</span></p></div><a href="/marshmallow-hot-chocolate-sachets/p/21042072_EA?source=nspt" class="chakra-linkbox__overlay css-1hnz6hu"><div class="css-0"><p class="chakra-text css-1ecdp9w" data-testid="product-brand">Carnation</p><h3 class="chakra-heading css-6qrhwc" id="21042072_EA" data-testid="product-title">Marshmallow Hot Chocolate Sachets</h3><p class="chakra-text css-1yftjin" data-testid="product-package-size">250 g, $2.12/100g</p></div></a><div class="css-8keand"></div></div><div class="css-1q5omjq"><div class="css-fcebb8"><div data-testid="atc-compact" class="css-y94ivq" style="width: 45px;"><button type="button" class="chakra-button css-mudsm6" data-testid="atc-button"><svg stroke="currentColor" fill="currentColor" stroke-width="0" viewBox="0 0 24 24" focusable="false" class="chakra-icon css-1g3sp7a" data-testid="btn-icon" aria-hidden="true" height="1em" width="1em" xmlns="http://www.w3.org/2000/svg"><path d="M19 13h-6v6h-2v-6H5v-2h6V5h2v6h6v2z"></path></svg><span class="css-idkz9h">Add Marshmallow Hot Chocolate Sachets to cart</span></button></div></div></div></div></div></div><div class="css-0"><div class="css-f5i5wc"><div class="chakra-linkbox css-vhnn8v"><div data-testid="product-image" class="css-16dr4ly"><img alt="Carnation Aero S'Mores Hot Chocolate, Envelopes 175 g, $3.02/100g" src="https://assets.shop.loblaws.ca/products/21397872/b3/en/front/21397872_front_a06_@2.png" srcset="https://assets.shop.loblaws.ca/products/21397872/b3/en/front/21397872_front_a06_@2.png 1x, https://assets.shop.loblaws.ca/products/21397872/b3/en/front/21397872_front_a06_@2.png 2x" loading="lazy" class="chakra-image css-oguq8l" aria-hidden="true"></div><div class="css-qoklea"><div class="css-12dchmx"></div><div data-testid="price-product-tile" class="css-8atqhb"><p class="chakra-text css-0"><span class="chakra-text css-pwnbcb" data-testid="regular-price"><span class="css-idkz9h">$5.29</span>$5.29</span></p></div><a href="/aero-s-mores-hot-chocolate-envelopes/p/21397872_EA?source=nspt" class="chakra-linkbox__overlay css-1hnz6hu"><div class="css-0"><p class="chakra-text css-1ecdp9w" data-testid="product-brand">Carnation</p><h3 class="chakra-heading css-6qrhwc" id="21397872_EA" data-testid="product-title">Aero S'Mores Hot Chocolate, Envelopes</h3><p class="chakra-text css-1yftjin" data-testid="product-package-size">175 g, $3.02/100g</p></div></a><div class="css-8keand"></div></div><div class="css-1q5omjq"><div class="css-fcebb8"><div data-testid="atc-compact" class="css-y94ivq" style="width: 45px;"><button type="button" class="chakra-button css-mudsm6" data-testid="atc-button"><svg stroke="currentColor" fill="currentColor" stroke-width="0" viewBox="0 0 24 24" focusable="false" class="chakra-icon css-1g3sp7a" data-testid="btn-icon" aria-hidden="true" height="1em" width="1em" xmlns="http://www.w3.org/2000/svg"><path d="M19 13h-6v6h-2v-6H5v-2h6V5h2v6h6v2z"></path></svg><span class="css-idkz9h">Add Aero S'Mores Hot Chocolate, Envelopes to cart</span></button></div></div></div></div></div></div><div class="css-0"><div class="css-f5i5wc"><div class="chakra-linkbox css-vhnn8v"><div data-testid="product-image" class="css-16dr4ly"><img alt="Tea India Tea 681 g, $1.25/100g" src="https://assets.shop.loblaws.ca/products/20177173/b3/en/front/20177173_front_a06_@2.png" srcset="https://assets.shop.loblaws.ca/products/20177173/b3/en/front/20177173_front_a06_@2.png 1x, https://assets.shop.loblaws.ca/products/20177173/b3/en/front/20177173_front_a06_@2.png 2x" loading="lazy" class="chakra-image css-oguq8l" aria-hidden="true"></div><div class="css-qoklea"><div class="css-12dchmx"></div><div data-testid="price-product-tile" class="css-8atqhb"><p class="chakra-text css-0"><span class="chakra-text css-o93gbd" data-testid="sale-price"><span class="css-idkz9h">$8.49</span>$8.49</span><span class="chakra-text css-623q5h" data-testid="was-price"><span class="css-idkz9h">$8.99</span>$8.99</span></p><p class="chakra-text css-1m5a6y8" data-testid="price-descriptor">SAVE $0.50</p></div><a href="/tea/p/20177173_EA?source=nspt" class="chakra-linkbox__overlay css-1hnz6hu"><div class="css-0"><p class="chakra-text css-1ecdp9w" data-testid="product-brand">Tea India</p><h3 class="chakra-heading css-6qrhwc" id="20177173_EA" data-testid="product-title">Tea</h3><p class="chakra-text css-1yftjin" data-testid="product-package-size">681 g, $1.25/100g</p></div></a><div class="css-8keand"></div></div><div class="css-1q5omjq"><div class="css-fcebb8"><div data-testid="atc-compact" class="css-y94ivq" style="width: 45px;"><button type="button" class="chakra-button css-mudsm6" data-testid="atc-button"><svg stroke="currentColor" fill="currentColor" stroke-width="0" viewBox="0 0 24 24" focusable="false" class="chakra-icon css-1g3sp7a" data-testid="btn-icon" aria-hidden="true" height="1em" width="1em" xmlns="http://www.w3.org/2000/svg"><path d="M19 13h-6v6h-2v-6H5v-2h6V5h2v6h6v2z"></path></svg><span class="css-idkz9h">Add Tea to cart</span></button></div></div></div></div></div></div><div class="css-0"><div class="css-f5i5wc"><div class="chakra-linkbox css-vhnn8v"><div data-testid="product-image" class="css-16dr4ly"><img alt="Tetley Orange Pekoe Black Tea 216 ea, $0.06/1ea" src="https://assets.shop.loblaws.ca/products/20025699/b3/en/front/20025699_front_a06_@2.png" srcset="https://assets.shop.loblaws.ca/products/20025699/b3/en/front/20025699_front_a06_@2.png 1x, https://assets.shop.loblaws.ca/products/20025699/b3/en/front/20025699_front_a06_@2.png 2x" loading="lazy" class="chakra-image css-oguq8l" aria-hidden="true"></div><div class="css-qoklea"><div class="css-12dchmx"></div><div data-testid="price-product-tile" class="css-8atqhb"><p class="chakra-text css-0"><span class="chakra-text css-pwnbcb" data-testid="regular-price"><span class="css-idkz9h">$12.99</span>$12.99</span></p></div><a href="/orange-pekoe-black-tea/p/20025699_EA?source=nspt" class="chakra-linkbox__overlay css-1hnz6hu"><div class="css-0"><p class="chakra-text css-1ecdp9w" data-testid="product-brand">Tetley</p><h3 class="chakra-heading css-6qrhwc" id="20025699_EA" data-testid="product-title">Orange Pekoe Black Tea</h3><p class="chakra-text css-1yftjin" data-testid="product-package-size">216 ea, $0.06/1ea</p></div></a><div class="css-8keand"></div></div><div class="css-1q5omjq"><div class="css-fcebb8"><div data-testid="atc-compact" class="css-y94ivq" style="width: 45px;"><button type="button" class="chakra-button css-mudsm6" data-testid="atc-button"><svg stroke="currentColor" fill="currentColor" stroke-width="0" viewBox="0 0 24 24" focusable="false" class="chakra-icon css-1g3sp7a" data-testid="btn-icon" aria-hidden="true" height="1em" width="1em" xmlns="http://www.w3.org/2000/svg"><path d="M19 13h-6v6h-2v-6H5v-2h6V5h2v6h6v2z"></path></svg><span class="css-idkz9h">Add Orange Pekoe Black Tea to cart</span></button></div></div></div></div></div></div><div class="css-0"><div class="css-f5i5wc"><div class="chakra-linkbox css-vhnn8v"><div data-testid="product-image" class="css-16dr4ly"><img alt="Carnation Simply Hot Chocolate, Canister 400 g, $1.62/100g" src="https://assets.shop.loblaws.ca/products/21194486/b3/en/front/21194486_front_a06_@2.png" srcset="https://assets.shop.loblaws.ca/products/21194486/b3/en/front/21194486_front_a06_@2.png 1x, https://assets.shop.loblaws.ca/products/21194486/b3/en/front/21194486_front_a06_@2.png 2x" loading="lazy" class="chakra-image css-oguq8l" aria-hidden="true"></div><div class="css-qoklea"><div class="css-12dchmx"></div><div data-testid="price-product-tile" class="css-8atqhb"><p class="chakra-text css-0"><span class="chakra-text css-pwnbcb" data-testid="regular-price"><span class="css-idkz9h">$6.49</span>$6.49</span></p></div><a href="/simply-hot-chocolate-canister/p/21194486_EA?source=nspt" class="chakra-linkbox__overlay css-1hnz6hu"><div class="css-0"><p class="chakra-text css-1ecdp9w" data-testid="product-brand">Carnation</p><h3 class="chakra-heading css-6qrhwc" id="21194486_EA" data-testid="product-title">Simply Hot Chocolate, Canister</h3><p class="chakra-text css-1yftjin" data-testid="product-package-size">400 g, $1.62/100g</p></div></a><div class="css-8keand"></div></div><div class="css-1q5omjq"><div class="css-fcebb8"><div data-testid="atc-compact" class="css-y94ivq" style="width: 45px;"><button type="button" class="chakra-button css-mudsm6" data-testid="atc-button"><svg stroke="currentColor" fill="currentColor" stroke-width="0" viewBox="0 0 24 24" focusable="false" class="chakra-icon css-1g3sp7a" data-testid="btn-icon" aria-hidden="true" height="1em" width="1em" xmlns="http://www.w3.org/2000/svg"><path d="M19 13h-6v6h-2v-6H5v-2h6V5h2v6h6v2z"></path></svg><span class="css-idkz9h">Add Simply Hot Chocolate, Canister to cart</span></button></div></div></div></div></div></div><div class="css-0"><div class="css-f5i5wc"><div class="chakra-linkbox css-vhnn8v"><div data-testid="product-image" class="css-16dr4ly"><img alt="Surati Tea, Indian Pleasures Premium Assam  Special Blend 908 g, $1.21/100g" src="https://assets.shop.loblaws.ca/products/21092499/b3/en/front/21092499_front_a06_@2.png" srcset="https://assets.shop.loblaws.ca/products/21092499/b3/en/front/21092499_front_a06_@2.png 1x, https://assets.shop.loblaws.ca/products/21092499/b3/en/front/21092499_front_a06_@2.png 2x" loading="lazy" class="chakra-image css-oguq8l" aria-hidden="true"></div><div class="css-qoklea"><div class="css-12dchmx"></div><div data-testid="price-product-tile" class="css-8atqhb"><p class="chakra-text css-0"><span class="chakra-text css-pwnbcb" data-testid="regular-price"><span class="css-idkz9h">$10.99</span>$10.99</span></p></div><a href="/tea-indian-pleasures-premium-assam-special-blend/p/21092499_EA?source=nspt" class="chakra-linkbox__overlay css-1hnz6hu"><div class="css-0"><p class="chakra-text css-1ecdp9w" data-testid="product-brand">Surati</p><h3 class="chakra-heading css-6qrhwc" id="21092499_EA" data-testid="product-title">Tea, Indian Pleasures Premium Assam  Special Blend</h3><p class="chakra-text css-1yftjin" data-testid="product-package-size">908 g, $1.21/100g</p></div></a><div class="css-8keand"></div></div><div class="css-1q5omjq"><div class="css-fcebb8"><div data-testid="atc-compact" class="css-y94ivq" style="width: 45px;"><button type="button" class="chakra-button css-mudsm6" data-testid="atc-button"><svg stroke="currentColor" fill="currentColor" stroke-width="0" viewBox="0 0 24 24" focusable="false" class="chakra-icon css-1g3sp7a" data-testid="btn-icon" aria-hidden="true" height="1em" width="1em" xmlns="http://www.w3.org/2000/svg"><path d="M19 13h-6v6h-2v-6H5v-2h6V5h2v6h6v2z"></path></svg><span class="css-idkz9h">Add Tea, Indian Pleasures Premium Assam  Special Blend to cart</span></button></div></div></div></div></div></div><div class="css-0"><div class="css-f5i5wc"><div class="chakra-linkbox css-vhnn8v"><div data-testid="product-image" class="css-16dr4ly"><img alt="Twinings 100ct Earl Grey 100 ea, $0.14/1ea" src="https://assets.shop.loblaws.ca/products/21040439/b3/en/front/21040439_front_a06_@2.png" srcset="https://assets.shop.loblaws.ca/products/21040439/b3/en/front/21040439_front_a06_@2.png 1x, https://assets.shop.loblaws.ca/products/21040439/b3/en/front/21040439_front_a06_@2.png 2x" loading="lazy" class="chakra-image css-oguq8l" aria-hidden="true"></div><div class="css-qoklea"><div class="css-12dchmx"></div><div data-testid="price-product-tile" class="css-8atqhb"><p class="chakra-text css-0"><span class="chakra-text css-pwnbcb" data-testid="regular-price"><span class="css-idkz9h">$14.49</span>$14.49</span></p></div><a href="/100ct-earl-grey/p/21040439_EA?source=nspt" class="chakra-linkbox__overlay css-1hnz6hu"><div class="css-0"><p class="chakra-text css-1ecdp9w" data-testid="product-brand">Twinings</p><h3 class="chakra-heading css-6qrhwc" id="21040439_EA" data-testid="product-title">100ct Earl Grey</h3><p class="chakra-text css-1yftjin" data-testid="product-package-size">100 ea, $0.14/1ea</p></div></a><div class="css-8keand"></div></div><div class="css-1q5omjq"><div class="css-fcebb8"><div data-testid="atc-compact" class="css-y94ivq" style="width: 45px;"><button type="button" class="chakra-button css-mudsm6" data-testid="atc-button"><svg stroke="currentColor" fill="currentColor" stroke-width="0" viewBox="0 0 24 24" focusable="false" class="chakra-icon css-1g3sp7a" data-testid="btn-icon" aria-hidden="true" height="1em" width="1em" xmlns="http://www.w3.org/2000/svg"><path d="M19 13h-6v6h-2v-6H5v-2h6V5h2v6h6v2z"></path></svg><span class="css-idkz9h">Add 100ct Earl Grey to cart</span></button></div></div></div></div></div></div><div class="css-0"><div class="css-f5i5wc"><div class="chakra-linkbox css-vhnn8v"><div data-testid="product-image" class="css-16dr4ly"><img alt="Snapple Kiwi Strawberry  945 ml, $0.21/100ml" src="https://assets.shop.loblaws.ca/products/21522181/b3/en/front/21522181_front_a06_@2.png" srcset="https://assets.shop.loblaws.ca/products/21522181/b3/en/front/21522181_front_a06_@2.png 1x, https://assets.shop.loblaws.ca/products/21522181/b3/en/front/21522181_front_a06_@2.png 2x" loading="lazy" class="chakra-image css-oguq8l" aria-hidden="true"></div><div class="css-qoklea"><div class="css-12dchmx"></div><div data-testid="price-product-tile" class="css-8atqhb"><p class="chakra-text css-0"><span class="chakra-text css-pwnbcb" data-testid="regular-price"><span class="css-idkz9h">$1.99</span>$1.99</span></p></div><a href="/kiwi-strawberry/p/21522181_EA?source=nspt" class="chakra-linkbox__overlay css-1hnz6hu"><div class="css-0"><p class="chakra-text css-1ecdp9w" data-testid="product-brand">Snapple</p><h3 class="chakra-heading css-6qrhwc" id="21522181_EA" data-testid="product-title">Kiwi Strawberry </h3><p class="chakra-text css-1yftjin" data-testid="product-package-size">945 ml, $0.21/100ml</p></div></a><div class="css-8keand"></div></div><div class="css-1q5omjq"><div class="css-fcebb8"><div data-testid="atc-compact" class="css-y94ivq" style="width: 45px;"><button type="button" class="chakra-button css-mudsm6" data-testid="atc-button"><svg stroke="currentColor" fill="currentColor" stroke-width="0" viewBox="0 0 24 24" focusable="false" class="chakra-icon css-1g3sp7a" data-testid="btn-icon" aria-hidden="true" height="1em" width="1em" xmlns="http://www.w3.org/2000/svg"><path d="M19 13h-6v6h-2v-6H5v-2h6V5h2v6h6v2z"></path></svg><span class="css-idkz9h">Add Kiwi Strawberry  to cart</span></button></div></div></div></div></div></div><div class="css-0"><div class="css-f5i5wc"><div class="chakra-linkbox css-vhnn8v"><div data-testid="product-image" class="css-16dr4ly"><img alt="No Name Camomile Herbal Tea 24 g, $8.33/100g" src="https://assets.shop.loblaws.ca/products/21376440/b3/en/front/21376440_front_a06_@2.png" srcset="https://assets.shop.loblaws.ca/products/21376440/b3/en/front/21376440_front_a06_@2.png 1x, https://assets.shop.loblaws.ca/products/21376440/b3/en/front/21376440_front_a06_@2.png 2x" loading="lazy" class="chakra-image css-oguq8l" aria-hidden="true"></div><div class="css-qoklea"><div class="css-12dchmx"></div><div data-testid="price-product-tile" class="css-8atqhb"><p class="chakra-text css-0"><span class="chakra-text css-pwnbcb" data-testid="regular-price"><span class="css-idkz9h">$2.00</span>$2.00</span></p></div><a href="/camomile-herbal-tea/p/21376440_EA?source=nspt" class="chakra-linkbox__overlay css-1hnz6hu"><div class="css-0"><p class="chakra-text css-1ecdp9w" data-testid="product-brand">No Name</p><h3 class="chakra-heading css-6qrhwc" id="21376440_EA" data-testid="product-title">Camomile Herbal Tea</h3><p class="chakra-text css-1yftjin" data-testid="product-package-size">24 g, $8.33/100g</p></div></a><div class="css-8keand"></div></div><div class="css-1q5omjq"><div class="css-fcebb8"><div data-testid="atc-compact" class="css-y94ivq" style="width: 45px;"><button type="button" class="chakra-button css-mudsm6" data-testid="atc-button"><svg stroke="currentColor" fill="currentColor" stroke-width="0" viewBox="0 0 24 24" focusable="false" class="chakra-icon css-1g3sp7a" data-testid="btn-icon" aria-hidden="true" height="1em" width="1em" xmlns="http://www.w3.org/2000/svg"><path d="M19 13h-6v6h-2v-6H5v-2h6V5h2v6h6v2z"></path></svg><span class="css-idkz9h">Add Camomile Herbal Tea to cart</span></button></div></div></div></div></div></div><div class="css-0"><div class="css-f5i5wc"><div class="chakra-linkbox css-vhnn8v"><div data-testid="product-image" class="css-16dr4ly"><img alt="Snapple Peach tea 945 ml, $0.21/100ml" src="https://assets.shop.loblaws.ca/products/21522183/b3/en/front/21522183_front_a06_@2.png" srcset="https://assets.shop.loblaws.ca/products/21522183/b3/en/front/21522183_front_a06_@2.png 1x, https://assets.shop.loblaws.ca/products/21522183/b3/en/front/21522183_front_a06_@2.png 2x" loading="lazy" class="chakra-image css-oguq8l" aria-hidden="true"></div><div class="css-qoklea"><div class="css-12dchmx"></div><div data-testid="price-product-tile" class="css-8atqhb"><p class="chakra-text css-0"><span class="chakra-text css-pwnbcb" data-testid="regular-price"><span class="css-idkz9h">$1.99</span>$1.99</span></p></div><a href="/peach-tea/p/21522183_EA?source=nspt" class="chakra-linkbox__overlay css-1hnz6hu"><div class="css-0"><p class="chakra-text css-1ecdp9w" data-testid="product-brand">Snapple</p><h3 class="chakra-heading css-6qrhwc" id="21522183_EA" data-testid="product-title">Peach tea</h3><p class="chakra-text css-1yftjin" data-testid="product-package-size">945 ml, $0.21/100ml</p></div></a><div class="css-8keand"></div></div><div class="css-1q5omjq"><div class="css-fcebb8"><div data-testid="atc-compact" class="css-y94ivq" style="width: 45px;"><button type="button" class="chakra-button css-mudsm6" data-testid="atc-button"><svg stroke="currentColor" fill="currentColor" stroke-width="0" viewBox="0 0 24 24" focusable="false" class="chakra-icon css-1g3sp7a" data-testid="btn-icon" aria-hidden="true" height="1em" width="1em" xmlns="http://www.w3.org/2000/svg"><path d="M19 13h-6v6h-2v-6H5v-2h6V5h2v6h6v2z"></path></svg><span class="css-idkz9h">Add Peach tea to cart</span></button></div></div></div></div></div></div><div class="css-0"><div class="css-f5i5wc"><div class="chakra-linkbox css-vhnn8v"><div data-testid="product-image" class="css-16dr4ly"><img alt="Tetley Super Tea immune lemon &amp; Echinacea with Zinc 20 ea, $0.15/1ea" src="https://assets.shop.loblaws.ca/products/21107440/b3/en/front/21107440_front_a06_@2.png" srcset="https://assets.shop.loblaws.ca/products/21107440/b3/en/front/21107440_front_a06_@2.png 1x, https://assets.shop.loblaws.ca/products/21107440/b3/en/front/21107440_front_a06_@2.png 2x" loading="lazy" class="chakra-image css-oguq8l" aria-hidden="true"></div><div class="css-qoklea"><div class="css-12dchmx"></div><div data-testid="price-product-tile" class="css-8atqhb"><p class="chakra-text css-0"><span class="chakra-text css-o93gbd" data-testid="sale-price"><span class="css-idkz9h">$2.99</span>$2.99</span><span class="chakra-text css-623q5h" data-testid="was-price"><span class="css-idkz9h">$4.49</span>$4.49</span></p><p class="chakra-text css-1m5a6y8" data-testid="price-descriptor">SAVE $1.50</p></div><a href="/super-tea-immune-lemon-echinacea-with-zinc/p/21107440_EA?source=nspt" class="chakra-linkbox__overlay css-1hnz6hu"><div class="css-0"><p class="chakra-text css-1ecdp9w" data-testid="product-brand">Tetley</p><h3 class="chakra-heading css-6qrhwc" id="21107440_EA" data-testid="product-title">Super Tea immune lemon &amp; Echinacea with Zinc</h3><p class="chakra-text css-1yftjin" data-testid="product-package-size">20 ea, $0.15/1ea</p></div></a><div class="css-8keand"></div></div><div class="css-1q5omjq"><div class="css-fcebb8"><div data-testid="atc-compact" class="css-y94ivq" style="width: 45px;"><button type="button" class="chakra-button css-mudsm6" data-testid="atc-button"><svg stroke="currentColor" fill="currentColor" stroke-width="0" viewBox="0 0 24 24" focusable="false" class="chakra-icon css-1g3sp7a" data-testid="btn-icon" aria-hidden="true" height="1em" width="1em" xmlns="http://www.w3.org/2000/svg"><path d="M19 13h-6v6h-2v-6H5v-2h6V5h2v6h6v2z"></path></svg><span class="css-idkz9h">Add Super Tea immune lemon &amp; Echinacea with Zinc to cart</span></button></div></div></div></div></div></div><div class="css-0"><div class="css-f5i5wc"><div class="chakra-linkbox css-vhnn8v"><div data-testid="product-image" class="css-16dr4ly"><img alt="President's Choice Hibiscus White Tea 20 ea, $0.15/1ea" src="https://assets.shop.loblaws.ca/products/21467346/b3/en/front/21467346_front_a06_@2.png" srcset="https://assets.shop.loblaws.ca/products/21467346/b3/en/front/21467346_front_a06_@2.png 1x, https://assets.shop.loblaws.ca/products/21467346/b3/en/front/21467346_front_a06_@2.png 2x" loading="lazy" class="chakra-image css-oguq8l" aria-hidden="true"></div><div class="css-qoklea"><div class="css-12dchmx"></div><div data-testid="price-product-tile" class="css-8atqhb"><p class="chakra-text css-0"><span class="chakra-text css-o93gbd" data-testid="sale-price"><span class="css-idkz9h">$2.99</span>$2.99</span><span class="chakra-text css-623q5h" data-testid="was-price"><span class="css-idkz9h">$3.49</span>$3.49</span></p><p class="chakra-text css-1m5a6y8" data-testid="price-descriptor">SAVE $0.50</p></div><a href="/hibiscus-white-tea/p/21467346_EA?source=nspt" class="chakra-linkbox__overlay css-1hnz6hu"><div class="css-0"><p class="chakra-text css-1ecdp9w" data-testid="product-brand">President's Choice</p><h3 class="chakra-heading css-6qrhwc" id="21467346_EA" data-testid="product-title">Hibiscus White Tea</h3><p class="chakra-text css-1yftjin" data-testid="product-package-size">20 ea, $0.15/1ea</p></div></a><div class="css-8keand"></div></div><div class="css-1q5omjq"><div class="css-fcebb8"><div data-testid="atc-compact" class="css-y94ivq" style="width: 45px;"><button type="button" class="chakra-button css-mudsm6" data-testid="atc-button"><svg stroke="currentColor" fill="currentColor" stroke-width="0" viewBox="0 0 24 24" focusable="false" class="chakra-icon css-1g3sp7a" data-testid="btn-icon" aria-hidden="true" height="1em" width="1em" xmlns="http://www.w3.org/2000/svg"><path d="M19 13h-6v6h-2v-6H5v-2h6V5h2v6h6v2z"></path></svg><span class="css-idkz9h">Add Hibiscus White Tea to cart</span></button></div></div></div></div></div></div><div class="css-0"><div class="css-f5i5wc"><div class="chakra-linkbox css-vhnn8v"><div data-testid="product-image" class="css-16dr4ly"><img alt="Tetley Decafeine Orange Pekoe 80 ea, $0.13/1ea" src="https://assets.shop.loblaws.ca/products/20711394/b3/en/front/20711394_front_a06_@2.png" srcset="https://assets.shop.loblaws.ca/products/20711394/b3/en/front/20711394_front_a06_@2.png 1x, https://assets.shop.loblaws.ca/products/20711394/b3/en/front/20711394_front_a06_@2.png 2x" loading="lazy" class="chakra-image css-oguq8l" aria-hidden="true"></div><div class="css-qoklea"><div class="css-12dchmx"></div><div data-testid="price-product-tile" class="css-8atqhb"><p class="chakra-text css-0"><span class="chakra-text css-pwnbcb" data-testid="regular-price"><span class="css-idkz9h">$10.49</span>$10.49</span></p></div><a href="/decafeine-orange-pekoe/p/20711394_EA?source=nspt" class="chakra-linkbox__overlay css-1hnz6hu"><div class="css-0"><p class="chakra-text css-1ecdp9w" data-testid="product-brand">Tetley</p><h3 class="chakra-heading css-6qrhwc" id="20711394_EA" data-testid="product-title">Decafeine Orange Pekoe</h3><p class="chakra-text css-1yftjin" data-testid="product-package-size">80 ea, $0.13/1ea</p></div></a><div class="css-8keand"></div></div><div class="css-1q5omjq"><div class="css-fcebb8"><div data-testid="atc-compact" class="css-y94ivq" style="width: 45px;"><button type="button" class="chakra-button css-mudsm6" data-testid="atc-button"><svg stroke="currentColor" fill="currentColor" stroke-width="0" viewBox="0 0 24 24" focusable="false" class="chakra-icon css-1g3sp7a" data-testid="btn-icon" aria-hidden="true" height="1em" width="1em" xmlns="http://www.w3.org/2000/svg"><path d="M19 13h-6v6h-2v-6H5v-2h6V5h2v6h6v2z"></path></svg><span class="css-idkz9h">Add Decafeine Orange Pekoe to cart</span></button></div></div></div></div></div></div><div class="css-0"><div class="css-f5i5wc"><div class="chakra-linkbox css-vhnn8v"><div data-testid="product-image" class="css-16dr4ly"><img alt="Tazo Herbal Tea Iced Passion 946 ml, $0.95/100ml" src="https://assets.shop.loblaws.ca/products/21557580/b3/en/front/21557580_front_a06_@2.png" srcset="https://assets.shop.loblaws.ca/products/21557580/b3/en/front/21557580_front_a06_@2.png 1x, https://assets.shop.loblaws.ca/products/21557580/b3/en/front/21557580_front_a06_@2.png 2x" loading="lazy" class="chakra-image css-oguq8l" aria-hidden="true"></div><div class="css-qoklea"><div class="css-12dchmx"></div><div data-testid="price-product-tile" class="css-8atqhb"><p class="chakra-text css-0"><span class="chakra-text css-pwnbcb" data-testid="regular-price"><span class="css-idkz9h">$8.99</span>$8.99</span></p></div><a href="/herbal-tea-iced-passion/p/21557580_EA?source=nspt" class="chakra-linkbox__overlay css-1hnz6hu"><div class="css-0"><p class="chakra-text css-1ecdp9w" data-testid="product-brand">Tazo</p><h3 class="chakra-heading css-6qrhwc" id="21557580_EA" data-testid="product-title">Herbal Tea Iced Passion</h3><p class="chakra-text css-1yftjin" data-testid="product-package-size">946 ml, $0.95/100ml</p></div></a><div class="css-8keand"></div></div><div class="css-1q5omjq"><div class="css-fcebb8"><div data-testid="atc-compact" class="css-y94ivq" style="width: 45px;"><button type="button" class="chakra-button css-mudsm6" data-testid="atc-button"><svg stroke="currentColor" fill="currentColor" stroke-width="0" viewBox="0 0 24 24" focusable="false" class="chakra-icon css-1g3sp7a" data-testid="btn-icon" aria-hidden="true" height="1em" width="1em" xmlns="http://www.w3.org/2000/svg"><path d="M19 13h-6v6h-2v-6H5v-2h6V5h2v6h6v2z"></path></svg><span class="css-idkz9h">Add Herbal Tea Iced Passion to cart</span></button></div></div></div></div></div></div><div class="css-0"><div class="css-f5i5wc"><div class="chakra-linkbox css-vhnn8v"><div data-testid="product-image" class="css-16dr4ly"><img alt="Ovaltine Malted Drink, Classic 400 g, $1.25/100g" src="https://assets.shop.loblaws.ca/products/20726635/b3/en/front/20726635_front_a06_@2.png" srcset="https://assets.shop.loblaws.ca/products/20726635/b3/en/front/20726635_front_a06_@2.png 1x, https://assets.shop.loblaws.ca/products/20726635/b3/en/front/20726635_front_a06_@2.png 2x" loading="lazy" class="chakra-image css-oguq8l" aria-hidden="true"></div><div class="css-qoklea"><div class="css-12dchmx"></div><div data-testid="price-product-tile" class="css-8atqhb"><p class="chakra-text css-0"><span class="chakra-text css-o93gbd" data-testid="sale-price"><span class="css-idkz9h">$4.99</span>$4.99</span><span class="chakra-text css-623q5h" data-testid="was-price"><span class="css-idkz9h">$5.99</span>$5.99</span></p><p class="chakra-text css-1m5a6y8" data-testid="price-descriptor">SAVE $1.00</p></div><a href="/malted-drink-classic/p/20726635_EA?source=nspt" class="chakra-linkbox__overlay css-1hnz6hu"><div class="css-0"><p class="chakra-text css-1ecdp9w" data-testid="product-brand">Ovaltine</p><h3 class="chakra-heading css-6qrhwc" id="20726635_EA" data-testid="product-title">Malted Drink, Classic</h3><p class="chakra-text css-1yftjin" data-testid="product-package-size">400 g, $1.25/100g</p></div></a><div class="css-8keand"></div></div><div class="css-1q5omjq"><div class="css-fcebb8"><div data-testid="atc-compact" class="css-y94ivq" style="width: 45px;"><button type="button" class="chakra-button css-mudsm6" data-testid="atc-button"><svg stroke="currentColor" fill="currentColor" stroke-width="0" viewBox="0 0 24 24" focusable="false" class="chakra-icon css-1g3sp7a" data-testid="btn-icon" aria-hidden="true" height="1em" width="1em" xmlns="http://www.w3.org/2000/svg"><path d="M19 13h-6v6h-2v-6H5v-2h6V5h2v6h6v2z"></path></svg><span class="css-idkz9h">Add Malted Drink, Classic to cart</span></button></div></div></div></div></div></div><div class="css-0"><div class="css-f5i5wc"><div class="chakra-linkbox css-vhnn8v"><div data-testid="product-image" class="css-16dr4ly"><img alt="President's Choice Vanilla Black Tea 20 ea, $0.15/1ea" src="https://assets.shop.loblaws.ca/products/21467338/b3/en/front/21467338_front_a06_@2.png" srcset="https://assets.shop.loblaws.ca/products/21467338/b3/en/front/21467338_front_a06_@2.png 1x, https://assets.shop.loblaws.ca/products/21467338/b3/en/front/21467338_front_a06_@2.png 2x" loading="lazy" class="chakra-image css-oguq8l" aria-hidden="true"></div><div class="css-qoklea"><div class="css-12dchmx"></div><div data-testid="price-product-tile" class="css-8atqhb"><p class="chakra-text css-0"><span class="chakra-text css-o93gbd" data-testid="sale-price"><span class="css-idkz9h">$2.99</span>$2.99</span><span class="chakra-text css-623q5h" data-testid="was-price"><span class="css-idkz9h">$3.49</span>$3.49</span></p><p class="chakra-text css-1m5a6y8" data-testid="price-descriptor">SAVE $0.50</p></div><a href="/vanilla-black-tea/p/21467338_EA?source=nspt" class="chakra-linkbox__overlay css-1hnz6hu"><div class="css-0"><p class="chakra-text css-1ecdp9w" data-testid="product-brand">President's Choice</p><h3 class="chakra-heading css-6qrhwc" id="21467338_EA" data-testid="product-title">Vanilla Black Tea</h3><p class="chakra-text css-1yftjin" data-testid="product-package-size">20 ea, $0.15/1ea</p></div></a><div class="css-8keand"></div></div><div class="css-1q5omjq"><div class="css-fcebb8"><div data-testid="atc-compact" class="css-y94ivq" style="width: 45px;"><button type="button" class="chakra-button css-mudsm6" data-testid="atc-button"><svg stroke="currentColor" fill="currentColor" stroke-width="0" viewBox="0 0 24 24" focusable="false" class="chakra-icon css-1g3sp7a" data-testid="btn-icon" aria-hidden="true" height="1em" width="1em" xmlns="http://www.w3.org/2000/svg"><path d="M19 13h-6v6h-2v-6H5v-2h6V5h2v6h6v2z"></path></svg><span class="css-idkz9h">Add Vanilla Black Tea to cart</span></button></div></div></div></div></div></div><div class="css-0"><div class="css-f5i5wc"><div class="chakra-linkbox css-vhnn8v"><div data-testid="product-image" class="css-16dr4ly"><img alt="Tetley Earl Grey Decaffeinated Specialty Cannister Pack 24 ea, $0.12/1ea" src="https://assets.shop.loblaws.ca/products/20722550/b3/en/front/20722550_front_a06_@2.png" srcset="https://assets.shop.loblaws.ca/products/20722550/b3/en/front/20722550_front_a06_@2.png 1x, https://assets.shop.loblaws.ca/products/20722550/b3/en/front/20722550_front_a06_@2.png 2x" loading="lazy" class="chakra-image css-oguq8l" aria-hidden="true"></div><div class="css-qoklea"><div class="css-12dchmx"></div><div data-testid="price-product-tile" class="css-8atqhb"><p class="chakra-text css-0"><span class="chakra-text css-o93gbd" data-testid="sale-price"><span class="css-idkz9h">$2.99</span>$2.99</span><span class="chakra-text css-623q5h" data-testid="was-price"><span class="css-idkz9h">$4.49</span>$4.49</span></p><p class="chakra-text css-1m5a6y8" data-testid="price-descriptor">SAVE $1.50</p></div><a href="/earl-grey-decaffeinated-specialty-cannister-pack/p/20722550_EA?source=nspt" class="chakra-linkbox__overlay css-1hnz6hu"><div class="css-0"><p class="chakra-text css-1ecdp9w" data-testid="product-brand">Tetley</p><h3 class="chakra-heading css-6qrhwc" id="20722550_EA" data-testid="product-title">Earl Grey Decaffeinated Specialty Cannister Pack</h3><p class="chakra-text css-1yftjin" data-testid="product-package-size">24 ea, $0.12/1ea</p></div></a><div class="css-8keand"></div></div><div class="css-1q5omjq"><div class="css-fcebb8"><div data-testid="atc-compact" class="css-y94ivq" style="width: 45px;"><button type="button" class="chakra-button css-mudsm6" data-testid="atc-button"><svg stroke="currentColor" fill="currentColor" stroke-width="0" viewBox="0 0 24 24" focusable="false" class="chakra-icon css-1g3sp7a" data-testid="btn-icon" aria-hidden="true" height="1em" width="1em" xmlns="http://www.w3.org/2000/svg"><path d="M19 13h-6v6h-2v-6H5v-2h6V5h2v6h6v2z"></path></svg><span class="css-idkz9h">Add Earl Grey Decaffeinated Specialty Cannister Pack to cart</span></button></div></div></div></div></div></div><div class="css-0"><div class="css-f5i5wc"><div class="chakra-linkbox css-vhnn8v"><div data-testid="product-image" class="css-16dr4ly"><img alt="Tetley Green Tea Naturally Decaffeinated 24 ea, $0.12/1ea" src="https://assets.shop.loblaws.ca/products/20712557/b3/en/front/20712557_front_a06_@2.png" srcset="https://assets.shop.loblaws.ca/products/20712557/b3/en/front/20712557_front_a06_@2.png 1x, https://assets.shop.loblaws.ca/products/20712557/b3/en/front/20712557_front_a06_@2.png 2x" loading="lazy" class="chakra-image css-oguq8l" aria-hidden="true"></div><div class="css-qoklea"><div class="css-12dchmx"></div><div data-testid="price-product-tile" class="css-8atqhb"><p class="chakra-text css-0"><span class="chakra-text css-o93gbd" data-testid="sale-price"><span class="css-idkz9h">$2.99</span>$2.99</span><span class="chakra-text css-623q5h" data-testid="was-price"><span class="css-idkz9h">$4.49</span>$4.49</span></p><p class="chakra-text css-1m5a6y8" data-testid="price-descriptor">SAVE $1.50</p></div><a href="/green-tea-naturally-decaffeinated/p/20712557_EA?source=nspt" class="chakra-linkbox__overlay css-1hnz6hu"><div class="css-0"><p class="chakra-text css-1ecdp9w" data-testid="product-brand">Tetley</p><h3 class="chakra-heading css-6qrhwc" id="20712557_EA" data-testid="product-title">Green Tea Naturally Decaffeinated</h3><p class="chakra-text css-1yftjin" data-testid="product-package-size">24 ea, $0.12/1ea</p></div></a><div class="css-8keand"></div></div><div class="css-1q5omjq"><div class="css-fcebb8"><div data-testid="atc-compact" class="css-y94ivq" style="width: 45px;"><button type="button" class="chakra-button css-mudsm6" data-testid="atc-button"><svg stroke="currentColor" fill="currentColor" stroke-width="0" viewBox="0 0 24 24" focusable="false" class="chakra-icon css-1g3sp7a" data-testid="btn-icon" aria-hidden="true" height="1em" width="1em" xmlns="http://www.w3.org/2000/svg"><path d="M19 13h-6v6h-2v-6H5v-2h6V5h2v6h6v2z"></path></svg><span class="css-idkz9h">Add Green Tea Naturally Decaffeinated to cart</span></button></div></div></div></div></div></div><div class="css-0"><div class="css-f5i5wc"><div class="chakra-linkbox css-vhnn8v"><div data-testid="product-image" class="css-16dr4ly"><img alt="Tetley Super Tea Boost Berry Burst With Vitamin B6 20 ea, $0.15/1ea" src="https://assets.shop.loblaws.ca/products/21107497/b3/en/front/21107497_front_a06_@2.png" srcset="https://assets.shop.loblaws.ca/products/21107497/b3/en/front/21107497_front_a06_@2.png 1x, https://assets.shop.loblaws.ca/products/21107497/b3/en/front/21107497_front_a06_@2.png 2x" loading="lazy" class="chakra-image css-oguq8l" aria-hidden="true"></div><div class="css-qoklea"><div class="css-12dchmx"></div><div data-testid="price-product-tile" class="css-8atqhb"><p class="chakra-text css-0"><span class="chakra-text css-o93gbd" data-testid="sale-price"><span class="css-idkz9h">$2.99</span>$2.99</span><span class="chakra-text css-623q5h" data-testid="was-price"><span class="css-idkz9h">$4.49</span>$4.49</span></p><p class="chakra-text css-1m5a6y8" data-testid="price-descriptor">SAVE $1.50</p></div><a href="/super-tea-boost-berry-burst-with-vitamin-b6/p/21107497_EA?source=nspt" class="chakra-linkbox__overlay css-1hnz6hu"><div class="css-0"><p class="chakra-text css-1ecdp9w" data-testid="product-brand">Tetley</p><h3 class="chakra-heading css-6qrhwc" id="21107497_EA" data-testid="product-title">Super Tea Boost Berry Burst With Vitamin B6</h3><p class="chakra-text css-1yftjin" data-testid="product-package-size">20 ea, $0.15/1ea</p></div></a><div class="css-8keand"></div></div><div class="css-1q5omjq"><div class="css-fcebb8"><div data-testid="atc-compact" class="css-y94ivq" style="width: 45px;"><button type="button" class="chakra-button css-mudsm6" data-testid="atc-button"><svg stroke="currentColor" fill="currentColor" stroke-width="0" viewBox="0 0 24 24" focusable="false" class="chakra-icon css-1g3sp7a" data-testid="btn-icon" aria-hidden="true" height="1em" width="1em" xmlns="http://www.w3.org/2000/svg"><path d="M19 13h-6v6h-2v-6H5v-2h6V5h2v6h6v2z"></path></svg><span class="css-idkz9h">Add Super Tea Boost Berry Burst With Vitamin B6 to cart</span></button></div></div></div></div></div></div><div class="css-0"><div class="css-f5i5wc"><div class="chakra-linkbox css-vhnn8v"><div data-testid="product-image" class="css-16dr4ly"><img alt="Nestea Lemon Iced Tea With 0.5 Less Sugar 715 g, $0.88/100g" src="https://assets.shop.loblaws.ca/products/21014408/b3/en/front/21014408_front_a06_@2.png" srcset="https://assets.shop.loblaws.ca/products/21014408/b3/en/front/21014408_front_a06_@2.png 1x, https://assets.shop.loblaws.ca/products/21014408/b3/en/front/21014408_front_a06_@2.png 2x" loading="lazy" class="chakra-image css-oguq8l" aria-hidden="true"></div><div class="css-qoklea"><div class="css-12dchmx"></div><div data-testid="price-product-tile" class="css-8atqhb"><p class="chakra-text css-0"><span class="chakra-text css-o93gbd" data-testid="sale-price"><span class="css-idkz9h">$6.29</span>$6.29</span><span class="chakra-text css-623q5h" data-testid="was-price"><span class="css-idkz9h">$6.49</span>$6.49</span></p><p class="chakra-text css-1m5a6y8" data-testid="price-descriptor">SAVE $0.20</p></div><a href="/lemon-iced-tea-with-0-5-less-sugar/p/21014408_EA?source=nspt" class="chakra-linkbox__overlay css-1hnz6hu"><div class="css-0"><p class="chakra-text css-1ecdp9w" data-testid="product-brand">Nestea</p><h3 class="chakra-heading css-6qrhwc" id="21014408_EA" data-testid="product-title">Lemon Iced Tea With 0.5 Less Sugar</h3><p class="chakra-text css-1yftjin" data-testid="product-package-size">715 g, $0.88/100g</p></div></a><div class="css-8keand"></div></div><div class="css-1q5omjq"><div class="css-fcebb8"><div data-testid="atc-compact" class="css-y94ivq" style="width: 45px;"><button type="button" class="chakra-button css-mudsm6" data-testid="atc-button"><svg stroke="currentColor" fill="currentColor" stroke-width="0" viewBox="0 0 24 24" focusable="false" class="chakra-icon css-1g3sp7a" data-testid="btn-icon" aria-hidden="true" height="1em" width="1em" xmlns="http://www.w3.org/2000/svg"><path d="M19 13h-6v6h-2v-6H5v-2h6V5h2v6h6v2z"></path></svg><span class="css-idkz9h">Add Lemon Iced Tea With 0.5 Less Sugar to cart</span></button></div></div></div></div></div></div><div class="css-0"><div class="css-f5i5wc"><div class="chakra-linkbox css-vhnn8v"><div data-testid="product-image" class="css-16dr4ly"><img alt="Society Tea Black Tea 450 g, $2.11/100g" src="https://assets.shop.loblaws.ca/products/21101547/b3/en/front/21101547_front_a06_@2.png" srcset="https://assets.shop.loblaws.ca/products/21101547/b3/en/front/21101547_front_a06_@2.png 1x, https://assets.shop.loblaws.ca/products/21101547/b3/en/front/21101547_front_a06_@2.png 2x" loading="lazy" class="chakra-image css-oguq8l" aria-hidden="true"></div><div class="css-qoklea"><div class="css-12dchmx"></div><div data-testid="price-product-tile" class="css-8atqhb"><p class="chakra-text css-0"><span class="chakra-text css-pwnbcb" data-testid="regular-price"><span class="css-idkz9h">$9.49</span>$9.49</span></p></div><a href="/black-tea/p/21101547_EA?source=nspt" class="chakra-linkbox__overlay css-1hnz6hu"><div class="css-0"><p class="chakra-text css-1ecdp9w" data-testid="product-brand">Society Tea</p><h3 class="chakra-heading css-6qrhwc" id="21101547_EA" data-testid="product-title">Black Tea</h3><p class="chakra-text css-1yftjin" data-testid="product-package-size">450 g, $2.11/100g</p></div></a><div class="css-8keand"></div></div><div class="css-1q5omjq"><div class="css-fcebb8"><div data-testid="atc-compact" class="css-y94ivq" style="width: 45px;"><button type="button" class="chakra-button css-mudsm6" data-testid="atc-button"><svg stroke="currentColor" fill="currentColor" stroke-width="0" viewBox="0 0 24 24" focusable="false" class="chakra-icon css-1g3sp7a" data-testid="btn-icon" aria-hidden="true" height="1em" width="1em" xmlns="http://www.w3.org/2000/svg"><path d="M19 13h-6v6h-2v-6H5v-2h6V5h2v6h6v2z"></path></svg><span class="css-idkz9h">Add Black Tea to cart</span></button></div></div><div class="css-4saf4a"><p class="chakra-text css-py8788" data-testid="inventory-badge-text">Low Stock</p></div></div></div></div></div><div class="css-0"><div class="css-f5i5wc"><div class="chakra-linkbox css-vhnn8v"><div data-testid="product-image" class="css-16dr4ly"><img alt="Nescafe Coffee Mix 150 g, $1.66/100g" src="https://assets.shop.loblaws.ca/products/20964335/b3/en/front/20964335_front_a06_@2.png" srcset="https://assets.shop.loblaws.ca/products/20964335/b3/en/front/20964335_front_a06_@2.png 1x, https://assets.shop.loblaws.ca/products/20964335/b3/en/front/20964335_front_a06_@2.png 2x" loading="lazy" class="chakra-image css-oguq8l" aria-hidden="true"></div><div class="css-qoklea"><div class="css-12dchmx"></div><div data-testid="price-product-tile" class="css-8atqhb"><p class="chakra-text css-0"><span class="chakra-text css-pwnbcb" data-testid="regular-price"><span class="css-idkz9h">$2.49</span>$2.49</span></p></div><a href="/coffee-mix/p/20964335_EA?source=nspt" class="chakra-linkbox__overlay css-1hnz6hu"><div class="css-0"><p class="chakra-text css-1ecdp9w" data-testid="product-brand">Nescafe</p><h3 class="chakra-heading css-6qrhwc" id="20964335_EA" data-testid="product-title">Coffee Mix</h3><p class="chakra-text css-1yftjin" data-testid="product-package-size">150 g, $1.66/100g</p></div></a><div class="css-8keand"></div></div><div class="css-1q5omjq"><div class="css-fcebb8"><div data-testid="atc-compact" class="css-y94ivq" style="width: 45px;"><button type="button" class="chakra-button css-mudsm6" data-testid="atc-button"><svg stroke="currentColor" fill="currentColor" stroke-width="0" viewBox="0 0 24 24" focusable="false" class="chakra-icon css-1g3sp7a" data-testid="btn-icon" aria-hidden="true" height="1em" width="1em" xmlns="http://www.w3.org/2000/svg"><path d="M19 13h-6v6h-2v-6H5v-2h6V5h2v6h6v2z"></path></svg><span class="css-idkz9h">Add Coffee Mix to cart</span></button></div></div></div></div></div></div><div class="css-0"><div class="css-f5i5wc"><div class="chakra-linkbox css-vhnn8v"><div data-testid="product-image" class="css-16dr4ly"><img alt="Gold Kili Instant Ginger Tea Latte With Honey 250 g, $2.20/100g" src="https://assets.shop.loblaws.ca/products/21427855/b3/en/front/21427855_front_a06_@2.png" srcset="https://assets.shop.loblaws.ca/products/21427855/b3/en/front/21427855_front_a06_@2.png 1x, https://assets.shop.loblaws.ca/products/21427855/b3/en/front/21427855_front_a06_@2.png 2x" loading="lazy" class="chakra-image css-oguq8l" aria-hidden="true"></div><div class="css-qoklea"><div class="css-12dchmx"></div><div data-testid="price-product-tile" class="css-8atqhb"><p class="chakra-text css-0"><span class="chakra-text css-pwnbcb" data-testid="regular-price"><span class="css-idkz9h">$5.49</span>$5.49</span></p></div><a href="/instant-ginger-tea-latte-with-honey/p/21427855_EA?source=nspt" class="chakra-linkbox__overlay css-1hnz6hu"><div class="css-0"><p class="chakra-text css-1ecdp9w" data-testid="product-brand">Gold Kili</p><h3 class="chakra-heading css-6qrhwc" id="21427855_EA" data-testid="product-title">Instant Ginger Tea Latte With Honey</h3><p class="chakra-text css-1yftjin" data-testid="product-package-size">250 g, $2.20/100g</p></div></a><div class="css-8keand"></div></div><div class="css-1q5omjq"><div class="css-fcebb8"><div data-testid="atc-compact" class="css-y94ivq" style="width: 45px;"><button type="button" class="chakra-button css-mudsm6" data-testid="atc-button"><svg stroke="currentColor" fill="currentColor" stroke-width="0" viewBox="0 0 24 24" focusable="false" class="chakra-icon css-1g3sp7a" data-testid="btn-icon" aria-hidden="true" height="1em" width="1em" xmlns="http://www.w3.org/2000/svg"><path d="M19 13h-6v6h-2v-6H5v-2h6V5h2v6h6v2z"></path></svg><span class="css-idkz9h">Add Instant Ginger Tea Latte With Honey to cart</span></button></div></div></div></div></div></div><div class="css-0"><div class="css-f5i5wc"><div class="chakra-linkbox css-vhnn8v"><div data-testid="product-image" class="css-16dr4ly"><img alt="Twinings Lemon &amp; Ginger Tea 50 ea, $0.14/1ea" src="https://assets.shop.loblaws.ca/products/21111078/b3/en/front/21111078_front_a06_@2.png" srcset="https://assets.shop.loblaws.ca/products/21111078/b3/en/front/21111078_front_a06_@2.png 1x, https://assets.shop.loblaws.ca/products/21111078/b3/en/front/21111078_front_a06_@2.png 2x" loading="lazy" class="chakra-image css-oguq8l" aria-hidden="true"></div><div class="css-qoklea"><div class="css-12dchmx"></div><div data-testid="price-product-tile" class="css-8atqhb"><p class="chakra-text css-0"><span class="chakra-text css-pwnbcb" data-testid="regular-price"><span class="css-idkz9h">$6.99</span>$6.99</span></p></div><a href="/lemon-ginger-tea/p/21111078_EA?source=nspt" class="chakra-linkbox__overlay css-1hnz6hu"><div class="css-0"><p class="chakra-text css-1ecdp9w" data-testid="product-brand">Twinings</p><h3 class="chakra-heading css-6qrhwc" id="21111078_EA" data-testid="product-title">Lemon &amp; Ginger Tea</h3><p class="chakra-text css-1yftjin" data-testid="product-package-size">50 ea, $0.14/1ea</p></div></a><div class="css-8keand"></div></div><div class="css-1q5omjq"><div class="css-fcebb8"><div data-testid="atc-compact" class="css-y94ivq" style="width: 45px;"><button type="button" class="chakra-button css-mudsm6" data-testid="atc-button"><svg stroke="currentColor" fill="currentColor" stroke-width="0" viewBox="0 0 24 24" focusable="false" class="chakra-icon css-1g3sp7a" data-testid="btn-icon" aria-hidden="true" height="1em" width="1em" xmlns="http://www.w3.org/2000/svg"><path d="M19 13h-6v6h-2v-6H5v-2h6V5h2v6h6v2z"></path></svg><span class="css-idkz9h">Add Lemon &amp; Ginger Tea to cart</span></button></div></div></div></div></div></div><div class="css-0"><div class="css-f5i5wc"><div class="chakra-linkbox css-vhnn8v"><div data-testid="product-image" class="css-16dr4ly"><img alt="Twinings Individual Tea Bags Sealed For Freshness English Breakfast 100 ea, $0.14/1ea" src="https://assets.shop.loblaws.ca/products/21427766/b3/en/front/21427766_front_a06_@2.png" srcset="https://assets.shop.loblaws.ca/products/21427766/b3/en/front/21427766_front_a06_@2.png 1x, https://assets.shop.loblaws.ca/products/21427766/b3/en/front/21427766_front_a06_@2.png 2x" loading="lazy" class="chakra-image css-oguq8l" aria-hidden="true"></div><div class="css-qoklea"><div class="css-12dchmx"></div><div data-testid="price-product-tile" class="css-8atqhb"><p class="chakra-text css-0"><span class="chakra-text css-pwnbcb" data-testid="regular-price"><span class="css-idkz9h">$14.49</span>$14.49</span></p></div><a href="/individual-tea-bags-sealed-for-freshness-english-b/p/21427766_EA?source=nspt" class="chakra-linkbox__overlay css-1hnz6hu"><div class="css-0"><p class="chakra-text css-1ecdp9w" data-testid="product-brand">Twinings</p><h3 class="chakra-heading css-6qrhwc" id="21427766_EA" data-testid="product-title">Individual Tea Bags Sealed For Freshness English Breakfast</h3><p class="chakra-text css-1yftjin" data-testid="product-package-size">100 ea, $0.14/1ea</p></div></a><div class="css-8keand"></div></div><div class="css-1q5omjq"><div class="css-fcebb8"><div data-testid="atc-compact" class="css-y94ivq" style="width: 45px;"><button type="button" class="chakra-button css-mudsm6" data-testid="atc-button"><svg stroke="currentColor" fill="currentColor" stroke-width="0" viewBox="0 0 24 24" focusable="false" class="chakra-icon css-1g3sp7a" data-testid="btn-icon" aria-hidden="true" height="1em" width="1em" xmlns="http://www.w3.org/2000/svg"><path d="M19 13h-6v6h-2v-6H5v-2h6V5h2v6h6v2z"></path></svg><span class="css-idkz9h">Add Individual Tea Bags Sealed For Freshness English Breakfast to cart</span></button></div></div></div></div></div></div><div class="css-0"><div class="css-f5i5wc"><div class="chakra-linkbox css-vhnn8v"><div data-testid="product-image" class="css-16dr4ly"><img alt="Tetley The Orange Pekoe 144 ea, $0.07/1ea" src="https://assets.shop.loblaws.ca/products/20078830/b3/en/front/20078830_front_a06_@2.png" srcset="https://assets.shop.loblaws.ca/products/20078830/b3/en/front/20078830_front_a06_@2.png 1x, https://assets.shop.loblaws.ca/products/20078830/b3/en/front/20078830_front_a06_@2.png 2x" loading="lazy" class="chakra-image css-oguq8l" aria-hidden="true"></div><div class="css-qoklea"><div class="css-12dchmx"></div><div data-testid="price-product-tile" class="css-8atqhb"><p class="chakra-text css-0"><span class="chakra-text css-pwnbcb" data-testid="regular-price"><span class="css-idkz9h">$9.49</span>$9.49</span></p></div><a href="/the-orange-pekoe/p/20078830_EA?source=nspt" class="chakra-linkbox__overlay css-1hnz6hu"><div class="css-0"><p class="chakra-text css-1ecdp9w" data-testid="product-brand">Tetley</p><h3 class="chakra-heading css-6qrhwc" id="20078830_EA" data-testid="product-title">The Orange Pekoe</h3><p class="chakra-text css-1yftjin" data-testid="product-package-size">144 ea, $0.07/1ea</p></div></a><div class="css-8keand"></div></div><div class="css-1q5omjq"><div class="css-fcebb8"><div data-testid="atc-compact" class="css-y94ivq" style="width: 45px;"><button type="button" class="chakra-button css-mudsm6" data-testid="atc-button"><svg stroke="currentColor" fill="currentColor" stroke-width="0" viewBox="0 0 24 24" focusable="false" class="chakra-icon css-1g3sp7a" data-testid="btn-icon" aria-hidden="true" height="1em" width="1em" xmlns="http://www.w3.org/2000/svg"><path d="M19 13h-6v6h-2v-6H5v-2h6V5h2v6h6v2z"></path></svg><span class="css-idkz9h">Add The Orange Pekoe to cart</span></button></div></div></div></div></div></div><div class="css-0"><div class="css-f5i5wc"><div class="chakra-linkbox css-vhnn8v"><div data-testid="product-image" class="css-16dr4ly"><img alt="Wagh Bakri Bakri Premium Tea     907 g, $1.16/100g" src="https://assets.shop.loblaws.ca/products/20375231/b3/en/front/20375231_front_a06_@2.png" srcset="https://assets.shop.loblaws.ca/products/20375231/b3/en/front/20375231_front_a06_@2.png 1x, https://assets.shop.loblaws.ca/products/20375231/b3/en/front/20375231_front_a06_@2.png 2x" loading="lazy" class="chakra-image css-oguq8l" aria-hidden="true"></div><div class="css-qoklea"><div class="css-12dchmx"></div><div data-testid="price-product-tile" class="css-8atqhb"><p class="chakra-text css-0"><span class="chakra-text css-o93gbd" data-testid="sale-price"><span class="css-idkz9h">$10.49</span>$10.49</span><span class="chakra-text css-623q5h" data-testid="was-price"><span class="css-idkz9h">$13.49</span>$13.49</span></p><p class="chakra-text css-1m5a6y8" data-testid="price-descriptor">SAVE $3.00</p></div><a href="/bakri-premium-tea/p/20375231_EA?source=nspt" class="chakra-linkbox__overlay css-1hnz6hu"><div class="css-0"><p class="chakra-text css-1ecdp9w" data-testid="product-brand">Wagh Bakri</p><h3 class="chakra-heading css-6qrhwc" id="20375231_EA" data-testid="product-title">Bakri Premium Tea    </h3><p class="chakra-text css-1yftjin" data-testid="product-package-size">907 g, $1.16/100g</p></div></a><div class="css-8keand"></div></div><div class="css-1q5omjq"><div class="css-fcebb8"><div data-testid="atc-compact" class="css-y94ivq" style="width: 45px;"><button type="button" class="chakra-button css-mudsm6" data-testid="atc-button"><svg stroke="currentColor" fill="currentColor" stroke-width="0" viewBox="0 0 24 24" focusable="false" class="chakra-icon css-1g3sp7a" data-testid="btn-icon" aria-hidden="true" height="1em" width="1em" xmlns="http://www.w3.org/2000/svg"><path d="M19 13h-6v6h-2v-6H5v-2h6V5h2v6h6v2z"></path></svg><span class="css-idkz9h">Add Bakri Premium Tea     to cart</span></button></div></div></div></div></div></div><div class="css-0"><div class="css-f5i5wc"><div class="chakra-linkbox css-vhnn8v"><div data-testid="product-image" class="css-16dr4ly"><img alt="Tazo Wild Sweet Orange Tea 20 ea, $0.30/1ea" src="https://assets.shop.loblaws.ca/products/21308027/b3/en/front/21308027_front_a06_@2.png" srcset="https://assets.shop.loblaws.ca/products/21308027/b3/en/front/21308027_front_a06_@2.png 1x, https://assets.shop.loblaws.ca/products/21308027/b3/en/front/21308027_front_a06_@2.png 2x" loading="lazy" class="chakra-image css-oguq8l" aria-hidden="true"></div><div class="css-qoklea"><div class="css-12dchmx"></div><div data-testid="price-product-tile" class="css-8atqhb"><p class="chakra-text css-0"><span class="chakra-text css-pwnbcb" data-testid="regular-price"><span class="css-idkz9h">$5.99</span>$5.99</span></p></div><a href="/wild-sweet-orange-tea/p/21308027_EA?source=nspt" class="chakra-linkbox__overlay css-1hnz6hu"><div class="css-0"><p class="chakra-text css-1ecdp9w" data-testid="product-brand">Tazo</p><h3 class="chakra-heading css-6qrhwc" id="21308027_EA" data-testid="product-title">Wild Sweet Orange Tea</h3><p class="chakra-text css-1yftjin" data-testid="product-package-size">20 ea, $0.30/1ea</p></div></a><div class="css-8keand"></div></div><div class="css-1q5omjq"><div class="css-fcebb8"><div data-testid="atc-compact" class="css-y94ivq" style="width: 45px;"><button type="button" class="chakra-button css-mudsm6" data-testid="atc-button"><svg stroke="currentColor" fill="currentColor" stroke-width="0" viewBox="0 0 24 24" focusable="false" class="chakra-icon css-1g3sp7a" data-testid="btn-icon" aria-hidden="true" height="1em" width="1em" xmlns="http://www.w3.org/2000/svg"><path d="M19 13h-6v6h-2v-6H5v-2h6V5h2v6h6v2z"></path></svg><span class="css-idkz9h">Add Wild Sweet Orange Tea to cart</span></button></div></div></div></div></div></div><div class="css-0"><div class="css-f5i5wc"><div class="chakra-linkbox css-vhnn8v"><div data-testid="product-image" class="css-16dr4ly"><img alt="Twinings 50ct English Breakfast 50 ea, $0.14/1ea" src="https://assets.shop.loblaws.ca/products/20006148001/b3/en/front/20006148001_front_a06_@2.png" srcset="https://assets.shop.loblaws.ca/products/20006148001/b3/en/front/20006148001_front_a06_@2.png 1x, https://assets.shop.loblaws.ca/products/20006148001/b3/en/front/20006148001_front_a06_@2.png 2x" loading="lazy" class="chakra-image css-oguq8l" aria-hidden="true"></div><div class="css-qoklea"><div class="css-12dchmx"></div><div data-testid="price-product-tile" class="css-8atqhb"><p class="chakra-text css-0"><span class="chakra-text css-pwnbcb" data-testid="regular-price"><span class="css-idkz9h">$6.99</span>$6.99</span></p></div><a href="/50ct-english-breakfast/p/20006148001_EA?source=nspt" class="chakra-linkbox__overlay css-1hnz6hu"><div class="css-0"><p class="chakra-text css-1ecdp9w" data-testid="product-brand">Twinings</p><h3 class="chakra-heading css-6qrhwc" id="20006148001_EA" data-testid="product-title">50ct English Breakfast</h3><p class="chakra-text css-1yftjin" data-testid="product-package-size">50 ea, $0.14/1ea</p></div></a><div class="css-8keand"></div></div><div class="css-1q5omjq"><div class="css-fcebb8"><div data-testid="atc-compact" class="css-y94ivq" style="width: 45px;"><button type="button" class="chakra-button css-mudsm6" data-testid="atc-button"><svg stroke="currentColor" fill="currentColor" stroke-width="0" viewBox="0 0 24 24" focusable="false" class="chakra-icon css-1g3sp7a" data-testid="btn-icon" aria-hidden="true" height="1em" width="1em" xmlns="http://www.w3.org/2000/svg"><path d="M19 13h-6v6h-2v-6H5v-2h6V5h2v6h6v2z"></path></svg><span class="css-idkz9h">Add 50ct English Breakfast to cart</span></button></div></div></div></div></div></div><div class="css-0"><div class="css-f5i5wc"><div class="chakra-linkbox css-vhnn8v"><div data-testid="product-image" class="css-16dr4ly"><img alt="Carnation Hot Chocolate Mix 450 g, $1.44/100g" src="https://assets.shop.loblaws.ca/products/21397690/b3/en/front/21397690_front_a06_@2.png" srcset="https://assets.shop.loblaws.ca/products/21397690/b3/en/front/21397690_front_a06_@2.png 1x, https://assets.shop.loblaws.ca/products/21397690/b3/en/front/21397690_front_a06_@2.png 2x" loading="lazy" class="chakra-image css-oguq8l" aria-hidden="true"></div><div class="css-qoklea"><div class="css-12dchmx"></div><div data-testid="price-product-tile" class="css-8atqhb"><p class="chakra-text css-0"><span class="chakra-text css-pwnbcb" data-testid="regular-price"><span class="css-idkz9h">$6.49</span>$6.49</span></p></div><a href="/hot-chocolate-mix/p/21397690_EA?source=nspt" class="chakra-linkbox__overlay css-1hnz6hu"><div class="css-0"><p class="chakra-text css-1ecdp9w" data-testid="product-brand">Carnation</p><h3 class="chakra-heading css-6qrhwc" id="21397690_EA" data-testid="product-title">Hot Chocolate Mix</h3><p class="chakra-text css-1yftjin" data-testid="product-package-size">450 g, $1.44/100g</p></div></a><div class="css-8keand"></div></div><div class="css-1q5omjq"><div class="css-fcebb8"><div data-testid="atc-compact" class="css-y94ivq" style="width: 45px;"><button type="button" class="chakra-button css-mudsm6" data-testid="atc-button"><svg stroke="currentColor" fill="currentColor" stroke-width="0" viewBox="0 0 24 24" focusable="false" class="chakra-icon css-1g3sp7a" data-testid="btn-icon" aria-hidden="true" height="1em" width="1em" xmlns="http://www.w3.org/2000/svg"><path d="M19 13h-6v6h-2v-6H5v-2h6V5h2v6h6v2z"></path></svg><span class="css-idkz9h">Add Hot Chocolate Mix to cart</span></button></div></div></div></div></div></div><div class="css-0"><div class="css-f5i5wc"><div class="chakra-linkbox css-vhnn8v"><div data-testid="product-image" class="css-16dr4ly"><img alt="Tea India Chai Tea Latte Mix, Masala 224 g, $2.67/100g" src="https://assets.shop.loblaws.ca/products/20849671/b3/en/front/20849671_front_a06_@2.png" srcset="https://assets.shop.loblaws.ca/products/20849671/b3/en/front/20849671_front_a06_@2.png 1x, https://assets.shop.loblaws.ca/products/20849671/b3/en/front/20849671_front_a06_@2.png 2x" loading="lazy" class="chakra-image css-oguq8l" aria-hidden="true"></div><div class="css-qoklea"><div class="css-12dchmx"></div><div data-testid="price-product-tile" class="css-8atqhb"><p class="chakra-text css-0"><span class="chakra-text css-pwnbcb" data-testid="regular-price"><span class="css-idkz9h">$5.99</span>$5.99</span></p></div><a href="/chai-tea-latte-mix-masala/p/20849671_EA?source=nspt" class="chakra-linkbox__overlay css-1hnz6hu"><div class="css-0"><p class="chakra-text css-1ecdp9w" data-testid="product-brand">Tea India</p><h3 class="chakra-heading css-6qrhwc" id="20849671_EA" data-testid="product-title">Chai Tea Latte Mix, Masala</h3><p class="chakra-text css-1yftjin" data-testid="product-package-size">224 g, $2.67/100g</p></div></a><div class="css-8keand"></div></div><div class="css-1q5omjq"><div class="css-fcebb8"><div data-testid="atc-compact" class="css-y94ivq" style="width: 45px;"><button type="button" class="chakra-button css-mudsm6" data-testid="atc-button"><svg stroke="currentColor" fill="currentColor" stroke-width="0" viewBox="0 0 24 24" focusable="false" class="chakra-icon css-1g3sp7a" data-testid="btn-icon" aria-hidden="true" height="1em" width="1em" xmlns="http://www.w3.org/2000/svg"><path d="M19 13h-6v6h-2v-6H5v-2h6V5h2v6h6v2z"></path></svg><span class="css-idkz9h">Add Chai Tea Latte Mix, Masala to cart</span></button></div></div></div></div></div></div><div class="css-0"><div class="css-f5i5wc"><div class="chakra-linkbox css-vhnn8v"><div data-testid="product-image" class="css-16dr4ly"><img alt="Ovaltine Malted Chocolate Drink 400 g, $1.25/100g" src="https://assets.shop.loblaws.ca/products/20726633/b3/en/front/20726633_front_a06_@2.png" srcset="https://assets.shop.loblaws.ca/products/20726633/b3/en/front/20726633_front_a06_@2.png 1x, https://assets.shop.loblaws.ca/products/20726633/b3/en/front/20726633_front_a06_@2.png 2x" loading="lazy" class="chakra-image css-oguq8l" aria-hidden="true"></div><div class="css-qoklea"><div class="css-12dchmx"></div><div data-testid="price-product-tile" class="css-8atqhb"><p class="chakra-text css-0"><span class="chakra-text css-o93gbd" data-testid="sale-price"><span class="css-idkz9h">$4.99</span>$4.99</span><span class="chakra-text css-623q5h" data-testid="was-price"><span class="css-idkz9h">$5.99</span>$5.99</span></p><p class="chakra-text css-1m5a6y8" data-testid="price-descriptor">SAVE $1.00</p></div><a href="/malted-chocolate-drink/p/20726633_EA?source=nspt" class="chakra-linkbox__overlay css-1hnz6hu"><div class="css-0"><p class="chakra-text css-1ecdp9w" data-testid="product-brand">Ovaltine</p><h3 class="chakra-heading css-6qrhwc" id="20726633_EA" data-testid="product-title">Malted Chocolate Drink</h3><p class="chakra-text css-1yftjin" data-testid="product-package-size">400 g, $1.25/100g</p></div></a><div class="css-8keand"></div></div><div class="css-1q5omjq"><div class="css-fcebb8"><div data-testid="atc-compact" class="css-y94ivq" style="width: 45px;"><button type="button" class="chakra-button css-mudsm6" data-testid="atc-button"><svg stroke="currentColor" fill="currentColor" stroke-width="0" viewBox="0 0 24 24" focusable="false" class="chakra-icon css-1g3sp7a" data-testid="btn-icon" aria-hidden="true" height="1em" width="1em" xmlns="http://www.w3.org/2000/svg"><path d="M19 13h-6v6h-2v-6H5v-2h6V5h2v6h6v2z"></path></svg><span class="css-idkz9h">Add Malted Chocolate Drink to cart</span></button></div></div></div></div></div></div></div><div data-testid="product-grid" class="css-epcqr3"><div class="css-0"><div class="css-f5i5wc"><div class="chakra-linkbox css-vhnn8v"><div data-testid="product-image" class="css-16dr4ly"><img alt="Tetley Super Green Matcha 20 ea, $0.15/1ea" src="https://assets.shop.loblaws.ca/products/21203784/b3/en/front/21203784_front_a06_@2.png" srcset="https://assets.shop.loblaws.ca/products/21203784/b3/en/front/21203784_front_a06_@2.png 1x, https://assets.shop.loblaws.ca/products/21203784/b3/en/front/21203784_front_a06_@2.png 2x" loading="lazy" class="chakra-image css-oguq8l" aria-hidden="true"></div><div class="css-qoklea"><div class="css-12dchmx"></div><div data-testid="price-product-tile" class="css-8atqhb"><p class="chakra-text css-0"><span class="chakra-text css-o93gbd" data-testid="sale-price"><span class="css-idkz9h">$2.99</span>$2.99</span><span class="chakra-text css-623q5h" data-testid="was-price"><span class="css-idkz9h">$4.99</span>$4.99</span></p><p class="chakra-text css-1m5a6y8" data-testid="price-descriptor">SAVE $2.00</p></div><a href="/super-green-matcha/p/21203784_EA?source=nspt" class="chakra-linkbox__overlay css-1hnz6hu"><div class="css-0"><p class="chakra-text css-1ecdp9w" data-testid="product-brand">Tetley</p><h3 class="chakra-heading css-6qrhwc" id="21203784_EA" data-testid="product-title">Super Green Matcha</h3><p class="chakra-text css-1yftjin" data-testid="product-package-size">20 ea, $0.15/1ea</p></div></a><div class="css-8keand"></div></div><div class="css-1q5omjq"><div class="css-fcebb8"><div data-testid="atc-compact" class="css-y94ivq" style="width: 45px;"><button type="button" class="chakra-button css-mudsm6" data-testid="atc-button"><svg stroke="currentColor" fill="currentColor" stroke-width="0" viewBox="0 0 24 24" focusable="false" class="chakra-icon css-1g3sp7a" data-testid="btn-icon" aria-hidden="true" height="1em" width="1em" xmlns="http://www.w3.org/2000/svg"><path d="M19 13h-6v6h-2v-6H5v-2h6V5h2v6h6v2z"></path></svg><span class="css-idkz9h">Add Super Green Matcha to cart</span></button></div></div></div></div></div></div><div class="css-0"><div class="css-f5i5wc"><div class="chakra-linkbox css-vhnn8v"><div data-testid="product-image" class="css-16dr4ly"><img alt="Ovaltine Malted Chocolate Drink 400 g, $1.25/100g" src="https://assets.shop.loblaws.ca/products/20726633/b3/en/front/20726633_front_a06_@2.png" srcset="https://assets.shop.loblaws.ca/products/20726633/b3/en/front/20726633_front_a06_@2.png 1x, https://assets.shop.loblaws.ca/products/20726633/b3/en/front/20726633_front_a06_@2.png 2x" loading="lazy" class="chakra-image css-oguq8l" aria-hidden="true"></div><div class="css-qoklea"><div class="css-12dchmx"></div><div data-testid="price-product-tile" class="css-8atqhb"><p class="chakra-text css-0"><span class="chakra-text css-o93gbd" data-testid="sale-price"><span class="css-idkz9h">$4.99</span>$4.99</span><span class="chakra-text css-623q5h" data-testid="was-price"><span class="css-idkz9h">$5.99</span>$5.99</span></p><p class="chakra-text css-1m5a6y8" data-testid="price-descriptor">SAVE $1.00</p></div><a href="/malted-chocolate-drink/p/20726633_EA?source=nspt" class="chakra-linkbox__overlay css-1hnz6hu"><div class="css-0"><p class="chakra-text css-1ecdp9w" data-testid="product-brand">Ovaltine</p><h3 class="chakra-heading css-6qrhwc" id="20726633_EA" data-testid="product-title">Malted Chocolate Drink</h3><p class="chakra-text css-1yftjin" data-testid="product-package-size">400 g, $1.25/100g</p></div></a><div class="css-8keand"></div></div><div class="css-1q5omjq"><div class="css-fcebb8"><div data-testid="atc-compact" class="css-y94ivq" style="width: 45px;"><button type="button" class="chakra-button css-mudsm6" data-testid="atc-button"><svg stroke="currentColor" fill="currentColor" stroke-width="0" viewBox="0 0 24 24" focusable="false" class="chakra-icon css-1g3sp7a" data-testid="btn-icon" aria-hidden="true" height="1em" width="1em" xmlns="http://www.w3.org/2000/svg"><path d="M19 13h-6v6h-2v-6H5v-2h6V5h2v6h6v2z"></path></svg><span class="css-idkz9h">Add Malted Chocolate Drink to cart</span></button></div></div></div></div></div></div><div class="css-0"><div class="css-f5i5wc"><div class="chakra-linkbox css-vhnn8v"><div data-testid="product-image" class="css-16dr4ly"><img alt="President's Choice Maple Rooibos Red Tea 20 ea, $0.15/1ea" src="https://assets.shop.loblaws.ca/products/21467336/b3/en/front/21467336_front_a06_@2.png" srcset="https://assets.shop.loblaws.ca/products/21467336/b3/en/front/21467336_front_a06_@2.png 1x, https://assets.shop.loblaws.ca/products/21467336/b3/en/front/21467336_front_a06_@2.png 2x" loading="lazy" class="chakra-image css-oguq8l" aria-hidden="true"></div><div class="css-qoklea"><div class="css-12dchmx"></div><div data-testid="price-product-tile" class="css-8atqhb"><p class="chakra-text css-0"><span class="chakra-text css-o93gbd" data-testid="sale-price"><span class="css-idkz9h">$2.99</span>$2.99</span><span class="chakra-text css-623q5h" data-testid="was-price"><span class="css-idkz9h">$3.49</span>$3.49</span></p><p class="chakra-text css-1m5a6y8" data-testid="price-descriptor">SAVE $0.50</p></div><a href="/maple-rooibos-red-tea/p/21467336_EA?source=nspt" class="chakra-linkbox__overlay css-1hnz6hu"><div class="css-0"><p class="chakra-text css-1ecdp9w" data-testid="product-brand">President's Choice</p><h3 class="chakra-heading css-6qrhwc" id="21467336_EA" data-testid="product-title">Maple Rooibos Red Tea</h3><p class="chakra-text css-1yftjin" data-testid="product-package-size">20 ea, $0.15/1ea</p></div></a><div class="css-8keand"></div></div><div class="css-1q5omjq"><div class="css-fcebb8"><div data-testid="atc-compact" class="css-y94ivq" style="width: 45px;"><button type="button" class="chakra-button css-mudsm6" data-testid="atc-button"><svg stroke="currentColor" fill="currentColor" stroke-width="0" viewBox="0 0 24 24" focusable="false" class="chakra-icon css-1g3sp7a" data-testid="btn-icon" aria-hidden="true" height="1em" width="1em" xmlns="http://www.w3.org/2000/svg"><path d="M19 13h-6v6h-2v-6H5v-2h6V5h2v6h6v2z"></path></svg><span class="css-idkz9h">Add Maple Rooibos Red Tea to cart</span></button></div></div></div></div></div></div><div class="css-0"><div class="css-f5i5wc"><div class="chakra-linkbox css-vhnn8v"><div data-testid="product-image" class="css-16dr4ly"><img alt="Wagh Bakri Tea, Masala Chai  Bags Special International Blend 100  Bags 200 g, $4.00/100g" src="https://assets.shop.loblaws.ca/products/21050375/b3/en/front/21050375_front_a06_@2.png" srcset="https://assets.shop.loblaws.ca/products/21050375/b3/en/front/21050375_front_a06_@2.png 1x, https://assets.shop.loblaws.ca/products/21050375/b3/en/front/21050375_front_a06_@2.png 2x" loading="lazy" class="chakra-image css-oguq8l" aria-hidden="true"></div><div class="css-qoklea"><div class="css-12dchmx"></div><div data-testid="price-product-tile" class="css-8atqhb"><p class="chakra-text css-0"><span class="chakra-text css-pwnbcb" data-testid="regular-price"><span class="css-idkz9h">$7.99</span>$7.99</span></p></div><a href="/tea-masala-chai-bags-special-international-blend-1/p/21050375_EA?source=nspt" class="chakra-linkbox__overlay css-1hnz6hu"><div class="css-0"><p class="chakra-text css-1ecdp9w" data-testid="product-brand">Wagh Bakri</p><h3 class="chakra-heading css-6qrhwc" id="21050375_EA" data-testid="product-title">Tea, Masala Chai  Bags Special International Blend 100  Bags</h3><p class="chakra-text css-1yftjin" data-testid="product-package-size">200 g, $4.00/100g</p></div></a><div class="css-8keand"></div></div><div class="css-1q5omjq"><div class="css-fcebb8"><div data-testid="atc-compact" class="css-y94ivq" style="width: 45px;"><button type="button" class="chakra-button css-mudsm6" data-testid="atc-button"><svg stroke="currentColor" fill="currentColor" stroke-width="0" viewBox="0 0 24 24" focusable="false" class="chakra-icon css-1g3sp7a" data-testid="btn-icon" aria-hidden="true" height="1em" width="1em" xmlns="http://www.w3.org/2000/svg"><path d="M19 13h-6v6h-2v-6H5v-2h6V5h2v6h6v2z"></path></svg><span class="css-idkz9h">Add Tea, Masala Chai  Bags Special International Blend 100  Bags to cart</span></button></div></div></div></div></div></div><div class="css-0"><div class="css-f5i5wc"><div class="chakra-linkbox css-vhnn8v"><div data-testid="product-image" class="css-16dr4ly"><img alt="President's Choice Feeling Calm Camomile Citrus Herbal Tea 20 ea, $0.15/1ea" src="https://assets.shop.loblaws.ca/products/20627711001/b3/en/front/20627711001_front_a06_@2.png" srcset="https://assets.shop.loblaws.ca/products/20627711001/b3/en/front/20627711001_front_a06_@2.png 1x, https://assets.shop.loblaws.ca/products/20627711001/b3/en/front/20627711001_front_a06_@2.png 2x" loading="lazy" class="chakra-image css-oguq8l" aria-hidden="true"></div><div class="css-qoklea"><div class="css-12dchmx"></div><div data-testid="price-product-tile" class="css-8atqhb"><p class="chakra-text css-0"><span class="chakra-text css-pwnbcb" data-testid="regular-price"><span class="css-idkz9h">$2.99</span>$2.99</span></p></div><a href="/feeling-calm-camomile-citrus-herbal-tea/p/20627711001_EA?source=nspt" class="chakra-linkbox__overlay css-1hnz6hu"><div class="css-0"><p class="chakra-text css-1ecdp9w" data-testid="product-brand">President's Choice</p><h3 class="chakra-heading css-6qrhwc" id="20627711001_EA" data-testid="product-title">Feeling Calm Camomile Citrus Herbal Tea</h3><p class="chakra-text css-1yftjin" data-testid="product-package-size">20 ea, $0.15/1ea</p></div></a><div class="css-8keand"></div></div><div class="css-1q5omjq"><div class="css-fcebb8"><div data-testid="atc-compact" class="css-y94ivq" style="width: 45px;"><button type="button" class="chakra-button css-mudsm6" data-testid="atc-button"><svg stroke="currentColor" fill="currentColor" stroke-width="0" viewBox="0 0 24 24" focusable="false" class="chakra-icon css-1g3sp7a" data-testid="btn-icon" aria-hidden="true" height="1em" width="1em" xmlns="http://www.w3.org/2000/svg"><path d="M19 13h-6v6h-2v-6H5v-2h6V5h2v6h6v2z"></path></svg><span class="css-idkz9h">Add Feeling Calm Camomile Citrus Herbal Tea to cart</span></button></div></div></div></div></div></div><div class="css-0"><div class="css-f5i5wc"><div class="chakra-linkbox css-vhnn8v"><div data-testid="product-image" class="css-16dr4ly"><img alt="President's Choice Mint Refresher Herbal Tea 20 ea, $0.15/1ea" src="https://assets.shop.loblaws.ca/products/20305370/b3/en/front/20305370_front_a06_@2.png" srcset="https://assets.shop.loblaws.ca/products/20305370/b3/en/front/20305370_front_a06_@2.png 1x, https://assets.shop.loblaws.ca/products/20305370/b3/en/front/20305370_front_a06_@2.png 2x" loading="lazy" class="chakra-image css-oguq8l" aria-hidden="true"></div><div class="css-qoklea"><div class="css-12dchmx"></div><div data-testid="price-product-tile" class="css-8atqhb"><p class="chakra-text css-0"><span class="chakra-text css-pwnbcb" data-testid="regular-price"><span class="css-idkz9h">$2.99</span>$2.99</span></p></div><a href="/mint-refresher-herbal-tea/p/20305370_EA?source=nspt" class="chakra-linkbox__overlay css-1hnz6hu"><div class="css-0"><p class="chakra-text css-1ecdp9w" data-testid="product-brand">President's Choice</p><h3 class="chakra-heading css-6qrhwc" id="20305370_EA" data-testid="product-title">Mint Refresher Herbal Tea</h3><p class="chakra-text css-1yftjin" data-testid="product-package-size">20 ea, $0.15/1ea</p></div></a><div class="css-8keand"></div></div><div class="css-1q5omjq"><div class="css-fcebb8"><div data-testid="atc-compact" class="css-y94ivq" style="width: 45px;"><button type="button" class="chakra-button css-mudsm6" data-testid="atc-button"><svg stroke="currentColor" fill="currentColor" stroke-width="0" viewBox="0 0 24 24" focusable="false" class="chakra-icon css-1g3sp7a" data-testid="btn-icon" aria-hidden="true" height="1em" width="1em" xmlns="http://www.w3.org/2000/svg"><path d="M19 13h-6v6h-2v-6H5v-2h6V5h2v6h6v2z"></path></svg><span class="css-idkz9h">Add Mint Refresher Herbal Tea to cart</span></button></div></div></div></div></div></div><div class="css-0"><div class="css-f5i5wc"><div class="chakra-linkbox css-vhnn8v"><div data-testid="product-image" class="css-16dr4ly"><img alt="Nestea Original Lemon Iced Tea    2 kg, $0.61/100g" src="https://assets.shop.loblaws.ca/products/20098328/b3/en/front/20098328_front_a06_@2.png" srcset="https://assets.shop.loblaws.ca/products/20098328/b3/en/front/20098328_front_a06_@2.png 1x, https://assets.shop.loblaws.ca/products/20098328/b3/en/front/20098328_front_a06_@2.png 2x" loading="lazy" class="chakra-image css-oguq8l" aria-hidden="true"></div><div class="css-qoklea"><div class="css-12dchmx"></div><div data-testid="price-product-tile" class="css-8atqhb"><p class="chakra-text css-0"><span class="chakra-text css-o93gbd" data-testid="sale-price"><span class="css-idkz9h">$13.49</span>$13.49</span><span class="chakra-text css-623q5h" data-testid="was-price"><span class="css-idkz9h">$13.99</span>$13.99</span></p><p class="chakra-text css-1m5a6y8" data-testid="price-descriptor">SAVE $0.50</p></div><a href="/original-lemon-iced-tea/p/20098328_EA?source=nspt" class="chakra-linkbox__overlay css-1hnz6hu"><div class="css-0"><p class="chakra-text css-1ecdp9w" data-testid="product-brand">Nestea</p><h3 class="chakra-heading css-6qrhwc" id="20098328_EA" data-testid="product-title">Original Lemon Iced Tea   </h3><p class="chakra-text css-1yftjin" data-testid="product-package-size">2 kg, $0.61/100g</p></div></a><div class="css-8keand"></div></div><div class="css-1q5omjq"><div class="css-fcebb8"><div data-testid="atc-compact" class="css-y94ivq" style="width: 45px;"><button type="button" class="chakra-button css-mudsm6" data-testid="atc-button"><svg stroke="currentColor" fill="currentColor" stroke-width="0" viewBox="0 0 24 24" focusable="false" class="chakra-icon css-1g3sp7a" data-testid="btn-icon" aria-hidden="true" height="1em" width="1em" xmlns="http://www.w3.org/2000/svg"><path d="M19 13h-6v6h-2v-6H5v-2h6V5h2v6h6v2z"></path></svg><span class="css-idkz9h">Add Original Lemon Iced Tea    to cart</span></button></div></div></div></div></div></div><div class="css-0"><div class="css-f5i5wc"><div class="chakra-linkbox css-vhnn8v"><div data-testid="product-image" class="css-16dr4ly"><img alt="President's Choice Camomile Herbal Tea 20 ea, $0.15/1ea" src="https://assets.shop.loblaws.ca/products/20627612001/b3/en/front/20627612001_front_a06_@2.png" srcset="https://assets.shop.loblaws.ca/products/20627612001/b3/en/front/20627612001_front_a06_@2.png 1x, https://assets.shop.loblaws.ca/products/20627612001/b3/en/front/20627612001_front_a06_@2.png 2x" loading="lazy" class="chakra-image css-oguq8l" aria-hidden="true"></div><div class="css-qoklea"><div class="css-12dchmx"></div><div data-testid="price-product-tile" class="css-8atqhb"><p class="chakra-text css-0"><span class="chakra-text css-pwnbcb" data-testid="regular-price"><span class="css-idkz9h">$2.99</span>$2.99</span></p></div><a href="/camomile-herbal-tea/p/20627612001_EA?source=nspt" class="chakra-linkbox__overlay css-1hnz6hu"><div class="css-0"><p class="chakra-text css-1ecdp9w" data-testid="product-brand">President's Choice</p><h3 class="chakra-heading css-6qrhwc" id="20627612001_EA" data-testid="product-title">Camomile Herbal Tea</h3><p class="chakra-text css-1yftjin" data-testid="product-package-size">20 ea, $0.15/1ea</p></div></a><div class="css-8keand"></div></div><div class="css-1q5omjq"><div class="css-fcebb8"><div data-testid="atc-compact" class="css-y94ivq" style="width: 45px;"><button type="button" class="chakra-button css-mudsm6" data-testid="atc-button"><svg stroke="currentColor" fill="currentColor" stroke-width="0" viewBox="0 0 24 24" focusable="false" class="chakra-icon css-1g3sp7a" data-testid="btn-icon" aria-hidden="true" height="1em" width="1em" xmlns="http://www.w3.org/2000/svg"><path d="M19 13h-6v6h-2v-6H5v-2h6V5h2v6h6v2z"></path></svg><span class="css-idkz9h">Add Camomile Herbal Tea to cart</span></button></div></div></div></div></div></div><div class="css-0"><div class="css-f5i5wc"><div class="chakra-linkbox css-vhnn8v"><div data-testid="product-image" class="css-16dr4ly"><img alt="President's Choice Chai Black Tea 20 ea, $7.48/100g" src="https://assets.shop.loblaws.ca/products/20296026/b3/en/front/20296026_front_a06_@2.png" srcset="https://assets.shop.loblaws.ca/products/20296026/b3/en/front/20296026_front_a06_@2.png 1x, https://assets.shop.loblaws.ca/products/20296026/b3/en/front/20296026_front_a06_@2.png 2x" loading="lazy" class="chakra-image css-oguq8l" aria-hidden="true"></div><div class="css-qoklea"><div class="css-12dchmx"></div><div data-testid="price-product-tile" class="css-8atqhb"><p class="chakra-text css-0"><span class="chakra-text css-pwnbcb" data-testid="regular-price"><span class="css-idkz9h">$2.99</span>$2.99</span></p></div><a href="/chai-black-tea/p/20296026_EA?source=nspt" class="chakra-linkbox__overlay css-1hnz6hu"><div class="css-0"><p class="chakra-text css-1ecdp9w" data-testid="product-brand">President's Choice</p><h3 class="chakra-heading css-6qrhwc" id="20296026_EA" data-testid="product-title">Chai Black Tea</h3><p class="chakra-text css-1yftjin" data-testid="product-package-size">20 ea, $7.48/100g</p></div></a><div class="css-8keand"></div></div><div class="css-1q5omjq"><div class="css-fcebb8"><div data-testid="atc-compact" class="css-y94ivq" style="width: 45px;"><button type="button" class="chakra-button css-mudsm6" data-testid="atc-button"><svg stroke="currentColor" fill="currentColor" stroke-width="0" viewBox="0 0 24 24" focusable="false" class="chakra-icon css-1g3sp7a" data-testid="btn-icon" aria-hidden="true" height="1em" width="1em" xmlns="http://www.w3.org/2000/svg"><path d="M19 13h-6v6h-2v-6H5v-2h6V5h2v6h6v2z"></path></svg><span class="css-idkz9h">Add Chai Black Tea to cart</span></button></div></div></div></div></div></div><div class="css-0"><div class="css-f5i5wc"><div class="chakra-linkbox css-vhnn8v"><div data-testid="product-image" class="css-16dr4ly"><img alt="President's Choice Dreamland Herbal Tea 20 ea, $0.15/1ea" src="https://assets.shop.loblaws.ca/products/20618256/b3/en/front/20618256_front_a06_@2.png" srcset="https://assets.shop.loblaws.ca/products/20618256/b3/en/front/20618256_front_a06_@2.png 1x, https://assets.shop.loblaws.ca/products/20618256/b3/en/front/20618256_front_a06_@2.png 2x" loading="lazy" class="chakra-image css-oguq8l" aria-hidden="true"></div><div class="css-qoklea"><div class="css-12dchmx"></div><div data-testid="price-product-tile" class="css-8atqhb"><p class="chakra-text css-0"><span class="chakra-text css-pwnbcb" data-testid="regular-price"><span class="css-idkz9h">$2.99</span>$2.99</span></p></div><a href="/dreamland-herbal-tea/p/20618256_EA?source=nspt" class="chakra-linkbox__overlay css-1hnz6hu"><div class="css-0"><p class="chakra-text css-1ecdp9w" data-testid="product-brand">President's Choice</p><h3 class="chakra-heading css-6qrhwc" id="20618256_EA" data-testid="product-title">Dreamland Herbal Tea</h3><p class="chakra-text css-1yftjin" data-testid="product-package-size">20 ea, $0.15/1ea</p></div></a><div class="css-8keand"></div></div><div class="css-1q5omjq"><div class="css-fcebb8"><div data-testid="atc-compact" class="css-y94ivq" style="width: 45px;"><button type="button" class="chakra-button css-mudsm6" data-testid="atc-button"><svg stroke="currentColor" fill="currentColor" stroke-width="0" viewBox="0 0 24 24" focusable="false" class="chakra-icon css-1g3sp7a" data-testid="btn-icon" aria-hidden="true" height="1em" width="1em" xmlns="http://www.w3.org/2000/svg"><path d="M19 13h-6v6h-2v-6H5v-2h6V5h2v6h6v2z"></path></svg><span class="css-idkz9h">Add Dreamland Herbal Tea to cart</span></button></div></div></div></div></div></div><div class="css-0"><div class="css-f5i5wc"><div class="chakra-linkbox css-vhnn8v"><div data-testid="product-image" class="css-16dr4ly"><img alt="T&amp;T Organic Green Tea 200 g, $3.25/100g" src="https://assets.shop.loblaws.ca/products/20793905/b3/en/front/20793905_front_a06_@2.png" srcset="https://assets.shop.loblaws.ca/products/20793905/b3/en/front/20793905_front_a06_@2.png 1x, https://assets.shop.loblaws.ca/products/20793905/b3/en/front/20793905_front_a06_@2.png 2x" loading="lazy" class="chakra-image css-oguq8l" aria-hidden="true"></div><div class="css-qoklea"><div class="css-12dchmx"></div><div data-testid="price-product-tile" class="css-8atqhb"><p class="chakra-text css-0"><span class="chakra-text css-pwnbcb" data-testid="regular-price"><span class="css-idkz9h">$6.49</span>$6.49</span></p></div><a href="/organic-green-tea/p/20793905_EA?source=nspt" class="chakra-linkbox__overlay css-1hnz6hu"><div class="css-0"><p class="chakra-text css-1ecdp9w" data-testid="product-brand">T&amp;T</p><h3 class="chakra-heading css-6qrhwc" id="20793905_EA" data-testid="product-title">Organic Green Tea</h3><p class="chakra-text css-1yftjin" data-testid="product-package-size">200 g, $3.25/100g</p></div></a><div class="css-8keand"></div></div><div class="css-1q5omjq"><div class="css-fcebb8"><div data-testid="atc-compact" class="css-y94ivq" style="width: 45px;"><button type="button" class="chakra-button css-mudsm6" data-testid="atc-button"><svg stroke="currentColor" fill="currentColor" stroke-width="0" viewBox="0 0 24 24" focusable="false" class="chakra-icon css-1g3sp7a" data-testid="btn-icon" aria-hidden="true" height="1em" width="1em" xmlns="http://www.w3.org/2000/svg"><path d="M19 13h-6v6h-2v-6H5v-2h6V5h2v6h6v2z"></path></svg><span class="css-idkz9h">Add Organic Green Tea to cart</span></button></div></div></div></div></div></div><div class="css-0"><div class="css-f5i5wc"><div class="chakra-linkbox css-vhnn8v"><div data-testid="product-image" class="css-16dr4ly"><img alt="Twinings 50ct Earl Grey 50 ea, $0.14/1ea" src="https://assets.shop.loblaws.ca/products/20323107/b3/en/front/20323107_front_a06_@2.png" srcset="https://assets.shop.loblaws.ca/products/20323107/b3/en/front/20323107_front_a06_@2.png 1x, https://assets.shop.loblaws.ca/products/20323107/b3/en/front/20323107_front_a06_@2.png 2x" loading="lazy" class="chakra-image css-oguq8l" aria-hidden="true"></div><div class="css-qoklea"><div class="css-12dchmx"></div><div data-testid="price-product-tile" class="css-8atqhb"><p class="chakra-text css-0"><span class="chakra-text css-pwnbcb" data-testid="regular-price"><span class="css-idkz9h">$6.99</span>$6.99</span></p></div><a href="/50ct-earl-grey/p/20323107_EA?source=nspt" class="chakra-linkbox__overlay css-1hnz6hu"><div class="css-0"><p class="chakra-text css-1ecdp9w" data-testid="product-brand">Twinings</p><h3 class="chakra-heading css-6qrhwc" id="20323107_EA" data-testid="product-title">50ct Earl Grey</h3><p class="chakra-text css-1yftjin" data-testid="product-package-size">50 ea, $0.14/1ea</p></div></a><div class="css-8keand"></div></div><div class="css-1q5omjq"><div class="css-fcebb8"><div data-testid="atc-compact" class="css-y94ivq" style="width: 45px;"><button type="button" class="chakra-button css-mudsm6" data-testid="atc-button"><svg stroke="currentColor" fill="currentColor" stroke-width="0" viewBox="0 0 24 24" focusable="false" class="chakra-icon css-1g3sp7a" data-testid="btn-icon" aria-hidden="true" height="1em" width="1em" xmlns="http://www.w3.org/2000/svg"><path d="M19 13h-6v6h-2v-6H5v-2h6V5h2v6h6v2z"></path></svg><span class="css-idkz9h">Add 50ct Earl Grey to cart</span></button></div></div></div></div></div></div><div class="css-0"><div class="css-f5i5wc"><div class="chakra-linkbox css-vhnn8v"><div data-testid="product-image" class="css-16dr4ly"><img alt="Tetley Tea, Honey Lemon Ginseng Green Specialty   24 ea, $0.12/1ea" src="https://assets.shop.loblaws.ca/products/20712262/b3/en/front/20712262_front_a06_@2.png" srcset="https://assets.shop.loblaws.ca/products/20712262/b3/en/front/20712262_front_a06_@2.png 1x, https://assets.shop.loblaws.ca/products/20712262/b3/en/front/20712262_front_a06_@2.png 2x" loading="lazy" class="chakra-image css-oguq8l" aria-hidden="true"></div><div class="css-qoklea"><div class="css-12dchmx"></div><div data-testid="price-product-tile" class="css-8atqhb"><p class="chakra-text css-0"><span class="chakra-text css-o93gbd" data-testid="sale-price"><span class="css-idkz9h">$2.99</span>$2.99</span><span class="chakra-text css-623q5h" data-testid="was-price"><span class="css-idkz9h">$4.49</span>$4.49</span></p><p class="chakra-text css-1m5a6y8" data-testid="price-descriptor">SAVE $1.50</p></div><a href="/tea-honey-lemon-ginseng-green-specialty/p/20712262_EA?source=nspt" class="chakra-linkbox__overlay css-1hnz6hu"><div class="css-0"><p class="chakra-text css-1ecdp9w" data-testid="product-brand">Tetley</p><h3 class="chakra-heading css-6qrhwc" id="20712262_EA" data-testid="product-title">Tea, Honey Lemon Ginseng Green Specialty  </h3><p class="chakra-text css-1yftjin" data-testid="product-package-size">24 ea, $0.12/1ea</p></div></a><div class="css-8keand"></div></div><div class="css-1q5omjq"><div class="css-fcebb8"><div data-testid="atc-compact" class="css-y94ivq" style="width: 45px;"><button type="button" class="chakra-button css-mudsm6" data-testid="atc-button"><svg stroke="currentColor" fill="currentColor" stroke-width="0" viewBox="0 0 24 24" focusable="false" class="chakra-icon css-1g3sp7a" data-testid="btn-icon" aria-hidden="true" height="1em" width="1em" xmlns="http://www.w3.org/2000/svg"><path d="M19 13h-6v6h-2v-6H5v-2h6V5h2v6h6v2z"></path></svg><span class="css-idkz9h">Add Tea, Honey Lemon Ginseng Green Specialty   to cart</span></button></div></div></div></div></div></div><div class="css-0"><div class="css-f5i5wc"><div class="chakra-linkbox css-vhnn8v"><div data-testid="product-image" class="css-16dr4ly"><img alt="Tetley Antiox Apple Cinnamon &amp; Turmeric With Vitamin C 20 g, $0.15/1ea" src="https://assets.shop.loblaws.ca/products/21194363/b3/en/front/21194363_front_a06_@2.png" srcset="https://assets.shop.loblaws.ca/products/21194363/b3/en/front/21194363_front_a06_@2.png 1x, https://assets.shop.loblaws.ca/products/21194363/b3/en/front/21194363_front_a06_@2.png 2x" loading="lazy" class="chakra-image css-oguq8l" aria-hidden="true"></div><div class="css-qoklea"><div class="css-12dchmx"></div><div data-testid="price-product-tile" class="css-8atqhb"><p class="chakra-text css-0"><span class="chakra-text css-o93gbd" data-testid="sale-price"><span class="css-idkz9h">$2.99</span>$2.99</span><span class="chakra-text css-623q5h" data-testid="was-price"><span class="css-idkz9h">$4.99</span>$4.99</span></p><p class="chakra-text css-1m5a6y8" data-testid="price-descriptor">SAVE $2.00</p></div><a href="/antiox-apple-cinnamon-turmeric-with-vitamin-c/p/21194363_EA?source=nspt" class="chakra-linkbox__overlay css-1hnz6hu"><div class="css-0"><p class="chakra-text css-1ecdp9w" data-testid="product-brand">Tetley</p><h3 class="chakra-heading css-6qrhwc" id="21194363_EA" data-testid="product-title">Antiox Apple Cinnamon &amp; Turmeric With Vitamin C</h3><p class="chakra-text css-1yftjin" data-testid="product-package-size">20 g, $0.15/1ea</p></div></a><div class="css-8keand"></div></div><div class="css-1q5omjq"><div class="css-fcebb8"><div data-testid="atc-compact" class="css-y94ivq" style="width: 45px;"><button type="button" class="chakra-button css-mudsm6" data-testid="atc-button"><svg stroke="currentColor" fill="currentColor" stroke-width="0" viewBox="0 0 24 24" focusable="false" class="chakra-icon css-1g3sp7a" data-testid="btn-icon" aria-hidden="true" height="1em" width="1em" xmlns="http://www.w3.org/2000/svg"><path d="M19 13h-6v6h-2v-6H5v-2h6V5h2v6h6v2z"></path></svg><span class="css-idkz9h">Add Antiox Apple Cinnamon &amp; Turmeric With Vitamin C to cart</span></button></div></div></div></div></div></div><div class="css-0"><div class="css-f5i5wc"><div class="chakra-linkbox css-vhnn8v"><div data-testid="product-image" class="css-16dr4ly"><img alt="Red Rose Orange Pekoe Black Tea 72 ea, $0.09/1ea" src="https://assets.shop.loblaws.ca/products/21593431/b3/en/front/21593431_front_a06_@2.png" srcset="https://assets.shop.loblaws.ca/products/21593431/b3/en/front/21593431_front_a06_@2.png 1x, https://assets.shop.loblaws.ca/products/21593431/b3/en/front/21593431_front_a06_@2.png 2x" loading="lazy" class="chakra-image css-oguq8l" aria-hidden="true"></div><div class="css-qoklea"><div class="css-12dchmx"></div><div data-testid="price-product-tile" class="css-8atqhb"><p class="chakra-text css-0"><span class="chakra-text css-pwnbcb" data-testid="regular-price"><span class="css-idkz9h">$6.79</span>$6.79</span></p></div><a href="/orange-pekoe-black-tea/p/21593431_EA?source=nspt" class="chakra-linkbox__overlay css-1hnz6hu"><div class="css-0"><p class="chakra-text css-1ecdp9w" data-testid="product-brand">Red Rose</p><h3 class="chakra-heading css-6qrhwc" id="21593431_EA" data-testid="product-title">Orange Pekoe Black Tea</h3><p class="chakra-text css-1yftjin" data-testid="product-package-size">72 ea, $0.09/1ea</p></div></a><div class="css-8keand"></div></div><div class="css-1q5omjq"><div class="css-fcebb8"><div data-testid="atc-compact" class="css-y94ivq" style="width: 45px;"><button type="button" class="chakra-button css-mudsm6" data-testid="atc-button"><svg stroke="currentColor" fill="currentColor" stroke-width="0" viewBox="0 0 24 24" focusable="false" class="chakra-icon css-1g3sp7a" data-testid="btn-icon" aria-hidden="true" height="1em" width="1em" xmlns="http://www.w3.org/2000/svg"><path d="M19 13h-6v6h-2v-6H5v-2h6V5h2v6h6v2z"></path></svg><span class="css-idkz9h">Add Orange Pekoe Black Tea to cart</span></button></div></div></div></div></div></div><div class="css-0"><div class="css-f5i5wc"><div class="chakra-linkbox css-vhnn8v"><div data-testid="product-image" class="css-16dr4ly"><img alt="Tazo Chai Latte Tea Concentrate 946 ml, $0.95/100ml" src="https://assets.shop.loblaws.ca/products/21295930/b3/en/front/21295930_front_a06_@2.png" srcset="https://assets.shop.loblaws.ca/products/21295930/b3/en/front/21295930_front_a06_@2.png 1x, https://assets.shop.loblaws.ca/products/21295930/b3/en/front/21295930_front_a06_@2.png 2x" loading="lazy" class="chakra-image css-oguq8l" aria-hidden="true"></div><div class="css-qoklea"><div class="css-12dchmx"></div><div data-testid="price-product-tile" class="css-8atqhb"><p class="chakra-text css-0"><span class="chakra-text css-pwnbcb" data-testid="regular-price"><span class="css-idkz9h">$8.99</span>$8.99</span></p></div><a href="/chai-latte-tea-concentrate/p/21295930_EA?source=nspt" class="chakra-linkbox__overlay css-1hnz6hu"><div class="css-0"><p class="chakra-text css-1ecdp9w" data-testid="product-brand">Tazo</p><h3 class="chakra-heading css-6qrhwc" id="21295930_EA" data-testid="product-title">Chai Latte Tea Concentrate</h3><p class="chakra-text css-1yftjin" data-testid="product-package-size">946 ml, $0.95/100ml</p></div></a><div class="css-8keand"></div></div><div class="css-1q5omjq"><div class="css-fcebb8"><div data-testid="atc-compact" class="css-y94ivq" style="width: 45px;"><button type="button" class="chakra-button css-mudsm6" data-testid="atc-button"><svg stroke="currentColor" fill="currentColor" stroke-width="0" viewBox="0 0 24 24" focusable="false" class="chakra-icon css-1g3sp7a" data-testid="btn-icon" aria-hidden="true" height="1em" width="1em" xmlns="http://www.w3.org/2000/svg"><path d="M19 13h-6v6h-2v-6H5v-2h6V5h2v6h6v2z"></path></svg><span class="css-idkz9h">Add Chai Latte Tea Concentrate to cart</span></button></div></div></div></div></div></div><div class="css-0"><div class="css-f5i5wc"><div class="chakra-linkbox css-vhnn8v"><div data-testid="product-image" class="css-16dr4ly"><img alt="Tea Valley Orange Pekoe Black Tea 685 g, $1.24/100g" src="https://assets.shop.loblaws.ca/products/21341451/b3/en/front/21341451_front_a06_@2.png" srcset="https://assets.shop.loblaws.ca/products/21341451/b3/en/front/21341451_front_a06_@2.png 1x, https://assets.shop.loblaws.ca/products/21341451/b3/en/front/21341451_front_a06_@2.png 2x" loading="lazy" class="chakra-image css-oguq8l" aria-hidden="true"></div><div class="css-qoklea"><div class="css-12dchmx"></div><div data-testid="price-product-tile" class="css-8atqhb"><p class="chakra-text css-0"><span class="chakra-text css-pwnbcb" data-testid="regular-price"><span class="css-idkz9h">$8.49</span>$8.49</span></p></div><a href="/orange-pekoe-black-tea/p/21341451_EA?source=nspt" class="chakra-linkbox__overlay css-1hnz6hu"><div class="css-0"><p class="chakra-text css-1ecdp9w" data-testid="product-brand">Tea Valley</p><h3 class="chakra-heading css-6qrhwc" id="21341451_EA" data-testid="product-title">Orange Pekoe Black Tea</h3><p class="chakra-text css-1yftjin" data-testid="product-package-size">685 g, $1.24/100g</p></div></a><div class="css-8keand"></div></div><div class="css-1q5omjq"><div class="css-fcebb8"><div data-testid="atc-compact" class="css-y94ivq" style="width: 45px;"><button type="button" class="chakra-button css-mudsm6" data-testid="atc-button"><svg stroke="currentColor" fill="currentColor" stroke-width="0" viewBox="0 0 24 24" focusable="false" class="chakra-icon css-1g3sp7a" data-testid="btn-icon" aria-hidden="true" height="1em" width="1em" xmlns="http://www.w3.org/2000/svg"><path d="M19 13h-6v6h-2v-6H5v-2h6V5h2v6h6v2z"></path></svg><span class="css-idkz9h">Add Orange Pekoe Black Tea to cart</span></button></div></div></div></div></div></div><div class="css-0"><div class="css-f5i5wc"><div class="chakra-linkbox css-vhnn8v"><div data-testid="product-image" class="css-16dr4ly"><img alt="Tea India Cardamom Chai Black Tea With Real Cardamom  182 g, $3.29/100g" src="https://assets.shop.loblaws.ca/products/21379219/b3/en/front/21379219_front_a06_@2.png" srcset="https://assets.shop.loblaws.ca/products/21379219/b3/en/front/21379219_front_a06_@2.png 1x, https://assets.shop.loblaws.ca/products/21379219/b3/en/front/21379219_front_a06_@2.png 2x" loading="lazy" class="chakra-image css-oguq8l" aria-hidden="true"></div><div class="css-qoklea"><div class="css-12dchmx"></div><div data-testid="price-product-tile" class="css-8atqhb"><p class="chakra-text css-0"><span class="chakra-text css-pwnbcb" data-testid="regular-price"><span class="css-idkz9h">$5.99</span>$5.99</span></p></div><a href="/cardamom-chai-black-tea-with-real-cardamom/p/21379219_EA?source=nspt" class="chakra-linkbox__overlay css-1hnz6hu"><div class="css-0"><p class="chakra-text css-1ecdp9w" data-testid="product-brand">Tea India</p><h3 class="chakra-heading css-6qrhwc" id="21379219_EA" data-testid="product-title">Cardamom Chai Black Tea With Real Cardamom </h3><p class="chakra-text css-1yftjin" data-testid="product-package-size">182 g, $3.29/100g</p></div></a><div class="css-8keand"></div></div><div class="css-1q5omjq"><div class="css-fcebb8"><div data-testid="atc-compact" class="css-y94ivq" style="width: 45px;"><button type="button" class="chakra-button css-mudsm6" data-testid="atc-button"><svg stroke="currentColor" fill="currentColor" stroke-width="0" viewBox="0 0 24 24" focusable="false" class="chakra-icon css-1g3sp7a" data-testid="btn-icon" aria-hidden="true" height="1em" width="1em" xmlns="http://www.w3.org/2000/svg"><path d="M19 13h-6v6h-2v-6H5v-2h6V5h2v6h6v2z"></path></svg><span class="css-idkz9h">Add Cardamom Chai Black Tea With Real Cardamom  to cart</span></button></div></div></div></div></div></div><div class="css-0"><div class="css-f5i5wc"><div class="chakra-linkbox css-vhnn8v"><div data-testid="product-image" class="css-16dr4ly"><img alt="President's Choice The Decadent Hot Chocolate Mix 450 g, $1.31/100g" src="https://assets.shop.loblaws.ca/products/21549129/b3/en/front/21549129_front_a06_@2.png" srcset="https://assets.shop.loblaws.ca/products/21549129/b3/en/front/21549129_front_a06_@2.png 1x, https://assets.shop.loblaws.ca/products/21549129/b3/en/front/21549129_front_a06_@2.png 2x" loading="lazy" class="chakra-image css-oguq8l" aria-hidden="true"></div><div class="css-qoklea"><div class="css-12dchmx"></div><div data-testid="price-product-tile" class="css-8atqhb"><p class="chakra-text css-0"><span class="chakra-text css-pwnbcb" data-testid="regular-price"><span class="css-idkz9h">$5.89</span>$5.89</span></p></div><a href="/the-decadent-hot-chocolate-mix/p/21549129_EA?source=nspt" class="chakra-linkbox__overlay css-1hnz6hu"><div class="css-0"><p class="chakra-text css-1ecdp9w" data-testid="product-brand">President's Choice</p><h3 class="chakra-heading css-6qrhwc" id="21549129_EA" data-testid="product-title">The Decadent Hot Chocolate Mix</h3><p class="chakra-text css-1yftjin" data-testid="product-package-size">450 g, $1.31/100g</p></div></a><div class="css-8keand"></div></div><div class="css-1q5omjq"><div class="css-fcebb8"><div data-testid="atc-compact" class="css-y94ivq" style="width: 45px;"><button type="button" class="chakra-button css-mudsm6" data-testid="atc-button"><svg stroke="currentColor" fill="currentColor" stroke-width="0" viewBox="0 0 24 24" focusable="false" class="chakra-icon css-1g3sp7a" data-testid="btn-icon" aria-hidden="true" height="1em" width="1em" xmlns="http://www.w3.org/2000/svg"><path d="M19 13h-6v6h-2v-6H5v-2h6V5h2v6h6v2z"></path></svg><span class="css-idkz9h">Add The Decadent Hot Chocolate Mix to cart</span></button></div></div></div></div></div></div><div class="css-0"><div class="css-f5i5wc"><div class="chakra-linkbox css-vhnn8v"><div data-testid="product-image" class="css-16dr4ly"><img alt="President's Choice Dark Chocolate Peppermint Candy Hot Cocoa Mix 500 g, $1.00/100g" src="https://assets.shop.loblaws.ca/products/21480613/b3/en/front/21480613_front_a06_@2.png" srcset="https://assets.shop.loblaws.ca/products/21480613/b3/en/front/21480613_front_a06_@2.png 1x, https://assets.shop.loblaws.ca/products/21480613/b3/en/front/21480613_front_a06_@2.png 2x" loading="lazy" class="chakra-image css-oguq8l" aria-hidden="true"></div><div class="css-qoklea"><div class="css-12dchmx"></div><div data-testid="price-product-tile" class="css-8atqhb"><p class="chakra-text css-0"><span class="chakra-text css-pwnbcb" data-testid="regular-price"><span class="css-idkz9h">$5.00</span>$5.00</span></p></div><a href="/dark-chocolate-peppermint-candy-hot-cocoa-mix/p/21480613_EA?source=nspt" class="chakra-linkbox__overlay css-1hnz6hu"><div class="css-0"><p class="chakra-text css-1ecdp9w" data-testid="product-brand">President's Choice</p><h3 class="chakra-heading css-6qrhwc" id="21480613_EA" data-testid="product-title">Dark Chocolate Peppermint Candy Hot Cocoa Mix</h3><p class="chakra-text css-1yftjin" data-testid="product-package-size">500 g, $1.00/100g</p></div></a><div class="css-8keand"></div></div><div class="css-1q5omjq"><div class="css-fcebb8"><div data-testid="atc-compact" class="css-y94ivq" style="width: 45px;"><button type="button" class="chakra-button css-mudsm6" data-testid="atc-button"><svg stroke="currentColor" fill="currentColor" stroke-width="0" viewBox="0 0 24 24" focusable="false" class="chakra-icon css-1g3sp7a" data-testid="btn-icon" aria-hidden="true" height="1em" width="1em" xmlns="http://www.w3.org/2000/svg"><path d="M19 13h-6v6h-2v-6H5v-2h6V5h2v6h6v2z"></path></svg><span class="css-idkz9h">Add Dark Chocolate Peppermint Candy Hot Cocoa Mix to cart</span></button></div></div></div></div></div></div><div class="css-0"><div class="css-f5i5wc"><div class="chakra-linkbox css-vhnn8v"><div data-testid="product-image" class="css-16dr4ly"><img alt="Twinings Superblends Flavoured Herbal Tea Lemon &amp; Ginger 18 ea, $0.38/1ea" src="https://assets.shop.loblaws.ca/products/21427824/b3/en/front/21427824_front_a06_@2.png" srcset="https://assets.shop.loblaws.ca/products/21427824/b3/en/front/21427824_front_a06_@2.png 1x, https://assets.shop.loblaws.ca/products/21427824/b3/en/front/21427824_front_a06_@2.png 2x" loading="lazy" class="chakra-image css-oguq8l" aria-hidden="true"></div><div class="css-qoklea"><div class="css-12dchmx"></div><div data-testid="price-product-tile" class="css-8atqhb"><p class="chakra-text css-0"><span class="chakra-text css-pwnbcb" data-testid="regular-price"><span class="css-idkz9h">$6.79</span>$6.79</span></p></div><a href="/superblends-flavoured-herbal-tea-lemon-ginger/p/21427824_EA?source=nspt" class="chakra-linkbox__overlay css-1hnz6hu"><div class="css-0"><p class="chakra-text css-1ecdp9w" data-testid="product-brand">Twinings</p><h3 class="chakra-heading css-6qrhwc" id="21427824_EA" data-testid="product-title">Superblends Flavoured Herbal Tea Lemon &amp; Ginger</h3><p class="chakra-text css-1yftjin" data-testid="product-package-size">18 ea, $0.38/1ea</p></div></a><div class="css-8keand"></div></div><div class="css-1q5omjq"><div class="css-fcebb8"><div data-testid="atc-compact" class="css-y94ivq" style="width: 45px;"><button type="button" class="chakra-button css-mudsm6" data-testid="atc-button"><svg stroke="currentColor" fill="currentColor" stroke-width="0" viewBox="0 0 24 24" focusable="false" class="chakra-icon css-1g3sp7a" data-testid="btn-icon" aria-hidden="true" height="1em" width="1em" xmlns="http://www.w3.org/2000/svg"><path d="M19 13h-6v6h-2v-6H5v-2h6V5h2v6h6v2z"></path></svg><span class="css-idkz9h">Add Superblends Flavoured Herbal Tea Lemon &amp; Ginger to cart</span></button></div></div></div></div></div></div><div class="css-0"><div class="css-f5i5wc"><div class="chakra-linkbox css-vhnn8v"><div data-testid="product-image" class="css-16dr4ly"><img alt="Twinings 20ct Lemon &amp; Ginger 20 ea, $0.27/1ea" src="https://assets.shop.loblaws.ca/products/20300740001/b3/en/front/20300740001_front_a06_@2.png" srcset="https://assets.shop.loblaws.ca/products/20300740001/b3/en/front/20300740001_front_a06_@2.png 1x, https://assets.shop.loblaws.ca/products/20300740001/b3/en/front/20300740001_front_a06_@2.png 2x" loading="lazy" class="chakra-image css-oguq8l" aria-hidden="true"></div><div class="css-qoklea"><div class="css-12dchmx"></div><div data-testid="price-product-tile" class="css-8atqhb"><p class="chakra-text css-0"><span class="chakra-text css-pwnbcb" data-testid="regular-price"><span class="css-idkz9h">$5.49</span>$5.49</span></p></div><a href="/20ct-lemon-ginger/p/20300740001_EA?source=nspt" class="chakra-linkbox__overlay css-1hnz6hu"><div class="css-0"><p class="chakra-text css-1ecdp9w" data-testid="product-brand">Twinings</p><h3 class="chakra-heading css-6qrhwc" id="20300740001_EA" data-testid="product-title">20ct Lemon &amp; Ginger</h3><p class="chakra-text css-1yftjin" data-testid="product-package-size">20 ea, $0.27/1ea</p></div></a><div class="css-8keand"></div></div><div class="css-1q5omjq"><div class="css-fcebb8"><div data-testid="atc-compact" class="css-y94ivq" style="width: 45px;"><button type="button" class="chakra-button css-mudsm6" data-testid="atc-button"><svg stroke="currentColor" fill="currentColor" stroke-width="0" viewBox="0 0 24 24" focusable="false" class="chakra-icon css-1g3sp7a" data-testid="btn-icon" aria-hidden="true" height="1em" width="1em" xmlns="http://www.w3.org/2000/svg"><path d="M19 13h-6v6h-2v-6H5v-2h6V5h2v6h6v2z"></path></svg><span class="css-idkz9h">Add 20ct Lemon &amp; Ginger to cart</span></button></div></div></div></div></div></div><div class="css-0"><div class="css-f5i5wc"><div class="chakra-linkbox css-vhnn8v"><div data-testid="product-image" class="css-16dr4ly"><img alt="Carnation Variety Pack Hot Chocolate Envelopes 175 g, $3.02/100g" src="https://assets.shop.loblaws.ca/products/21397883/b3/en/front/21397883_front_a06_@2.png" srcset="https://assets.shop.loblaws.ca/products/21397883/b3/en/front/21397883_front_a06_@2.png 1x, https://assets.shop.loblaws.ca/products/21397883/b3/en/front/21397883_front_a06_@2.png 2x" loading="lazy" class="chakra-image css-oguq8l" aria-hidden="true"></div><div class="css-qoklea"><div class="css-12dchmx"></div><div data-testid="price-product-tile" class="css-8atqhb"><p class="chakra-text css-0"><span class="chakra-text css-pwnbcb" data-testid="regular-price"><span class="css-idkz9h">$5.29</span>$5.29</span></p></div><a href="/variety-pack-hot-chocolate-envelopes/p/21397883_EA?source=nspt" class="chakra-linkbox__overlay css-1hnz6hu"><div class="css-0"><p class="chakra-text css-1ecdp9w" data-testid="product-brand">Carnation</p><h3 class="chakra-heading css-6qrhwc" id="21397883_EA" data-testid="product-title">Variety Pack Hot Chocolate Envelopes</h3><p class="chakra-text css-1yftjin" data-testid="product-package-size">175 g, $3.02/100g</p></div></a><div class="css-8keand"></div></div><div class="css-1q5omjq"><div class="css-fcebb8"><div data-testid="atc-compact" class="css-y94ivq" style="width: 45px;"><button type="button" class="chakra-button css-mudsm6" data-testid="atc-button"><svg stroke="currentColor" fill="currentColor" stroke-width="0" viewBox="0 0 24 24" focusable="false" class="chakra-icon css-1g3sp7a" data-testid="btn-icon" aria-hidden="true" height="1em" width="1em" xmlns="http://www.w3.org/2000/svg"><path d="M19 13h-6v6h-2v-6H5v-2h6V5h2v6h6v2z"></path></svg><span class="css-idkz9h">Add Variety Pack Hot Chocolate Envelopes to cart</span></button></div></div></div></div></div></div><div class="css-0"><div class="css-f5i5wc"><div class="chakra-linkbox css-vhnn8v"><div data-testid="product-image" class="css-16dr4ly"><img alt="Wagh Bakri Bakri Tea Bags, Orange Pekoe 681 g, $1.98/100g" src="https://assets.shop.loblaws.ca/products/21053000/b3/en/front/21053000_front_a06_@2.png" srcset="https://assets.shop.loblaws.ca/products/21053000/b3/en/front/21053000_front_a06_@2.png 1x, https://assets.shop.loblaws.ca/products/21053000/b3/en/front/21053000_front_a06_@2.png 2x" loading="lazy" class="chakra-image css-oguq8l" aria-hidden="true"></div><div class="css-qoklea"><div class="css-12dchmx"></div><div data-testid="price-product-tile" class="css-8atqhb"><p class="chakra-text css-0"><span class="chakra-text css-pwnbcb" data-testid="regular-price"><span class="css-idkz9h">$13.49</span>$13.49</span></p></div><a href="/bakri-tea-bags-orange-pekoe/p/21053000_EA?source=nspt" class="chakra-linkbox__overlay css-1hnz6hu"><div class="css-0"><p class="chakra-text css-1ecdp9w" data-testid="product-brand">Wagh Bakri</p><h3 class="chakra-heading css-6qrhwc" id="21053000_EA" data-testid="product-title">Bakri Tea Bags, Orange Pekoe</h3><p class="chakra-text css-1yftjin" data-testid="product-package-size">681 g, $1.98/100g</p></div></a><div class="css-8keand"></div></div><div class="css-1q5omjq"><div class="css-fcebb8"><div data-testid="atc-compact" class="css-y94ivq" style="width: 45px;"><button type="button" class="chakra-button css-mudsm6" data-testid="atc-button"><svg stroke="currentColor" fill="currentColor" stroke-width="0" viewBox="0 0 24 24" focusable="false" class="chakra-icon css-1g3sp7a" data-testid="btn-icon" aria-hidden="true" height="1em" width="1em" xmlns="http://www.w3.org/2000/svg"><path d="M19 13h-6v6h-2v-6H5v-2h6V5h2v6h6v2z"></path></svg><span class="css-idkz9h">Add Bakri Tea Bags, Orange Pekoe to cart</span></button></div></div></div></div></div></div><div class="css-0"><div class="css-f5i5wc"><div class="chakra-linkbox css-vhnn8v"><div data-testid="product-image" class="css-16dr4ly"><img alt="Tata Loose Black Tea Desh Ka Anokha Swad 450 g, $1.78/100g" src="https://assets.shop.loblaws.ca/products/21407291/b3/en/front/21407291_front_a06_@2.png" srcset="https://assets.shop.loblaws.ca/products/21407291/b3/en/front/21407291_front_a06_@2.png 1x, https://assets.shop.loblaws.ca/products/21407291/b3/en/front/21407291_front_a06_@2.png 2x" loading="lazy" class="chakra-image css-oguq8l" aria-hidden="true"></div><div class="css-qoklea"><div class="css-12dchmx"></div><div data-testid="price-product-tile" class="css-8atqhb"><p class="chakra-text css-0"><span class="chakra-text css-pwnbcb" data-testid="regular-price"><span class="css-idkz9h">$7.99</span>$7.99</span></p></div><a href="/loose-black-tea-desh-ka-anokha-swad/p/21407291_EA?source=nspt" class="chakra-linkbox__overlay css-1hnz6hu"><div class="css-0"><p class="chakra-text css-1ecdp9w" data-testid="product-brand">Tata</p><h3 class="chakra-heading css-6qrhwc" id="21407291_EA" data-testid="product-title">Loose Black Tea Desh Ka Anokha Swad</h3><p class="chakra-text css-1yftjin" data-testid="product-package-size">450 g, $1.78/100g</p></div></a><div class="css-8keand"></div></div><div class="css-1q5omjq"><div class="css-fcebb8"><div data-testid="atc-compact" class="css-y94ivq" style="width: 45px;"><button type="button" class="chakra-button css-mudsm6" data-testid="atc-button"><svg stroke="currentColor" fill="currentColor" stroke-width="0" viewBox="0 0 24 24" focusable="false" class="chakra-icon css-1g3sp7a" data-testid="btn-icon" aria-hidden="true" height="1em" width="1em" xmlns="http://www.w3.org/2000/svg"><path d="M19 13h-6v6h-2v-6H5v-2h6V5h2v6h6v2z"></path></svg><span class="css-idkz9h">Add Loose Black Tea Desh Ka Anokha Swad to cart</span></button></div></div></div></div></div></div><div class="css-0"><div class="css-f5i5wc"><div class="chakra-linkbox css-vhnn8v"><div data-testid="product-image" class="css-16dr4ly"><img alt="SToK Cold Brew Coffee, Black, Extra Bold, Unsweetened, No Cream 1.42 l, $0.56/100ml" src="https://assets.shop.loblaws.ca/products/21475792/b3/en/front/21475792_front_a06_@2.png" srcset="https://assets.shop.loblaws.ca/products/21475792/b3/en/front/21475792_front_a06_@2.png 1x, https://assets.shop.loblaws.ca/products/21475792/b3/en/front/21475792_front_a06_@2.png 2x" loading="lazy" class="chakra-image css-oguq8l" aria-hidden="true"></div><div class="css-qoklea"><div class="css-12dchmx"></div><div data-testid="price-product-tile" class="css-8atqhb"><p class="chakra-text css-0"><span class="chakra-text css-o93gbd" data-testid="sale-price"><span class="css-idkz9h">$7.99</span>$7.99</span><span class="chakra-text css-623q5h" data-testid="was-price"><span class="css-idkz9h">$8.29</span>$8.29</span></p><p class="chakra-text css-1m5a6y8" data-testid="price-descriptor">SAVE $0.30</p></div><a href="/cold-brew-coffee-black-extra-bold-unsweetened-no-c/p/21475792_EA?source=nspt" class="chakra-linkbox__overlay css-1hnz6hu"><div class="css-0"><p class="chakra-text css-1ecdp9w" data-testid="product-brand">SToK</p><h3 class="chakra-heading css-6qrhwc" id="21475792_EA" data-testid="product-title">Cold Brew Coffee, Black, Extra Bold, Unsweetened, No Cream</h3><p class="chakra-text css-1yftjin" data-testid="product-package-size">1.42 l, $0.56/100ml</p></div></a><div class="css-8keand"></div></div><div class="css-1q5omjq"><div class="css-fcebb8"><div data-testid="atc-compact" class="css-y94ivq" style="width: 45px;"><button type="button" class="chakra-button css-mudsm6" data-testid="atc-button"><svg stroke="currentColor" fill="currentColor" stroke-width="0" viewBox="0 0 24 24" focusable="false" class="chakra-icon css-1g3sp7a" data-testid="btn-icon" aria-hidden="true" height="1em" width="1em" xmlns="http://www.w3.org/2000/svg"><path d="M19 13h-6v6h-2v-6H5v-2h6V5h2v6h6v2z"></path></svg><span class="css-idkz9h">Add Cold Brew Coffee, Black, Extra Bold, Unsweetened, No Cream to cart</span></button></div></div></div></div></div></div><div class="css-0"><div class="css-f5i5wc"><div class="chakra-linkbox css-vhnn8v"><div data-testid="product-image" class="css-16dr4ly"><img alt="Tetley Herbal Tea Live Bold Cinnamon Chai Rooibos 40 g, $7.48/100g" src="https://assets.shop.loblaws.ca/products/21480278/b3/en/front/21480278_front_a06_@2.png" srcset="https://assets.shop.loblaws.ca/products/21480278/b3/en/front/21480278_front_a06_@2.png 1x, https://assets.shop.loblaws.ca/products/21480278/b3/en/front/21480278_front_a06_@2.png 2x" loading="lazy" class="chakra-image css-oguq8l" aria-hidden="true"></div><div class="css-qoklea"><div class="css-12dchmx"></div><div data-testid="price-product-tile" class="css-8atqhb"><p class="chakra-text css-0"><span class="chakra-text css-o93gbd" data-testid="sale-price"><span class="css-idkz9h">$2.99</span>$2.99</span><span class="chakra-text css-623q5h" data-testid="was-price"><span class="css-idkz9h">$4.49</span>$4.49</span></p><p class="chakra-text css-1m5a6y8" data-testid="price-descriptor">SAVE $1.50</p></div><a href="/herbal-tea-live-bold-cinnamon-chai-rooibos/p/21480278_EA?source=nspt" class="chakra-linkbox__overlay css-1hnz6hu"><div class="css-0"><p class="chakra-text css-1ecdp9w" data-testid="product-brand">Tetley</p><h3 class="chakra-heading css-6qrhwc" id="21480278_EA" data-testid="product-title">Herbal Tea Live Bold Cinnamon Chai Rooibos</h3><p class="chakra-text css-1yftjin" data-testid="product-package-size">40 g, $7.48/100g</p></div></a><div class="css-8keand"></div></div><div class="css-1q5omjq"><div class="css-fcebb8"><div data-testid="atc-compact" class="css-y94ivq" style="width: 45px;"><button type="button" class="chakra-button css-mudsm6" data-testid="atc-button"><svg stroke="currentColor" fill="currentColor" stroke-width="0" viewBox="0 0 24 24" focusable="false" class="chakra-icon css-1g3sp7a" data-testid="btn-icon" aria-hidden="true" height="1em" width="1em" xmlns="http://www.w3.org/2000/svg"><path d="M19 13h-6v6h-2v-6H5v-2h6V5h2v6h6v2z"></path></svg><span class="css-idkz9h">Add Herbal Tea Live Bold Cinnamon Chai Rooibos to cart</span></button></div></div></div></div></div></div><div class="css-0"><div class="css-f5i5wc"><div class="chakra-linkbox css-vhnn8v"><div data-testid="product-image" class="css-16dr4ly"><img alt="Nestea Iced Tea      20x341.0 ml, $0.16/100ml" src="https://assets.shop.loblaws.ca/products/21021553/b3/en/front/21021553_front_a06_@2.png" srcset="https://assets.shop.loblaws.ca/products/21021553/b3/en/front/21021553_front_a06_@2.png 1x, https://assets.shop.loblaws.ca/products/21021553/b3/en/front/21021553_front_a06_@2.png 2x" loading="lazy" class="chakra-image css-oguq8l" aria-hidden="true"></div><div class="css-qoklea"><div class="css-12dchmx"></div><div data-testid="price-product-tile" class="css-8atqhb"><p class="chakra-text css-0"><span class="chakra-text css-o93gbd" data-testid="sale-price"><span class="css-idkz9h">$10.98</span>$10.98</span><span class="chakra-text css-623q5h" data-testid="was-price"><span class="css-idkz9h">$11.99</span>$11.99</span></p><p class="chakra-text css-1m5a6y8" data-testid="price-descriptor">SAVE $1.01</p></div><a href="/iced-tea/p/21021553_C20?source=nspt" class="chakra-linkbox__overlay css-1hnz6hu"><div class="css-0"><p class="chakra-text css-1ecdp9w" data-testid="product-brand">Nestea</p><h3 class="chakra-heading css-6qrhwc" id="21021553_C20" data-testid="product-title">Iced Tea     </h3><p class="chakra-text css-1yftjin" data-testid="product-package-size">20x341.0 ml, $0.16/100ml</p></div></a><div class="css-8keand"></div></div><div class="css-1q5omjq"><div class="css-fcebb8"><div data-testid="atc-compact" class="css-y94ivq" style="width: 45px;"><button type="button" class="chakra-button css-mudsm6" data-testid="atc-button"><svg stroke="currentColor" fill="currentColor" stroke-width="0" viewBox="0 0 24 24" focusable="false" class="chakra-icon css-1g3sp7a" data-testid="btn-icon" aria-hidden="true" height="1em" width="1em" xmlns="http://www.w3.org/2000/svg"><path d="M19 13h-6v6h-2v-6H5v-2h6V5h2v6h6v2z"></path></svg><span class="css-idkz9h">Add Iced Tea      to cart</span></button></div></div></div></div></div></div><div class="css-0"><div class="css-f5i5wc"><div class="chakra-linkbox css-vhnn8v"><div data-testid="product-image" class="css-16dr4ly"><img alt="President's Choice Ginger Peach Herbal Tea 20 ea, $7.48/100g" src="https://assets.shop.loblaws.ca/products/20627616002/b3/en/front/20627616002_front_a06_@2.png" srcset="https://assets.shop.loblaws.ca/products/20627616002/b3/en/front/20627616002_front_a06_@2.png 1x, https://assets.shop.loblaws.ca/products/20627616002/b3/en/front/20627616002_front_a06_@2.png 2x" loading="lazy" class="chakra-image css-oguq8l" aria-hidden="true"></div><div class="css-qoklea"><div class="css-12dchmx"></div><div data-testid="price-product-tile" class="css-8atqhb"><p class="chakra-text css-0"><span class="chakra-text css-pwnbcb" data-testid="regular-price"><span class="css-idkz9h">$2.99</span>$2.99</span></p></div><a href="/ginger-peach-herbal-tea/p/20627616002_EA?source=nspt" class="chakra-linkbox__overlay css-1hnz6hu"><div class="css-0"><p class="chakra-text css-1ecdp9w" data-testid="product-brand">President's Choice</p><h3 class="chakra-heading css-6qrhwc" id="20627616002_EA" data-testid="product-title">Ginger Peach Herbal Tea</h3><p class="chakra-text css-1yftjin" data-testid="product-package-size">20 ea, $7.48/100g</p></div></a><div class="css-8keand"></div></div><div class="css-1q5omjq"><div class="css-fcebb8"><div data-testid="atc-compact" class="css-y94ivq" style="width: 45px;"><button type="button" class="chakra-button css-mudsm6" data-testid="atc-button"><svg stroke="currentColor" fill="currentColor" stroke-width="0" viewBox="0 0 24 24" focusable="false" class="chakra-icon css-1g3sp7a" data-testid="btn-icon" aria-hidden="true" height="1em" width="1em" xmlns="http://www.w3.org/2000/svg"><path d="M19 13h-6v6h-2v-6H5v-2h6V5h2v6h6v2z"></path></svg><span class="css-idkz9h">Add Ginger Peach Herbal Tea to cart</span></button></div></div></div></div></div></div><div class="css-0"><div class="css-f5i5wc"><div class="chakra-linkbox css-vhnn8v"><div data-testid="product-image" class="css-16dr4ly"><img alt="President's Choice Lemon Ginger Herbal Tea 20 ea, $0.15/1ea" src="https://assets.shop.loblaws.ca/products/21105270/b3/en/front/21105270_front_a06_@2.png" srcset="https://assets.shop.loblaws.ca/products/21105270/b3/en/front/21105270_front_a06_@2.png 1x, https://assets.shop.loblaws.ca/products/21105270/b3/en/front/21105270_front_a06_@2.png 2x" loading="lazy" class="chakra-image css-oguq8l" aria-hidden="true"></div><div class="css-qoklea"><div class="css-12dchmx"></div><div data-testid="price-product-tile" class="css-8atqhb"><p class="chakra-text css-0"><span class="chakra-text css-pwnbcb" data-testid="regular-price"><span class="css-idkz9h">$2.99</span>$2.99</span></p></div><a href="/lemon-ginger-herbal-tea/p/21105270_EA?source=nspt" class="chakra-linkbox__overlay css-1hnz6hu"><div class="css-0"><p class="chakra-text css-1ecdp9w" data-testid="product-brand">President's Choice</p><h3 class="chakra-heading css-6qrhwc" id="21105270_EA" data-testid="product-title">Lemon Ginger Herbal Tea</h3><p class="chakra-text css-1yftjin" data-testid="product-package-size">20 ea, $0.15/1ea</p></div></a><div class="css-8keand"></div></div><div class="css-1q5omjq"><div class="css-fcebb8"><div data-testid="atc-compact" class="css-y94ivq" style="width: 45px;"><button type="button" class="chakra-button css-mudsm6" data-testid="atc-button"><svg stroke="currentColor" fill="currentColor" stroke-width="0" viewBox="0 0 24 24" focusable="false" class="chakra-icon css-1g3sp7a" data-testid="btn-icon" aria-hidden="true" height="1em" width="1em" xmlns="http://www.w3.org/2000/svg"><path d="M19 13h-6v6h-2v-6H5v-2h6V5h2v6h6v2z"></path></svg><span class="css-idkz9h">Add Lemon Ginger Herbal Tea to cart</span></button></div></div></div></div></div></div><div class="css-0"><div class="css-f5i5wc"><div class="chakra-linkbox css-vhnn8v"><div data-testid="product-image" class="css-16dr4ly"><img alt="Tetley Turmeric Echinacea Herbal Tea 20 ea, $0.15/1ea" src="https://assets.shop.loblaws.ca/products/21311640/b3/en/front/21311640_front_a06_@2.png" srcset="https://assets.shop.loblaws.ca/products/21311640/b3/en/front/21311640_front_a06_@2.png 1x, https://assets.shop.loblaws.ca/products/21311640/b3/en/front/21311640_front_a06_@2.png 2x" loading="lazy" class="chakra-image css-oguq8l" aria-hidden="true"></div><div class="css-qoklea"><div class="css-12dchmx"></div><div data-testid="price-product-tile" class="css-8atqhb"><p class="chakra-text css-0"><span class="chakra-text css-o93gbd" data-testid="sale-price"><span class="css-idkz9h">$2.99</span>$2.99</span><span class="chakra-text css-623q5h" data-testid="was-price"><span class="css-idkz9h">$4.99</span>$4.99</span></p><p class="chakra-text css-1m5a6y8" data-testid="price-descriptor">SAVE $2.00</p></div><a href="/turmeric-echinacea-herbal-tea/p/21311640_EA?source=nspt" class="chakra-linkbox__overlay css-1hnz6hu"><div class="css-0"><p class="chakra-text css-1ecdp9w" data-testid="product-brand">Tetley</p><h3 class="chakra-heading css-6qrhwc" id="21311640_EA" data-testid="product-title">Turmeric Echinacea Herbal Tea</h3><p class="chakra-text css-1yftjin" data-testid="product-package-size">20 ea, $0.15/1ea</p></div></a><div class="css-8keand"></div></div><div class="css-1q5omjq"><div class="css-fcebb8"><div data-testid="atc-compact" class="css-y94ivq" style="width: 45px;"><button type="button" class="chakra-button css-mudsm6" data-testid="atc-button"><svg stroke="currentColor" fill="currentColor" stroke-width="0" viewBox="0 0 24 24" focusable="false" class="chakra-icon css-1g3sp7a" data-testid="btn-icon" aria-hidden="true" height="1em" width="1em" xmlns="http://www.w3.org/2000/svg"><path d="M19 13h-6v6h-2v-6H5v-2h6V5h2v6h6v2z"></path></svg><span class="css-idkz9h">Add Turmeric Echinacea Herbal Tea to cart</span></button></div></div></div></div></div></div><div class="css-0"><div class="css-f5i5wc"><div class="chakra-linkbox css-vhnn8v"><div data-testid="product-image" class="css-16dr4ly"><img alt="Ovaltine Malted Milk Drink 400 g, $1.25/100g" src="https://assets.shop.loblaws.ca/products/20726620/b3/en/front/20726620_front_a06_@2.png" srcset="https://assets.shop.loblaws.ca/products/20726620/b3/en/front/20726620_front_a06_@2.png 1x, https://assets.shop.loblaws.ca/products/20726620/b3/en/front/20726620_front_a06_@2.png 2x" loading="lazy" class="chakra-image css-oguq8l" aria-hidden="true"></div><div class="css-qoklea"><div class="css-12dchmx"></div><div data-testid="price-product-tile" class="css-8atqhb"><p class="chakra-text css-0"><span class="chakra-text css-o93gbd" data-testid="sale-price"><span class="css-idkz9h">$4.99</span>$4.99</span><span class="chakra-text css-623q5h" data-testid="was-price"><span class="css-idkz9h">$5.99</span>$5.99</span></p><p class="chakra-text css-1m5a6y8" data-testid="price-descriptor">SAVE $1.00</p></div><a href="/malted-milk-drink/p/20726620_EA?source=nspt" class="chakra-linkbox__overlay css-1hnz6hu"><div class="css-0"><p class="chakra-text css-1ecdp9w" data-testid="product-brand">Ovaltine</p><h3 class="chakra-heading css-6qrhwc" id="20726620_EA" data-testid="product-title">Malted Milk Drink</h3><p class="chakra-text css-1yftjin" data-testid="product-package-size">400 g, $1.25/100g</p></div></a><div class="css-8keand"></div></div><div class="css-1q5omjq"><div class="css-fcebb8"><div data-testid="atc-compact" class="css-y94ivq" style="width: 45px;"><button type="button" class="chakra-button css-mudsm6" data-testid="atc-button"><svg stroke="currentColor" fill="currentColor" stroke-width="0" viewBox="0 0 24 24" focusable="false" class="chakra-icon css-1g3sp7a" data-testid="btn-icon" aria-hidden="true" height="1em" width="1em" xmlns="http://www.w3.org/2000/svg"><path d="M19 13h-6v6h-2v-6H5v-2h6V5h2v6h6v2z"></path></svg><span class="css-idkz9h">Add Malted Milk Drink to cart</span></button></div></div></div></div></div></div><div class="css-0"><div class="css-f5i5wc"><div class="chakra-linkbox css-vhnn8v"><div data-testid="product-image" class="css-16dr4ly"><img alt="President's Choice Green Tea 48 ea, $11.02/100ea" src="https://assets.shop.loblaws.ca/products/21107145/b3/en/front/21107145_front_a06_@2.png" srcset="https://assets.shop.loblaws.ca/products/21107145/b3/en/front/21107145_front_a06_@2.png 1x, https://assets.shop.loblaws.ca/products/21107145/b3/en/front/21107145_front_a06_@2.png 2x" loading="lazy" class="chakra-image css-oguq8l" aria-hidden="true"></div><div class="css-qoklea"><div class="css-12dchmx"></div><div data-testid="price-product-tile" class="css-8atqhb"><p class="chakra-text css-0"><span class="chakra-text css-pwnbcb" data-testid="regular-price"><span class="css-idkz9h">$5.29</span>$5.29</span></p></div><a href="/green-tea/p/21107145_EA?source=nspt" class="chakra-linkbox__overlay css-1hnz6hu"><div class="css-0"><p class="chakra-text css-1ecdp9w" data-testid="product-brand">President's Choice</p><h3 class="chakra-heading css-6qrhwc" id="21107145_EA" data-testid="product-title">Green Tea</h3><p class="chakra-text css-1yftjin" data-testid="product-package-size">48 ea, $11.02/100ea</p></div></a><div class="css-8keand"></div></div><div class="css-1q5omjq"><div class="css-fcebb8"><div data-testid="atc-compact" class="css-y94ivq" style="width: 45px;"><button type="button" class="chakra-button css-mudsm6" data-testid="atc-button"><svg stroke="currentColor" fill="currentColor" stroke-width="0" viewBox="0 0 24 24" focusable="false" class="chakra-icon css-1g3sp7a" data-testid="btn-icon" aria-hidden="true" height="1em" width="1em" xmlns="http://www.w3.org/2000/svg"><path d="M19 13h-6v6h-2v-6H5v-2h6V5h2v6h6v2z"></path></svg><span class="css-idkz9h">Add Green Tea to cart</span></button></div></div></div></div></div></div><div class="css-0"><div class="css-f5i5wc"><div class="chakra-linkbox css-vhnn8v"><div data-testid="product-image" class="css-16dr4ly"><img alt="Brooke Bond Red Label Black Tea 900 g, $1.61/100g" src="https://assets.shop.loblaws.ca/products/21017684/b3/en/front/21017684_front_a06_@2.png" srcset="https://assets.shop.loblaws.ca/products/21017684/b3/en/front/21017684_front_a06_@2.png 1x, https://assets.shop.loblaws.ca/products/21017684/b3/en/front/21017684_front_a06_@2.png 2x" loading="lazy" class="chakra-image css-oguq8l" aria-hidden="true"></div><div class="css-qoklea"><div class="css-12dchmx"></div><div data-testid="price-product-tile" class="css-8atqhb"><p class="chakra-text css-0"><span class="chakra-text css-pwnbcb" data-testid="regular-price"><span class="css-idkz9h">$14.49</span>$14.49</span></p></div><a href="/red-label-black-tea/p/21017684_EA?source=nspt" class="chakra-linkbox__overlay css-1hnz6hu"><div class="css-0"><p class="chakra-text css-1ecdp9w" data-testid="product-brand">Brooke Bond</p><h3 class="chakra-heading css-6qrhwc" id="21017684_EA" data-testid="product-title">Red Label Black Tea</h3><p class="chakra-text css-1yftjin" data-testid="product-package-size">900 g, $1.61/100g</p></div></a><div class="css-8keand"></div></div><div class="css-1q5omjq"><div class="css-fcebb8"><div data-testid="atc-compact" class="css-y94ivq" style="width: 45px;"><button type="button" class="chakra-button css-mudsm6" data-testid="atc-button"><svg stroke="currentColor" fill="currentColor" stroke-width="0" viewBox="0 0 24 24" focusable="false" class="chakra-icon css-1g3sp7a" data-testid="btn-icon" aria-hidden="true" height="1em" width="1em" xmlns="http://www.w3.org/2000/svg"><path d="M19 13h-6v6h-2v-6H5v-2h6V5h2v6h6v2z"></path></svg><span class="css-idkz9h">Add Red Label Black Tea to cart</span></button></div></div></div></div></div></div><div class="css-0"><div class="css-f5i5wc"><div class="chakra-linkbox css-vhnn8v"><div data-testid="product-image" class="css-16dr4ly"><img alt="HAO TEA China Green Tea 200 g, $2.00/100g" src="https://assets.shop.loblaws.ca/products/20361458001/b3/en/front/20361458001_front_a06_@2.png" srcset="https://assets.shop.loblaws.ca/products/20361458001/b3/en/front/20361458001_front_a06_@2.png 1x, https://assets.shop.loblaws.ca/products/20361458001/b3/en/front/20361458001_front_a06_@2.png 2x" loading="lazy" class="chakra-image css-oguq8l" aria-hidden="true"></div><div class="css-qoklea"><div class="css-12dchmx"></div><div data-testid="price-product-tile" class="css-8atqhb"><p class="chakra-text css-0"><span class="chakra-text css-o93gbd" data-testid="sale-price"><span class="css-idkz9h">$3.99</span>$3.99</span><span class="chakra-text css-623q5h" data-testid="was-price"><span class="css-idkz9h">$4.49</span>$4.49</span></p><p class="chakra-text css-1m5a6y8" data-testid="price-descriptor">SAVE $0.50</p></div><a href="/china-green-tea/p/20361458001_EA?source=nspt" class="chakra-linkbox__overlay css-1hnz6hu"><div class="css-0"><p class="chakra-text css-1ecdp9w" data-testid="product-brand">HAO TEA</p><h3 class="chakra-heading css-6qrhwc" id="20361458001_EA" data-testid="product-title">China Green Tea</h3><p class="chakra-text css-1yftjin" data-testid="product-package-size">200 g, $2.00/100g</p></div></a><div class="css-8keand"></div></div><div class="css-1q5omjq"><div class="css-fcebb8"><div data-testid="atc-compact" class="css-y94ivq" style="width: 45px;"><button type="button" class="chakra-button css-mudsm6" data-testid="atc-button"><svg stroke="currentColor" fill="currentColor" stroke-width="0" viewBox="0 0 24 24" focusable="false" class="chakra-icon css-1g3sp7a" data-testid="btn-icon" aria-hidden="true" height="1em" width="1em" xmlns="http://www.w3.org/2000/svg"><path d="M19 13h-6v6h-2v-6H5v-2h6V5h2v6h6v2z"></path></svg><span class="css-idkz9h">Add China Green Tea to cart</span></button></div></div></div></div></div></div></div>