[
    {
        "id": 1,
        "name": "Medium Roast Iced Coffee",
        "price": "1.42 l, $0.55/100ml",
        "brand": "Starbucks",
        "image_url": "https://assets.shop.loblaws.ca/products/21215530/b3/en/front/21215530_front_a06_@2.png",
        "image_alt": "Starbucks Medium Roast Iced Coffee 1.42 l, $0.55/100ml",
        "price_product_tile": "$7.79$7.79"
    },
    {
        "id": 2,
        "name": "Blonde Roast Iced Coffee",
        "price": "1.42 l, $0.55/100ml",
        "brand": "Starbucks",
        "image_url": "https://assets.shop.loblaws.ca/products/21215527/b3/en/front/21215527_front_a06_@2.png",
        "image_alt": "Starbucks Blonde Roast Iced Coffee 1.42 l, $0.55/100ml",
        "price_product_tile": "$7.79$7.79"
    },
    {
        "id": 3,
        "name": "Zero Iced Tea, Lemon",
        "price": "12x341.0 ml, $0.18/100ml",
        "brand": "Nestea",
        "image_url": "https://assets.shop.loblaws.ca/products/20320646002/b3/en/front/20320646002_front_a06_@2.png",
        "image_alt": "Nestea Zero Iced Tea, Lemon    12x341.0 ml, $0.18/100ml",
        "price_product_tile": "$7.49$7.49"
    },
    {
        "id": 4,
        "name": "Lemon Tea, Cartons 10 Pack",
        "price": "10x200.0 ml, $0.20/100ml",
        "brand": "Nestea",
        "image_url": "https://assets.shop.loblaws.ca/products/20276002/b3/en/front/20276002_front_a06_@2.png",
        "image_alt": "Nestea Lemon Tea, Cartons 10 Pack 10x200.0 ml, $0.20/100ml",
        "price_product_tile": "$3.99$3.99"
    },
    {
        "id": 5,
        "name": "Lemon Iced Tea",
        "price": "1.75 l, $0.25/100ml",
        "brand": "Pure Leaf",
        "image_url": "https://assets.shop.loblaws.ca/products/20755752002/b3/en/front/20755752002_front_a06_@2.png",
        "image_alt": "Pure Leaf Lemon Iced Tea 1.75 l, $0.25/100ml",
        "price_product_tile": "$4.29$4.29"
    },
    {
        "id": 6,
        "name": "Diet Lemon Iced Tea",
        "price": "12x355.0 ml, $0.13/100ml",
        "brand": "President's Choice",
        "image_url": "https://assets.shop.loblaws.ca/products/20059359002/b3/en/front/20059359002_front_a06_@2.png",
        "image_alt": "President's Choice Diet Lemon Iced Tea  12x355.0 ml, $0.13/100ml",
        "price_product_tile": "$5.49$5.49"
    },
    {
        "id": 7,
        "name": "Lemon Iced Tea Naturally Flavoured",
        "price": "12x355.0 ml, $0.13/100ml",
        "brand": "President's Choice",
        "image_url": "https://assets.shop.loblaws.ca/products/20324399/b3/en/front/20324399_front_a06_@2.png",
        "image_alt": "President's Choice Lemon Iced Tea Naturally Flavoured 12x355.0 ml, $0.13/100ml",
        "price_product_tile": "$5.49$5.49"
    },
    {
        "id": 8,
        "name": "Razzleberry Tea, Can",
        "price": "695 ml, $0.20/100ml",
        "brand": "Peace Tea",
        "image_url": "https://assets.shop.loblaws.ca/products/21082228/b3/en/front/21082228_front_a06_@2.png",
        "image_alt": "Peace Tea Razzleberry Tea, Can 695 ml, $0.20/100ml",
        "price_product_tile": "$1.39$1.39"
    },
    {
        "id": 9,
        "name": "Peach Party Tea, Can",
        "price": "695 ml, $0.20/100ml",
        "brand": "Peace Tea",
        "image_url": "https://assets.shop.loblaws.ca/products/21080320/b3/en/front/21080320_front_a06_@2.png",
        "image_alt": "Peace Tea Peach Party Tea, Can 695 ml, $0.20/100ml",
        "price_product_tile": "$1.39$1.39"
    },
    {
        "id": 10,
        "name": "Lemonade",
        "price": "2.63 l, $0.26/100ml",
        "brand": "Simply",
        "image_url": "https://assets.shop.loblaws.ca/products/21592203/b3/en/front/21592203_front_a06_@2.png",
        "image_alt": "Simply Lemonade 2.63 l, $0.26/100ml",
        "price_product_tile": "$6.79$6.79"
    },
    {
        "id": 11,
        "name": "Strawberry Lemon Tea",
        "price": "695 ml, $0.20/100ml",
        "brand": "Peace Tea",
        "image_url": "https://assets.shop.loblaws.ca/products/21367721/b3/en/front/21367721_front_a06_@2.png",
        "image_alt": "Peace Tea Strawberry Lemon Tea 695 ml, $0.20/100ml",
        "price_product_tile": "$1.39$1.39"
    },
    {
        "id": 12,
        "name": "Lemon Iced Tea",
        "price": "710 ml, $0.15/100ml",
        "brand": "Brisk",
        "image_url": "https://assets.shop.loblaws.ca/products/21082610/b3/en/front/21082610_front_a06_@2.png",
        "image_alt": "Brisk Lemon Iced Tea 710 ml, $0.15/100ml",
        "price_product_tile": "$1.09$1.09"
    },
    {
        "id": 13,
        "name": "Lemonade with Raspberry",
        "price": "2.63 l, $0.26/100ml",
        "brand": "Simply",
        "image_url": "https://assets.shop.loblaws.ca/products/21592098/b3/en/front/21592098_front_a06_@2.png",
        "image_alt": "Simply Lemonade with Raspberry 2.63 l, $0.26/100ml",
        "price_product_tile": "$6.79$6.79"
    },
    {
        "id": 14,
        "name": "Sno-Berry",
        "price": "695 ml, $0.20/100ml",
        "brand": "Peace Tea",
        "image_url": "https://assets.shop.loblaws.ca/products/21162339/b3/en/front/21162339_front_a06_@2.png",
        "image_alt": "Peace Tea Sno-Berry 695 ml, $0.20/100ml",
        "price_product_tile": "$1.39$1.39"
    },
    {
        "id": 15,
        "name": "Caddy Shack Tea, Can",
        "price": "695 ml, $0.20/100ml",
        "brand": "Peace Tea",
        "image_url": "https://assets.shop.loblaws.ca/products/21082235/b3/en/front/21082235_front_a06_@2.png",
        "image_alt": "Peace Tea Caddy Shack Tea, Can 695 ml, $0.20/100ml",
        "price_product_tile": "$1.39$1.39"
    },
    {
        "id": 16,
        "name": "Yogurt-Flavored Drink",
        "price": "4x400.0 ml, $0.57/100ml",
        "brand": "Wahaha",
        "image_url": "https://assets.shop.loblaws.ca/products/21091972/b3/en/front/21091972_front_a06_@2.png",
        "image_alt": "Wahaha Yogurt-Flavored Drink 4x400.0 ml, $0.57/100ml",
        "price_product_tile": "$2.29$2.29"
    },
    {
        "id": 17,
        "name": "Zero Lemon Iced Tea",
        "price": "710 ml, $0.15/100ml",
        "brand": "Brisk",
        "image_url": "https://assets.shop.loblaws.ca/products/21426848/b3/en/front/21426848_front_a06_@2.png",
        "image_alt": "Brisk Zero Lemon Iced Tea 710 ml, $0.15/100ml",
        "price_product_tile": "$1.09$1.09"
    },
    {
        "id": 18,
        "name": "Raspberry Iced Tea",
        "price": "1.75 l, $0.25/100ml",
        "brand": "Pure Leaf",
        "image_url": "https://assets.shop.loblaws.ca/products/20755752001/b3/en/front/20755752001_front_a06_@2.png",
        "image_alt": "Pure Leaf Raspberry Iced Tea 1.75 l, $0.25/100ml",
        "price_product_tile": "$4.29$4.29"
    },
    {
        "id": 19,
        "name": "Zero Sugar Lemon",
        "price": "12x355.0 ml, $0.16/100ml",
        "brand": "Brisk",
        "image_url": "https://assets.shop.loblaws.ca/products/21587238/b3/en/front/21587238_front_a06_@2.png",
        "image_alt": "Brisk Zero Sugar Lemon 12x355.0 ml, $0.16/100ml",
        "price_product_tile": "$6.99$6.99"
    },
    {
        "id": 20,
        "name": "Gold Peak Iced Tea (Natural Lemon Flavour)",
        "price": "1.75 l, $0.26/100ml",
        "brand": "Minute Maid",
        "image_url": "https://assets.shop.loblaws.ca/products/21013891/b3/en/front/21013891_front_a06_@2.png",
        "image_alt": "Minute Maid Gold Peak Iced Tea (Natural Lemon Flavour) 1.75 l, $0.26/100ml",
        "price_product_tile": "$4.49$4.49"
    },
    {
        "id": 21,
        "name": "Lemonade",
        "price": "12x355.0 ml, $0.13/100ml",
        "brand": "President's Choice",
        "image_url": "https://assets.shop.loblaws.ca/products/20059359003/b3/en/front/20059359003_front_a06_@2.png",
        "image_alt": "President's Choice Lemonade 12x355.0 ml, $0.13/100ml",
        "price_product_tile": "$5.49$5.49"
    },
    {
        "id": 22,
        "name": "Iced Tea Natural Lemon Flavour",
        "price": "500 ml, $0.50/100ml",
        "brand": "Nestea",
        "image_url": "https://assets.shop.loblaws.ca/products/20376368002/b3/en/front/20376368002_front_a06_@2.png",
        "image_alt": "Nestea Iced Tea Natural Lemon Flavour   500 ml, $0.50/100ml",
        "price_product_tile": "$2.50$2.50"
    },
    {
        "id": 23,
        "name": "Iced Tea Blood Orange",
        "price": "710 ml, $0.15/100ml",
        "brand": "Brisk",
        "image_url": "https://assets.shop.loblaws.ca/products/21586813/b3/en/front/21586813_front_a06_@2.png",
        "image_alt": "Brisk Iced Tea Blood Orange 710 ml, $0.15/100ml",
        "price_product_tile": "$1.09$1.09"
    },
    {
        "id": 24,
        "name": "Iced Tea",
        "price": "1.75 l, $0.13/100ml",
        "brand": "No Name",
        "image_url": "https://assets.shop.loblaws.ca/products/20860677/b3/en/front/20860677_front_a06_@2.png",
        "image_alt": "No Name Iced Tea 1.75 l, $0.13/100ml",
        "price_product_tile": "$2.29$2.29"
    },
    {
        "id": 25,
        "name": "Mango Mood",
        "price": "695 ml, $0.20/100ml",
        "brand": "Peace Tea",
        "image_url": "https://assets.shop.loblaws.ca/products/21162338/b3/en/front/21162338_front_a06_@2.png",
        "image_alt": "Peace Tea Mango Mood 695 ml, $0.20/100ml",
        "price_product_tile": "$1.39$1.39"
    },
    {
        "id": 26,
        "name": "Blackberry Iced Tea",
        "price": "710 ml, $0.15/100ml",
        "brand": "Brisk",
        "image_url": "https://assets.shop.loblaws.ca/products/21360854/b3/en/front/21360854_front_a06_@2.png",
        "image_alt": "Brisk Blackberry Iced Tea 710 ml, $0.15/100ml",
        "price_product_tile": "$1.09$1.09"
    },
    {
        "id": 27,
        "name": "Peach Tea, Cherry",
        "price": "695 ml, $0.20/100ml",
        "brand": "Peace Tea",
        "image_url": "https://assets.shop.loblaws.ca/products/21189237/b3/en/front/21189237_front_a06_@2.png",
        "image_alt": "Peace Tea Peach Tea, Cherry 695 ml, $0.20/100ml",
        "price_product_tile": "$1.39$1.39"
    },
    {
        "id": 28,
        "name": "Strawberry Iced Tea",
        "price": "710 ml, $0.15/100ml",
        "brand": "Brisk",
        "image_url": "https://assets.shop.loblaws.ca/products/21523800/b3/en/front/21523800_front_a06_@2.png",
        "image_alt": "Brisk Strawberry Iced Tea 710 ml, $0.15/100ml",
        "price_product_tile": "$1.09$1.09"
    },
    {
        "id": 29,
        "name": "Iced Tea, Lemon",
        "price": "12x341.0 ml, $0.18/100ml",
        "brand": "Nestea",
        "image_url": "https://assets.shop.loblaws.ca/products/20130460002/b3/en/front/20130460002_front_a06_@2.png",
        "image_alt": "Nestea Iced Tea, Lemon  12x341.0 ml, $0.18/100ml",
        "price_product_tile": "$7.49$7.49"
    },
    {
        "id": 30,
        "name": "Iced Coffee, Cappuccino",
        "price": "240 ml, $0.54/100ml",
        "brand": "Mr Brown",
        "image_url": "https://assets.shop.loblaws.ca/products/20310359002/b3/en/front/20310359002_front_a06_@2.png",
        "image_alt": "Mr Brown Iced Coffee, Cappuccino 240 ml, $0.54/100ml",
        "price_product_tile": "$1.29$1.29"
    },
    {
        "id": 31,
        "name": "Peach Iced Tea",
        "price": "710 ml, $0.15/100ml",
        "brand": "Brisk",
        "image_url": "https://assets.shop.loblaws.ca/products/21229621/b3/en/front/21229621_front_a06_@2.png",
        "image_alt": "Brisk Peach Iced Tea 710 ml, $0.15/100ml",
        "price_product_tile": "$1.09$1.09"
    },
    {
        "id": 32,
        "name": "Raspberry Can",
        "price": "12x341.0 ml, $0.18/100ml",
        "brand": "Nestea",
        "image_url": "https://assets.shop.loblaws.ca/products/21438904/b3/en/front/21438904_front_a06_@2.png",
        "image_alt": "Nestea Raspberry Can 12x341.0 ml, $0.18/100ml",
        "price_product_tile": "$7.49$7.49"
    },
    {
        "id": 33,
        "name": "Rasberry Tea, Carafe",
        "price": "1.75 l, $0.26/100ml",
        "brand": "Gold Peak",
        "image_url": "https://assets.shop.loblaws.ca/products/21013895/b3/en/front/21013895_front_a06_@2.png",
        "image_alt": "Gold Peak Rasberry Tea, Carafe 1.75 l, $0.26/100ml",
        "price_product_tile": "$4.49$4.49"
    },
    {
        "id": 34,
        "name": "Cucumber Mint Flavour Green Tea",
        "price": "1.54 l, $0.26/100ml",
        "brand": "President's Choice",
        "image_url": "https://assets.shop.loblaws.ca/products/21430567/b3/en/front/21430567_front_a06_@2.png",
        "image_alt": "President's Choice Cucumber Mint Flavour Green Tea 1.54 l, $0.26/100ml",
        "price_product_tile": "$3.99$3.99"
    },
    {
        "id": 35,
        "name": "Iced Coffee, Blue Mountain",
        "price": "240 ml, $0.54/100ml",
        "brand": "Mr Brown",
        "image_url": "https://assets.shop.loblaws.ca/products/20310359003/b3/en/front/20310359003_front_a06_@2.png",
        "image_alt": "Mr Brown Iced Coffee, Blue Mountain 240 ml, $0.54/100ml",
        "price_product_tile": "$1.29$1.29"
    },
    {
        "id": 36,
        "name": "Iced Coffee, Regular",
        "price": "240 ml, $0.54/100ml",
        "brand": "Mr Brown",
        "image_url": "https://assets.shop.loblaws.ca/products/20310359001/b3/en/front/20310359001_front_a06_@2.png",
        "image_alt": "Mr Brown Iced Coffee, Regular 240 ml, $0.54/100ml",
        "price_product_tile": "$1.29$1.29"
    },
    {
        "id": 37,
        "name": "Greenest of All Teas Tea, Can",
        "price": "695 ml, $0.20/100ml",
        "brand": "Peace Tea",
        "image_url": "https://assets.shop.loblaws.ca/products/21082239/b3/en/front/21082239_front_a06_@2.png",
        "image_alt": "Peace Tea Greenest of All Teas Tea, Can 695 ml, $0.20/100ml",
        "price_product_tile": "$1.39$1.39"
    },
    {
        "id": 38,
        "name": "Iced Tea, Lemon",
        "price": "2.63 l, $0.26/100ml",
        "brand": "Gold Peak",
        "image_url": "https://assets.shop.loblaws.ca/products/21592193/b3/en/front/21592193_front_a06_@2.png",
        "image_alt": "Gold Peak Iced Tea, Lemon 2.63 l, $0.26/100ml",
        "price_product_tile": "$6.79$6.79"
    },
    {
        "id": 39,
        "name": "Lavender Flavour White Tea",
        "price": "1.54 l, $0.26/100ml",
        "brand": "President's Choice",
        "image_url": "https://assets.shop.loblaws.ca/products/21430637/b3/en/front/21430637_front_a06_@2.png",
        "image_alt": "President's Choice Lavender Flavour White Tea 1.54 l, $0.26/100ml",
        "price_product_tile": "$3.99$3.99"
    },
    {
        "id": 40,
        "name": "Dark Roast Black Cold Brew Coffee",
        "price": "900 ml, $0.50/100ml",
        "brand": "President's Choice",
        "image_url": "https://assets.shop.loblaws.ca/products/21022542/b3/en/front/21022542_front_a06_@2.png",
        "image_alt": "President's Choice Dark Roast Black Cold Brew Coffee 900 ml, $0.50/100ml",
        "price_product_tile": "$4.49$4.49"
    },
    {
        "id": 41,
        "name": "Teabags Sifted Camomile Flowers",
        "price": "20x36.0 g, $0.69/100g",
        "brand": "Bertolini",
        "image_url": "https://assets.shop.loblaws.ca/products/20098108/b3/en/front/20098108_front_a06_@2.png",
        "image_alt": "Bertolini Teabags Sifted Camomile Flowers 20x36.0 g, $0.69/100g",
        "price_product_tile": "$4.99$4.99"
    },
    {
        "id": 42,
        "name": "Taj Mahal Loose Leaf Black Tea",
        "price": "450 g, $2.20/100g",
        "brand": "Brooke Bond",
        "image_url": "https://assets.shop.loblaws.ca/products/21555578/b3/en/front/21555578_front_a06_@2.png",
        "image_alt": "Brooke Bond Taj Mahal Loose Leaf Black Tea 450 g, $2.20/100g",
        "price_product_tile": "$9.89$9.89"
    },
    {
        "id": 43,
        "name": "Instant Ginger Latte With Honey",
        "price": "250 g, $1.80/100g",
        "brand": "Gold Kili",
        "image_url": "https://assets.shop.loblaws.ca/products/21428010/b3/en/front/21428010_front_a06_@2.png",
        "image_alt": "Gold Kili Instant Ginger Latte With Honey 250 g, $1.80/100g",
        "price_product_tile": "$4.49$4.49"
    },
    {
        "id": 44,
        "name": "Yellow Label Loose Tea",
        "price": "900 g, $1.78/100g",
        "brand": "Lipton",
        "image_url": "https://assets.shop.loblaws.ca/products/21553689/b3/en/front/21553689_front_a06_@2.png",
        "image_alt": "Lipton Yellow Label Loose Tea 900 g, $1.78/100g",
        "price_product_tile": "$15.99$15.99"
    },
    {
        "id": 45,
        "name": "Hot Chocolate Mix",
        "price": "1.8 kg, $0.81/100g",
        "brand": "No Name",
        "image_url": "https://assets.shop.loblaws.ca/products/20005589/b3/en/front/20005589_front_a06_@2.png",
        "image_alt": "No Name Hot Chocolate Mix  1.8 kg, $0.81/100g",
        "price_product_tile": "$14.49$14.49"
    },
    {
        "id": 46,
        "name": "Orange Pekoe Premium Black Tea Club Size",
        "price": "216 ea, $0.03/1ea",
        "brand": "President's Choice",
        "image_url": "https://assets.shop.loblaws.ca/products/20030717/b3/en/front/20030717_front_a06_@2.png",
        "image_alt": "President's Choice Orange Pekoe Premium Black Tea Club Size 216 ea, $0.03/1ea",
        "price_product_tile": "$6.97$6.97"
    },
    {
        "id": 47,
        "name": "Ginger Chai Black Tea With Real Ginger",
        "price": "182 g, $3.29/100g",
        "brand": "Tea India",
        "image_url": "https://assets.shop.loblaws.ca/products/21379419/b3/en/front/21379419_front_a06_@2.png",
        "image_alt": "Tea India Ginger Chai Black Tea With Real Ginger  182 g, $3.29/100g",
        "price_product_tile": "$5.99$5.99"
    },
    {
        "id": 48,
        "name": "50ct Pure Camomile",
        "price": "50 ea, $0.14/1ea",
        "brand": "Twinings",
        "image_url": "https://assets.shop.loblaws.ca/products/21111073/b3/en/front/21111073_front_a06_@2.png",
        "image_alt": "Twinings 50ct Pure Camomile 50 ea, $0.14/1ea",
        "price_product_tile": "$6.99$6.99"
    },
    {
        "id": 49,
        "name": "50ct Pure Camomile",
        "price": "50 ea, $0.14/1ea",
        "brand": "Twinings",
        "image_url": "https://assets.shop.loblaws.ca/products/21111073/b3/en/front/21111073_front_a06_@2.png",
        "image_alt": "Twinings 50ct Pure Camomile 50 ea, $0.14/1ea",
        "price_product_tile": "$6.99$6.99"
    },
    {
        "id": 50,
        "name": "20ct Honeybush Mandarin Orange",
        "price": "20 ea, $0.27/1ea",
        "brand": "Twinings",
        "image_url": "https://assets.shop.loblaws.ca/products/20584048/b3/en/front/20584048_front_a06_@2.png",
        "image_alt": "Twinings 20ct Honeybush Mandarin Orange 20 ea, $0.27/1ea",
        "price_product_tile": "$5.49$5.49"
    },
    {
        "id": 51,
        "name": "Orange Pekoe Premium Black Tea Club Size",
        "price": "216 ea, $0.03/1ea",
        "brand": "President's Choice",
        "image_url": "https://assets.shop.loblaws.ca/products/20030717/b3/en/front/20030717_front_a06_@2.png",
        "image_alt": "President's Choice Orange Pekoe Premium Black Tea Club Size 216 ea, $0.03/1ea",
        "price_product_tile": "$6.97$6.97"
    },
    {
        "id": 52,
        "name": "Ginger Chai Black Tea With Real Ginger",
        "price": "182 g, $3.29/100g",
        "brand": "Tea India",
        "image_url": "https://assets.shop.loblaws.ca/products/21379419/b3/en/front/21379419_front_a06_@2.png",
        "image_alt": "Tea India Ginger Chai Black Tea With Real Ginger  182 g, $3.29/100g",
        "price_product_tile": "$5.99$5.99"
    },
    {
        "id": 53,
        "name": "Chai Tea Latte Mix, Ginger",
        "price": "224 g, $2.67/100g",
        "brand": "Tea India",
        "image_url": "https://assets.shop.loblaws.ca/products/20849288/b3/en/front/20849288_front_a06_@2.png",
        "image_alt": "Tea India Chai Tea Latte Mix, Ginger 224 g, $2.67/100g",
        "price_product_tile": "$5.99$5.99"
    },
    {
        "id": 54,
        "name": "Herbal Tea Goodnight Blend",
        "price": "50 ea, $0.14/1ea",
        "brand": "Twinings",
        "image_url": "https://assets.shop.loblaws.ca/products/21427851/b3/en/front/21427851_front_a06_@2.png",
        "image_alt": "Twinings Herbal Tea Goodnight Blend 50 ea, $0.14/1ea",
        "price_product_tile": "$6.99$6.99"
    },
    {
        "id": 55,
        "name": "20ct Earl Grey Decaf",
        "price": "20 ea, $0.27/1ea",
        "brand": "Twinings",
        "image_url": "https://assets.shop.loblaws.ca/products/20300532/b3/en/front/20300532_front_a06_@2.png",
        "image_alt": "Twinings 20ct Earl Grey Decaf 20 ea, $0.27/1ea",
        "price_product_tile": "$5.49$5.49"
    },
    {
        "id": 56,
        "name": "Superblends Flavoured Herbal Tea Orange & Star Anise",
        "price": "18 ea, $0.38/1ea",
        "brand": "Twinings",
        "image_url": "https://assets.shop.loblaws.ca/products/21427825/b3/en/front/21427825_front_a06_@2.png",
        "image_alt": "Twinings Superblends Flavoured Herbal Tea Orange & Star Anise 18 ea, $0.38/1ea",
        "price_product_tile": "$6.79$6.79"
    },
    {
        "id": 57,
        "name": "Rich And Creamy Hot Chocolate, Large Canister",
        "price": "1.7 kg, $1.29/100g",
        "brand": "Carnation",
        "image_url": "https://assets.shop.loblaws.ca/products/21123226/b3/en/front/21123226_front_a06_@2.png",
        "image_alt": "Carnation Rich And Creamy Hot Chocolate, Large Canister 1.7 kg, $1.29/100g",
        "price_product_tile": "$21.99$21.99"
    },
    {
        "id": 58,
        "name": "Marshmallow Hot Chocolate Canister",
        "price": "450 g, $1.44/100g",
        "brand": "Carnation",
        "image_url": "https://assets.shop.loblaws.ca/products/21398805/b3/en/front/21398805_front_a06_@2.png",
        "image_alt": "Carnation Marshmallow Hot Chocolate Canister 450 g, $1.44/100g",
        "price_product_tile": "$6.49$6.49"
    },
    {
        "id": 59,
        "name": "Loose Black Tea",
        "price": "450 g, $2.00/100g",
        "brand": "Tata",
        "image_url": "https://assets.shop.loblaws.ca/products/21407294/b3/en/front/21407294_front_a06_@2.png",
        "image_alt": "Tata Loose Black Tea  450 g, $2.00/100g",
        "price_product_tile": "$8.99$8.99"
    },
    {
        "id": 60,
        "name": "Hot Chocolate Mix, Cookies and Creme - 7 sachets",
        "price": "175 g, $3.02/100g",
        "brand": "Carnation",
        "image_url": "https://assets.shop.loblaws.ca/products/21474100/b3/en/front/21474100_front_a06_@2.png",
        "image_alt": "Carnation Hot Chocolate Mix, Cookies and Creme - 7 sachets 175 g, $3.02/100g",
        "price_product_tile": "$5.29$5.29"
    },
    {
        "id": 61,
        "name": "Super Herbal Tea Sunshine Lemon & Orange With Vitamin D",
        "price": "20 ea, $0.15/1ea",
        "brand": "Tetley",
        "image_url": "https://assets.shop.loblaws.ca/products/21311686/b3/en/front/21311686_front_a06_@2.png",
        "image_alt": "Tetley Super Herbal Tea Sunshine Lemon & Orange With Vitamin D 20 ea, $0.15/1ea",
        "price_product_tile": "$2.99$2.99$4.99$4.99SAVE $2.00"
    },
    {
        "id": 62,
        "name": "Super Herbal Tea Immune+ Peppermint & Ginger With Zinc And Vitamin D",
        "price": "20 ea, $0.15/1ea",
        "brand": "Tetley",
        "image_url": "https://assets.shop.loblaws.ca/products/21311676/b3/en/front/21311676_front_a06_@2.png",
        "image_alt": "Tetley Super Herbal Tea Immune+ Peppermint & Ginger With Zinc And Vitamin D 20 ea, $0.15/1ea",
        "price_product_tile": "$2.99$2.99$4.99$4.99SAVE $2.00"
    },
    {
        "id": 63,
        "name": "Rooibos Red Tea",
        "price": "20 ea, $0.15/1ea",
        "brand": "President's Choice",
        "image_url": "https://assets.shop.loblaws.ca/products/20301067/b3/en/front/20301067_front_a06_@2.png",
        "image_alt": "President's Choice Rooibos Red Tea 20 ea, $0.15/1ea",
        "price_product_tile": "$2.99$2.99"
    },
    {
        "id": 64,
        "name": "Yellow Label Black Tea",
        "price": "200 g, $4.75/100g",
        "brand": "Lipton",
        "image_url": "https://assets.shop.loblaws.ca/products/21593357/b3/en/front/21593357_front_a06_@2.png",
        "image_alt": "Lipton Yellow Label Black Tea 200 g, $4.75/100g",
        "price_product_tile": "$9.49$9.49"
    },
    {
        "id": 65,
        "name": "Extra Strength",
        "price": "50 g, $11.98/100g",
        "brand": "Nature",
        "image_url": "https://assets.shop.loblaws.ca/products/20114893/b3/en/front/20114893_front_a06_@2.png",
        "image_alt": "Nature Extra Strength 50 g, $11.98/100g",
        "price_product_tile": "$5.99$5.99"
    },
    {
        "id": 66,
        "name": "Decaffeinated Orange Pekoe Premium Black Tea",
        "price": "48 ea, $0.11/1ea",
        "brand": "President's Choice",
        "image_url": "https://assets.shop.loblaws.ca/products/21403481/b3/en/front/21403481_front_a06_@2.png",
        "image_alt": "President's Choice Decaffeinated Orange Pekoe Premium Black Tea 48 ea, $0.11/1ea",
        "price_product_tile": "$5.29$5.29"
    },
    {
        "id": 67,
        "name": "Iced Tea Powdered Drink Mix Pitcher Packs",
        "price": "30.9 g, $9.71/100g",
        "brand": "Crystal Light",
        "image_url": "https://assets.shop.loblaws.ca/products/20306020/b3/en/front/20306020_front_a06_@2.png",
        "image_alt": "Crystal Light Iced Tea Powdered Drink Mix Pitcher Packs 30.9 g, $9.71/100g",
        "price_product_tile": "$3.00$3.00"
    },
    {
        "id": 68,
        "name": "Super Herbal Tea-Boost Peach Ginger Dan with Vitamin B6",
        "price": "40 g, $0.15/1ea",
        "brand": "Tetley",
        "image_url": "https://assets.shop.loblaws.ca/products/21194365/b3/en/front/21194365_front_a06_@2.png",
        "image_alt": "Tetley Super Herbal Tea-Boost Peach Ginger Dan with Vitamin B6 40 g, $0.15/1ea",
        "price_product_tile": "$2.99$2.99$4.99$4.99SAVE $2.00"
    },
    {
        "id": 69,
        "name": "Herbal Tea Live Calm Camomile Spearmint Orange",
        "price": "30 g, $9.97/100g",
        "brand": "Tetley",
        "image_url": "https://assets.shop.loblaws.ca/products/21480614/b3/en/front/21480614_front_a06_@2.png",
        "image_alt": "Tetley Herbal Tea Live Calm Camomile Spearmint Orange 30 g, $9.97/100g",
        "price_product_tile": "$2.99$2.99$4.49$4.49SAVE $1.50"
    },
    {
        "id": 70,
        "name": "Taj Mahal Black Tea, Loose",
        "price": "900 g, $1.44/100g",
        "brand": "Brooke Bond",
        "image_url": "https://assets.shop.loblaws.ca/products/21016924/b3/en/front/21016924_front_a06_@2.png",
        "image_alt": "Brooke Bond Taj Mahal Black Tea, Loose 900 g, $1.44/100g",
        "price_product_tile": "$12.99$12.99"
    },
    {
        "id": 71,
        "name": "Carnation Hot Chocolate Mix Turtles",
        "price": "400 g, $1.62/100g",
        "brand": "Nestl\u00e9",
        "image_url": "https://assets.shop.loblaws.ca/products/21549711/b3/en/front/21549711_front_a06_@2.png",
        "image_alt": "Nestl\u00e9 Carnation Hot Chocolate Mix Turtles 400 g, $1.62/100g",
        "price_product_tile": "$6.49$6.49"
    },
    {
        "id": 72,
        "name": "2-Cup Black Tea Bags",
        "price": "100 ea, $0.03/1ea",
        "brand": "No Name",
        "image_url": "https://assets.shop.loblaws.ca/products/20160518/b3/en/front/20160518_front_a06_@2.png",
        "image_alt": "No Name 2-Cup Black Tea Bags 100 ea, $0.03/1ea",
        "price_product_tile": "$2.99$2.99"
    },
    {
        "id": 73,
        "name": "The Orange Pekoe",
        "price": "72 ea, $0.06/1ea",
        "brand": "Tetley",
        "image_url": "https://assets.shop.loblaws.ca/products/20304420/b3/en/front/20304420_front_a06_@2.png",
        "image_alt": "Tetley The Orange Pekoe 72 ea, $0.06/1ea",
        "price_product_tile": "$3.99$3.99$6.29$6.29SAVE $2.30"
    },
    {
        "id": 74,
        "name": "Super Green Tea Antiox Tropical With Vitamin C",
        "price": "20 ea, $0.15/1ea",
        "brand": "Tetley",
        "image_url": "https://assets.shop.loblaws.ca/products/21107154/b3/en/front/21107154_front_a06_@2.png",
        "image_alt": "Tetley Super Green Tea Antiox Tropical With Vitamin C 20 ea, $0.15/1ea",
        "price_product_tile": "$2.99$2.99$4.49$4.49SAVE $1.50"
    },
    {
        "id": 75,
        "name": "The corse orange pekoe - Corse",
        "price": "72 ea, $0.06/1ea",
        "brand": "Tetley",
        "image_url": "https://assets.shop.loblaws.ca/products/20711160/b3/en/front/20711160_front_a06_@2.png",
        "image_alt": "Tetley The corse orange pekoe - Corse  72 ea, $0.06/1ea",
        "price_product_tile": "$3.99$3.99$6.29$6.29SAVE $2.30"
    },
    {
        "id": 76,
        "name": "Green Tea",
        "price": "20 ea, $0.15/1ea",
        "brand": "President's Choice",
        "image_url": "https://assets.shop.loblaws.ca/products/20308417/b3/en/front/20308417_front_a06_@2.png",
        "image_alt": "President's Choice Green Tea 20 ea, $0.15/1ea",
        "price_product_tile": "$2.99$2.99"
    },
    {
        "id": 77,
        "name": "Green Tea The Vert Naturellement Decafeine",
        "price": "80 ea, $0.13/1ea",
        "brand": "Tetley",
        "image_url": "https://assets.shop.loblaws.ca/products/20719836/b3/en/front/20719836_front_a06_@2.png",
        "image_alt": "Tetley Green Tea The Vert Naturellement Decafeine    80 ea, $0.13/1ea",
        "price_product_tile": "$10.49$10.49"
    },
    {
        "id": 78,
        "name": "Green Tea",
        "price": "200 g, $4.75/100g",
        "brand": "Lipton",
        "image_url": "https://assets.shop.loblaws.ca/products/21593297/b3/en/front/21593297_front_a06_@2.png",
        "image_alt": "Lipton Green Tea 200 g, $4.75/100g",
        "price_product_tile": "$9.49$9.49"
    },
    {
        "id": 79,
        "name": "Earl Grey Specialty Tea",
        "price": "24 ea, $0.12/1ea",
        "brand": "Tetley",
        "image_url": "https://assets.shop.loblaws.ca/products/20795090002/b3/en/front/20795090002_front_a06_@2.png",
        "image_alt": "Tetley Earl Grey Specialty Tea    24 ea, $0.12/1ea",
        "price_product_tile": "$2.99$2.99$4.49$4.49SAVE $1.50"
    },
    {
        "id": 80,
        "name": "Dirty Chai Black Tea with Espresso Coffee",
        "price": "20 ea, $0.15/1ea",
        "brand": "President's Choice",
        "image_url": "https://assets.shop.loblaws.ca/products/21105267/b3/en/front/21105267_front_a06_@2.png",
        "image_alt": "President's Choice Dirty Chai Black Tea with Espresso Coffee 20 ea, $0.15/1ea",
        "price_product_tile": "$2.99$2.99"
    },
    {
        "id": 81,
        "name": "Yellow Label Loose Tea",
        "price": "450 g, $2.44/100g",
        "brand": "Lipton",
        "image_url": "https://assets.shop.loblaws.ca/products/21553517/b3/en/front/21553517_front_a06_@2.png",
        "image_alt": "Lipton Yellow Label Loose Tea 450 g, $2.44/100g",
        "price_product_tile": "$10.99$10.99"
    },
    {
        "id": 82,
        "name": "Tea, Earl Grey Tea",
        "price": "200 g, $3.50/100g",
        "brand": "Ahmad",
        "image_url": "https://assets.shop.loblaws.ca/products/20880370/b3/en/front/20880370_front_a06_@2.png",
        "image_alt": "Ahmad Tea, Earl Grey Tea 200 g, $3.50/100g",
        "price_product_tile": "$6.99$6.99"
    },
    {
        "id": 83,
        "name": "Matcha Latte Instant 10",
        "price": "250 g, $2.40/100g",
        "brand": "Gold Kili",
        "image_url": "https://assets.shop.loblaws.ca/products/21166724/b3/en/front/21166724_front_a06_@2.png",
        "image_alt": "Gold Kili Matcha Latte Instant 10 250 g, $2.40/100g",
        "price_product_tile": "$5.99$5.99"
    },
    {
        "id": 84,
        "name": "Herbal Tea Passion Hibiscus, Orange peel and Passion Fruit Flavours",
        "price": "1 ea, $5.99/1ea",
        "brand": "Tazo",
        "image_url": "https://assets.shop.loblaws.ca/products/21308031/b3/en/front/21308031_front_a06_@2.png",
        "image_alt": "Tazo Herbal Tea Passion Hibiscus, Orange peel and Passion Fruit Flavours 1 ea, $5.99/1ea",
        "price_product_tile": "$5.99$5.99"
    },
    {
        "id": 85,
        "name": "Organic Chai Te Bag",
        "price": "20 ea, $0.30/1ea",
        "brand": "Tazo",
        "image_url": "https://assets.shop.loblaws.ca/products/21308145/b3/en/front/21308145_front_a06_@2.png",
        "image_alt": "Tazo Organic Chai Te Bag  20 ea, $0.30/1ea",
        "price_product_tile": "$5.99$5.99"
    },
    {
        "id": 86,
        "name": "Peppermint Herbal Tea",
        "price": "36 g, $5.56/100g",
        "brand": "No Name",
        "image_url": "https://assets.shop.loblaws.ca/products/21376451/b3/en/front/21376451_front_a06_@2.png",
        "image_alt": "No Name Peppermint Herbal Tea 36 g, $5.56/100g",
        "price_product_tile": "$2.00$2.00"
    },
    {
        "id": 87,
        "name": "Orange Pekoe Premium Black Tea",
        "price": "72 ea, $0.07/1ea",
        "brand": "President's Choice",
        "image_url": "https://assets.shop.loblaws.ca/products/21404537/b3/en/front/21404537_front_a06_@2.png",
        "image_alt": "President's Choice Orange Pekoe Premium Black Tea 72 ea, $0.07/1ea",
        "price_product_tile": "$4.99$4.99"
    },
    {
        "id": 88,
        "name": "Hot Chocolate Mix",
        "price": "500 g, $0.90/100g",
        "brand": "No Name",
        "image_url": "https://assets.shop.loblaws.ca/products/20760278/b3/en/front/20760278_front_a06_@2.png",
        "image_alt": "No Name Hot Chocolate Mix 500 g, $0.90/100g",
        "price_product_tile": "$4.49$4.49"
    },
    {
        "id": 89,
        "name": "20ct Variety Pack",
        "price": "20 ea, $0.27/1ea",
        "brand": "Twinings",
        "image_url": "https://assets.shop.loblaws.ca/products/20312809/b3/en/front/20312809_front_a06_@2.png",
        "image_alt": "Twinings 20ct Variety Pack 20 ea, $0.27/1ea",
        "price_product_tile": "$5.49$5.49"
    },
    {
        "id": 90,
        "name": "Hot Chocolate 30 Capsules",
        "price": "450 g, $5.33/100g",
        "brand": "Carnation",
        "image_url": "https://assets.shop.loblaws.ca/products/21087023/b3/en/front/21087023_front_a06_@2.png",
        "image_alt": "Carnation Hot Chocolate 30 Capsules  450 g, $5.33/100g",
        "price_product_tile": "$23.99$23.99"
    },
    {
        "id": 91,
        "name": "Hot Apple Cider Mix, Original",
        "price": "230 g, $2.30/100g",
        "brand": "Lynch",
        "image_url": "https://assets.shop.loblaws.ca/products/20114239/b3/en/front/20114239_front_a06_@2.png",
        "image_alt": "Lynch Hot Apple Cider Mix, Original 230 g, $2.30/100g",
        "price_product_tile": "$5.29$5.29"
    },
    {
        "id": 92,
        "name": "Herbal Tea, Fruit Sampler",
        "price": "20 ea, $0.27/1ea",
        "brand": "Celestial Seasonings",
        "image_url": "https://assets.shop.loblaws.ca/products/20296925006/b3/en/front/20296925006_front_a06_@2.png",
        "image_alt": "Celestial Seasonings Herbal Tea, Fruit Sampler 20 ea, $0.27/1ea",
        "price_product_tile": "$5.49$5.49"
    },
    {
        "id": 93,
        "name": "Lemon tea",
        "price": "945 ml, $0.21/100ml",
        "brand": "Snapple",
        "image_url": "https://assets.shop.loblaws.ca/products/21522182/b3/en/front/21522182_front_a06_@2.png",
        "image_alt": "Snapple Lemon tea 945 ml, $0.21/100ml",
        "price_product_tile": "$1.99$1.99"
    },
    {
        "id": 94,
        "name": "Pure Green Specialty Tea",
        "price": "24 ea, $0.12/1ea",
        "brand": "Tetley",
        "image_url": "https://assets.shop.loblaws.ca/products/20712339/b3/en/front/20712339_front_a06_@2.png",
        "image_alt": "Tetley Pure Green Specialty Tea    24 ea, $0.12/1ea",
        "price_product_tile": "$2.99$2.99$4.49$4.49SAVE $1.50"
    },
    {
        "id": 95,
        "name": "Feeling Soothed Peppermint, Ginger & Fennel Herbal Tea",
        "price": "20 ea, $0.15/1ea",
        "brand": "President's Choice",
        "image_url": "https://assets.shop.loblaws.ca/products/20314997/b3/en/front/20314997_front_a06_@2.png",
        "image_alt": "President's Choice Feeling Soothed Peppermint, Ginger & Fennel Herbal Tea 20 ea, $0.15/1ea",
        "price_product_tile": "$2.99$2.99"
    },
    {
        "id": 96,
        "name": "Earl Grey Premium Flavoured Black Tea",
        "price": "48 ea, $0.11/1ea",
        "brand": "President's Choice",
        "image_url": "https://assets.shop.loblaws.ca/products/21403494/b3/en/front/21403494_front_a06_@2.png",
        "image_alt": "President's Choice Earl Grey Premium Flavoured Black Tea 48 ea, $0.11/1ea",
        "price_product_tile": "$5.29$5.29"
    },
    {
        "id": 97,
        "name": "Herbal Tea Peppermint Spearmint Caffeine Free",
        "price": "32 g, $9.34/100g",
        "brand": "Tetley",
        "image_url": "https://assets.shop.loblaws.ca/products/21480220/b3/en/front/21480220_front_a06_@2.png",
        "image_alt": "Tetley Herbal Tea Peppermint Spearmint Caffeine Free 32 g, $9.34/100g",
        "price_product_tile": "$2.99$2.99$4.49$4.49SAVE $1.50"
    },
    {
        "id": 98,
        "name": "The Vert Classique",
        "price": "80 ea, $0.13/1ea",
        "brand": "Tetley",
        "image_url": "https://assets.shop.loblaws.ca/products/20711164/b3/en/front/20711164_front_a06_@2.png",
        "image_alt": "Tetley The Vert Classique 80 ea, $0.13/1ea",
        "price_product_tile": "$10.49$10.49"
    },
    {
        "id": 99,
        "name": "Feeling Soothed Peppermint, Ginger & Fennel Herbal Tea",
        "price": "20 ea, $0.15/1ea",
        "brand": "President's Choice",
        "image_url": "https://assets.shop.loblaws.ca/products/20314997/b3/en/front/20314997_front_a06_@2.png",
        "image_alt": "President's Choice Feeling Soothed Peppermint, Ginger & Fennel Herbal Tea 20 ea, $0.15/1ea",
        "price_product_tile": "$2.99$2.99"
    },
    {
        "id": 100,
        "name": "Orange Pekoe Black Tea",
        "price": "216 ea, $0.07/1ea",
        "brand": "Red Rose",
        "image_url": "https://assets.shop.loblaws.ca/products/21593473/b3/en/front/21593473_front_a06_@2.png",
        "image_alt": "Red Rose Orange Pekoe Black Tea 216 ea, $0.07/1ea",
        "price_product_tile": "$14.49$14.49"
    },
    {
        "id": 101,
        "name": "Peach Tea, Cartons 10 Pack",
        "price": "10x200.0 ml, $0.20/100ml",
        "brand": "Nestea",
        "image_url": "https://assets.shop.loblaws.ca/products/21018461/b3/en/front/21018461_front_a06_@2.png",
        "image_alt": "Nestea Peach Tea, Cartons 10 Pack 10x200.0 ml, $0.20/100ml",
        "price_product_tile": "$3.99$3.99"
    },
    {
        "id": 102,
        "name": "Peppermint Herbal Cannister Pack",
        "price": "20 ea, $0.15/1ea",
        "brand": "Tetley",
        "image_url": "https://assets.shop.loblaws.ca/products/20711158/b3/en/front/20711158_front_a06_@2.png",
        "image_alt": "Tetley Peppermint Herbal Cannister Pack 20 ea, $0.15/1ea",
        "price_product_tile": "$2.99$2.99$4.49$4.49SAVE $1.50"
    },
    {
        "id": 103,
        "name": "Lemon Thriller Herbal Tea",
        "price": "20 ea, $7.48/100g",
        "brand": "President's Choice",
        "image_url": "https://assets.shop.loblaws.ca/products/20627616003/b3/en/front/20627616003_front_a06_@2.png",
        "image_alt": "President's Choice Lemon Thriller Herbal Tea 20 ea, $7.48/100g",
        "price_product_tile": "$2.99$2.99"
    },
    {
        "id": 104,
        "name": "Instant Coffee Mix",
        "price": "30x18.0 g, $1.20/100g",
        "brand": "Gold Kili",
        "image_url": "https://assets.shop.loblaws.ca/products/20004373001/b3/en/front/20004373001_front_a06_@2.png",
        "image_alt": "Gold Kili Instant Coffee Mix 30x18.0 g, $1.20/100g",
        "price_product_tile": "$6.49$6.49"
    },
    {
        "id": 105,
        "name": "Sundried Sorrel Hibiscus",
        "price": "126 g, $1.98/100g",
        "brand": "Grace",
        "image_url": "https://assets.shop.loblaws.ca/products/21035421/b3/en/front/21035421_front_a06_@2.png",
        "image_alt": "Grace Sundried Sorrel Hibiscus 126 g, $1.98/100g",
        "price_product_tile": "$2.49$2.49$2.94$2.94SAVE $0.45"
    },
    {
        "id": 106,
        "name": "Instant Honey Ginger Drink",
        "price": "10x18.0 g, $1.94/100g",
        "brand": "Gold Kili",
        "image_url": "https://assets.shop.loblaws.ca/products/20152752/b3/en/front/20152752_front_a06_@2.png",
        "image_alt": "Gold Kili Instant Honey Ginger Drink 10x18.0 g, $1.94/100g",
        "price_product_tile": "$3.49$3.49"
    },
    {
        "id": 107,
        "name": "Instant Chai Tea Latte Cardamom Chai",
        "price": "220 g, $2.50/100g",
        "brand": "Senso",
        "image_url": "https://assets.shop.loblaws.ca/products/21379894/b3/en/front/21379894_front_a06_@2.png",
        "image_alt": "Senso Instant Chai Tea Latte Cardamom Chai  220 g, $2.50/100g",
        "price_product_tile": "$5.49$5.49"
    },
    {
        "id": 108,
        "name": "Naturally Flavoured Black Tea Chai Original",
        "price": "96 g, $7.80/100g",
        "brand": "Tetley",
        "image_url": "https://assets.shop.loblaws.ca/products/21480334/b3/en/front/21480334_front_a06_@2.png",
        "image_alt": "Tetley Naturally Flavoured Black Tea Chai Original 96 g, $7.80/100g",
        "price_product_tile": "$7.49$7.49"
    },
    {
        "id": 109,
        "name": "20ct Chai",
        "price": "20 ea, $0.27/1ea",
        "brand": "Twinings",
        "image_url": "https://assets.shop.loblaws.ca/products/20297618/b3/en/front/20297618_front_a06_@2.png",
        "image_alt": "Twinings 20ct Chai 20 ea, $0.27/1ea",
        "price_product_tile": "$5.49$5.49"
    },
    {
        "id": 110,
        "name": "Hot Chocolate",
        "price": "25 g, $2.12/100g",
        "brand": "Carnation",
        "image_url": "https://assets.shop.loblaws.ca/products/21041744/b3/en/front/21041744_front_a06_@2.png",
        "image_alt": "Carnation Hot Chocolate 25 g, $2.12/100g",
        "price_product_tile": "$5.29$5.29"
    },
    {
        "id": 111,
        "name": "Chocolate Milk Mix",
        "price": "750 g, $0.67/100g",
        "brand": "President's Choice",
        "image_url": "https://assets.shop.loblaws.ca/products/21125237/b3/en/front/21125237_front_a06_@2.png",
        "image_alt": "President's Choice Chocolate Milk Mix 750 g, $0.67/100g",
        "price_product_tile": "$5.00$5.00"
    },
    {
        "id": 112,
        "name": "Tea, Masala Chai Black  with Real Spices",
        "price": "182 g, $3.29/100g",
        "brand": "Tea India",
        "image_url": "https://assets.shop.loblaws.ca/products/21379214/b3/en/front/21379214_front_a06_@2.png",
        "image_alt": "Tea India Tea, Masala Chai Black  with Real Spices  182 g, $3.29/100g",
        "price_product_tile": "$5.99$5.99"
    },
    {
        "id": 113,
        "name": "Marshmallow Hot Chocolate Sachets",
        "price": "250 g, $2.12/100g",
        "brand": "Carnation",
        "image_url": "https://assets.shop.loblaws.ca/products/21042072/b3/en/front/21042072_front_a06_@2.png",
        "image_alt": "Carnation Marshmallow Hot Chocolate Sachets 250 g, $2.12/100g",
        "price_product_tile": "$5.29$5.29"
    },
    {
        "id": 114,
        "name": "Aero S'Mores Hot Chocolate, Envelopes",
        "price": "175 g, $3.02/100g",
        "brand": "Carnation",
        "image_url": "https://assets.shop.loblaws.ca/products/21397872/b3/en/front/21397872_front_a06_@2.png",
        "image_alt": "Carnation Aero S'Mores Hot Chocolate, Envelopes 175 g, $3.02/100g",
        "price_product_tile": "$5.29$5.29"
    },
    {
        "id": 115,
        "name": "Tea",
        "price": "681 g, $1.25/100g",
        "brand": "Tea India",
        "image_url": "https://assets.shop.loblaws.ca/products/20177173/b3/en/front/20177173_front_a06_@2.png",
        "image_alt": "Tea India Tea 681 g, $1.25/100g",
        "price_product_tile": "$8.49$8.49$8.99$8.99SAVE $0.50"
    },
    {
        "id": 116,
        "name": "Orange Pekoe Black Tea",
        "price": "216 ea, $0.06/1ea",
        "brand": "Tetley",
        "image_url": "https://assets.shop.loblaws.ca/products/20025699/b3/en/front/20025699_front_a06_@2.png",
        "image_alt": "Tetley Orange Pekoe Black Tea 216 ea, $0.06/1ea",
        "price_product_tile": "$12.99$12.99"
    },
    {
        "id": 117,
        "name": "Simply Hot Chocolate, Canister",
        "price": "400 g, $1.62/100g",
        "brand": "Carnation",
        "image_url": "https://assets.shop.loblaws.ca/products/21194486/b3/en/front/21194486_front_a06_@2.png",
        "image_alt": "Carnation Simply Hot Chocolate, Canister 400 g, $1.62/100g",
        "price_product_tile": "$6.49$6.49"
    },
    {
        "id": 118,
        "name": "Tea, Indian Pleasures Premium Assam  Special Blend",
        "price": "908 g, $1.21/100g",
        "brand": "Surati",
        "image_url": "https://assets.shop.loblaws.ca/products/21092499/b3/en/front/21092499_front_a06_@2.png",
        "image_alt": "Surati Tea, Indian Pleasures Premium Assam  Special Blend 908 g, $1.21/100g",
        "price_product_tile": "$10.99$10.99"
    },
    {
        "id": 119,
        "name": "100ct Earl Grey",
        "price": "100 ea, $0.14/1ea",
        "brand": "Twinings",
        "image_url": "https://assets.shop.loblaws.ca/products/21040439/b3/en/front/21040439_front_a06_@2.png",
        "image_alt": "Twinings 100ct Earl Grey 100 ea, $0.14/1ea",
        "price_product_tile": "$14.49$14.49"
    },
    {
        "id": 120,
        "name": "Kiwi Strawberry",
        "price": "945 ml, $0.21/100ml",
        "brand": "Snapple",
        "image_url": "https://assets.shop.loblaws.ca/products/21522181/b3/en/front/21522181_front_a06_@2.png",
        "image_alt": "Snapple Kiwi Strawberry  945 ml, $0.21/100ml",
        "price_product_tile": "$1.99$1.99"
    },
    {
        "id": 121,
        "name": "Camomile Herbal Tea",
        "price": "24 g, $8.33/100g",
        "brand": "No Name",
        "image_url": "https://assets.shop.loblaws.ca/products/21376440/b3/en/front/21376440_front_a06_@2.png",
        "image_alt": "No Name Camomile Herbal Tea 24 g, $8.33/100g",
        "price_product_tile": "$2.00$2.00"
    },
    {
        "id": 122,
        "name": "Peach tea",
        "price": "945 ml, $0.21/100ml",
        "brand": "Snapple",
        "image_url": "https://assets.shop.loblaws.ca/products/21522183/b3/en/front/21522183_front_a06_@2.png",
        "image_alt": "Snapple Peach tea 945 ml, $0.21/100ml",
        "price_product_tile": "$1.99$1.99"
    },
    {
        "id": 123,
        "name": "Super Tea immune lemon & Echinacea with Zinc",
        "price": "20 ea, $0.15/1ea",
        "brand": "Tetley",
        "image_url": "https://assets.shop.loblaws.ca/products/21107440/b3/en/front/21107440_front_a06_@2.png",
        "image_alt": "Tetley Super Tea immune lemon & Echinacea with Zinc 20 ea, $0.15/1ea",
        "price_product_tile": "$2.99$2.99$4.49$4.49SAVE $1.50"
    },
    {
        "id": 124,
        "name": "Hibiscus White Tea",
        "price": "20 ea, $0.15/1ea",
        "brand": "President's Choice",
        "image_url": "https://assets.shop.loblaws.ca/products/21467346/b3/en/front/21467346_front_a06_@2.png",
        "image_alt": "President's Choice Hibiscus White Tea 20 ea, $0.15/1ea",
        "price_product_tile": "$2.99$2.99$3.49$3.49SAVE $0.50"
    },
    {
        "id": 125,
        "name": "Decafeine Orange Pekoe",
        "price": "80 ea, $0.13/1ea",
        "brand": "Tetley",
        "image_url": "https://assets.shop.loblaws.ca/products/20711394/b3/en/front/20711394_front_a06_@2.png",
        "image_alt": "Tetley Decafeine Orange Pekoe 80 ea, $0.13/1ea",
        "price_product_tile": "$10.49$10.49"
    },
    {
        "id": 126,
        "name": "Herbal Tea Iced Passion",
        "price": "946 ml, $0.95/100ml",
        "brand": "Tazo",
        "image_url": "https://assets.shop.loblaws.ca/products/21557580/b3/en/front/21557580_front_a06_@2.png",
        "image_alt": "Tazo Herbal Tea Iced Passion 946 ml, $0.95/100ml",
        "price_product_tile": "$8.99$8.99"
    },
    {
        "id": 127,
        "name": "Malted Drink, Classic",
        "price": "400 g, $1.25/100g",
        "brand": "Ovaltine",
        "image_url": "https://assets.shop.loblaws.ca/products/20726635/b3/en/front/20726635_front_a06_@2.png",
        "image_alt": "Ovaltine Malted Drink, Classic 400 g, $1.25/100g",
        "price_product_tile": "$4.99$4.99$5.99$5.99SAVE $1.00"
    },
    {
        "id": 128,
        "name": "Vanilla Black Tea",
        "price": "20 ea, $0.15/1ea",
        "brand": "President's Choice",
        "image_url": "https://assets.shop.loblaws.ca/products/21467338/b3/en/front/21467338_front_a06_@2.png",
        "image_alt": "President's Choice Vanilla Black Tea 20 ea, $0.15/1ea",
        "price_product_tile": "$2.99$2.99$3.49$3.49SAVE $0.50"
    },
    {
        "id": 129,
        "name": "Earl Grey Decaffeinated Specialty Cannister Pack",
        "price": "24 ea, $0.12/1ea",
        "brand": "Tetley",
        "image_url": "https://assets.shop.loblaws.ca/products/20722550/b3/en/front/20722550_front_a06_@2.png",
        "image_alt": "Tetley Earl Grey Decaffeinated Specialty Cannister Pack 24 ea, $0.12/1ea",
        "price_product_tile": "$2.99$2.99$4.49$4.49SAVE $1.50"
    },
    {
        "id": 130,
        "name": "Green Tea Naturally Decaffeinated",
        "price": "24 ea, $0.12/1ea",
        "brand": "Tetley",
        "image_url": "https://assets.shop.loblaws.ca/products/20712557/b3/en/front/20712557_front_a06_@2.png",
        "image_alt": "Tetley Green Tea Naturally Decaffeinated 24 ea, $0.12/1ea",
        "price_product_tile": "$2.99$2.99$4.49$4.49SAVE $1.50"
    },
    {
        "id": 131,
        "name": "Super Tea Boost Berry Burst With Vitamin B6",
        "price": "20 ea, $0.15/1ea",
        "brand": "Tetley",
        "image_url": "https://assets.shop.loblaws.ca/products/21107497/b3/en/front/21107497_front_a06_@2.png",
        "image_alt": "Tetley Super Tea Boost Berry Burst With Vitamin B6 20 ea, $0.15/1ea",
        "price_product_tile": "$2.99$2.99$4.49$4.49SAVE $1.50"
    },
    {
        "id": 132,
        "name": "Lemon Iced Tea With 0.5 Less Sugar",
        "price": "715 g, $0.88/100g",
        "brand": "Nestea",
        "image_url": "https://assets.shop.loblaws.ca/products/21014408/b3/en/front/21014408_front_a06_@2.png",
        "image_alt": "Nestea Lemon Iced Tea With 0.5 Less Sugar 715 g, $0.88/100g",
        "price_product_tile": "$6.29$6.29$6.49$6.49SAVE $0.20"
    },
    {
        "id": 133,
        "name": "Black Tea",
        "price": "450 g, $2.11/100g",
        "brand": "Society Tea",
        "image_url": "https://assets.shop.loblaws.ca/products/21101547/b3/en/front/21101547_front_a06_@2.png",
        "image_alt": "Society Tea Black Tea 450 g, $2.11/100g",
        "price_product_tile": "$9.49$9.49"
    },
    {
        "id": 134,
        "name": "Coffee Mix",
        "price": "150 g, $1.66/100g",
        "brand": "Nescafe",
        "image_url": "https://assets.shop.loblaws.ca/products/20964335/b3/en/front/20964335_front_a06_@2.png",
        "image_alt": "Nescafe Coffee Mix 150 g, $1.66/100g",
        "price_product_tile": "$2.49$2.49"
    },
    {
        "id": 135,
        "name": "Instant Ginger Tea Latte With Honey",
        "price": "250 g, $2.20/100g",
        "brand": "Gold Kili",
        "image_url": "https://assets.shop.loblaws.ca/products/21427855/b3/en/front/21427855_front_a06_@2.png",
        "image_alt": "Gold Kili Instant Ginger Tea Latte With Honey 250 g, $2.20/100g",
        "price_product_tile": "$5.49$5.49"
    },
    {
        "id": 136,
        "name": "Lemon & Ginger Tea",
        "price": "50 ea, $0.14/1ea",
        "brand": "Twinings",
        "image_url": "https://assets.shop.loblaws.ca/products/21111078/b3/en/front/21111078_front_a06_@2.png",
        "image_alt": "Twinings Lemon & Ginger Tea 50 ea, $0.14/1ea",
        "price_product_tile": "$6.99$6.99"
    },
    {
        "id": 137,
        "name": "Individual Tea Bags Sealed For Freshness English Breakfast",
        "price": "100 ea, $0.14/1ea",
        "brand": "Twinings",
        "image_url": "https://assets.shop.loblaws.ca/products/21427766/b3/en/front/21427766_front_a06_@2.png",
        "image_alt": "Twinings Individual Tea Bags Sealed For Freshness English Breakfast 100 ea, $0.14/1ea",
        "price_product_tile": "$14.49$14.49"
    },
    {
        "id": 138,
        "name": "The Orange Pekoe",
        "price": "144 ea, $0.07/1ea",
        "brand": "Tetley",
        "image_url": "https://assets.shop.loblaws.ca/products/20078830/b3/en/front/20078830_front_a06_@2.png",
        "image_alt": "Tetley The Orange Pekoe 144 ea, $0.07/1ea",
        "price_product_tile": "$9.49$9.49"
    },
    {
        "id": 139,
        "name": "Bakri Premium Tea",
        "price": "907 g, $1.16/100g",
        "brand": "Wagh Bakri",
        "image_url": "https://assets.shop.loblaws.ca/products/20375231/b3/en/front/20375231_front_a06_@2.png",
        "image_alt": "Wagh Bakri Bakri Premium Tea     907 g, $1.16/100g",
        "price_product_tile": "$10.49$10.49$13.49$13.49SAVE $3.00"
    },
    {
        "id": 140,
        "name": "Wild Sweet Orange Tea",
        "price": "20 ea, $0.30/1ea",
        "brand": "Tazo",
        "image_url": "https://assets.shop.loblaws.ca/products/21308027/b3/en/front/21308027_front_a06_@2.png",
        "image_alt": "Tazo Wild Sweet Orange Tea 20 ea, $0.30/1ea",
        "price_product_tile": "$5.99$5.99"
    },
    {
        "id": 141,
        "name": "50ct English Breakfast",
        "price": "50 ea, $0.14/1ea",
        "brand": "Twinings",
        "image_url": "https://assets.shop.loblaws.ca/products/20006148001/b3/en/front/20006148001_front_a06_@2.png",
        "image_alt": "Twinings 50ct English Breakfast 50 ea, $0.14/1ea",
        "price_product_tile": "$6.99$6.99"
    },
    {
        "id": 142,
        "name": "Hot Chocolate Mix",
        "price": "450 g, $1.44/100g",
        "brand": "Carnation",
        "image_url": "https://assets.shop.loblaws.ca/products/21397690/b3/en/front/21397690_front_a06_@2.png",
        "image_alt": "Carnation Hot Chocolate Mix 450 g, $1.44/100g",
        "price_product_tile": "$6.49$6.49"
    },
    {
        "id": 143,
        "name": "Chai Tea Latte Mix, Masala",
        "price": "224 g, $2.67/100g",
        "brand": "Tea India",
        "image_url": "https://assets.shop.loblaws.ca/products/20849671/b3/en/front/20849671_front_a06_@2.png",
        "image_alt": "Tea India Chai Tea Latte Mix, Masala 224 g, $2.67/100g",
        "price_product_tile": "$5.99$5.99"
    },
    {
        "id": 144,
        "name": "Malted Chocolate Drink",
        "price": "400 g, $1.25/100g",
        "brand": "Ovaltine",
        "image_url": "https://assets.shop.loblaws.ca/products/20726633/b3/en/front/20726633_front_a06_@2.png",
        "image_alt": "Ovaltine Malted Chocolate Drink 400 g, $1.25/100g",
        "price_product_tile": "$4.99$4.99$5.99$5.99SAVE $1.00"
    },
    {
        "id": 145,
        "name": "Super Green Matcha",
        "price": "20 ea, $0.15/1ea",
        "brand": "Tetley",
        "image_url": "https://assets.shop.loblaws.ca/products/21203784/b3/en/front/21203784_front_a06_@2.png",
        "image_alt": "Tetley Super Green Matcha 20 ea, $0.15/1ea",
        "price_product_tile": "$2.99$2.99$4.99$4.99SAVE $2.00"
    },
    {
        "id": 146,
        "name": "Malted Chocolate Drink",
        "price": "400 g, $1.25/100g",
        "brand": "Ovaltine",
        "image_url": "https://assets.shop.loblaws.ca/products/20726633/b3/en/front/20726633_front_a06_@2.png",
        "image_alt": "Ovaltine Malted Chocolate Drink 400 g, $1.25/100g",
        "price_product_tile": "$4.99$4.99$5.99$5.99SAVE $1.00"
    },
    {
        "id": 147,
        "name": "Maple Rooibos Red Tea",
        "price": "20 ea, $0.15/1ea",
        "brand": "President's Choice",
        "image_url": "https://assets.shop.loblaws.ca/products/21467336/b3/en/front/21467336_front_a06_@2.png",
        "image_alt": "President's Choice Maple Rooibos Red Tea 20 ea, $0.15/1ea",
        "price_product_tile": "$2.99$2.99$3.49$3.49SAVE $0.50"
    },
    {
        "id": 148,
        "name": "Tea, Masala Chai  Bags Special International Blend 100  Bags",
        "price": "200 g, $4.00/100g",
        "brand": "Wagh Bakri",
        "image_url": "https://assets.shop.loblaws.ca/products/21050375/b3/en/front/21050375_front_a06_@2.png",
        "image_alt": "Wagh Bakri Tea, Masala Chai  Bags Special International Blend 100  Bags 200 g, $4.00/100g",
        "price_product_tile": "$7.99$7.99"
    },
    {
        "id": 149,
        "name": "Feeling Calm Camomile Citrus Herbal Tea",
        "price": "20 ea, $0.15/1ea",
        "brand": "President's Choice",
        "image_url": "https://assets.shop.loblaws.ca/products/20627711001/b3/en/front/20627711001_front_a06_@2.png",
        "image_alt": "President's Choice Feeling Calm Camomile Citrus Herbal Tea 20 ea, $0.15/1ea",
        "price_product_tile": "$2.99$2.99"
    },
    {
        "id": 150,
        "name": "Mint Refresher Herbal Tea",
        "price": "20 ea, $0.15/1ea",
        "brand": "President's Choice",
        "image_url": "https://assets.shop.loblaws.ca/products/20305370/b3/en/front/20305370_front_a06_@2.png",
        "image_alt": "President's Choice Mint Refresher Herbal Tea 20 ea, $0.15/1ea",
        "price_product_tile": "$2.99$2.99"
    },
    {
        "id": 151,
        "name": "Original Lemon Iced Tea",
        "price": "2 kg, $0.61/100g",
        "brand": "Nestea",
        "image_url": "https://assets.shop.loblaws.ca/products/20098328/b3/en/front/20098328_front_a06_@2.png",
        "image_alt": "Nestea Original Lemon Iced Tea    2 kg, $0.61/100g",
        "price_product_tile": "$13.49$13.49$13.99$13.99SAVE $0.50"
    },
    {
        "id": 152,
        "name": "Camomile Herbal Tea",
        "price": "20 ea, $0.15/1ea",
        "brand": "President's Choice",
        "image_url": "https://assets.shop.loblaws.ca/products/20627612001/b3/en/front/20627612001_front_a06_@2.png",
        "image_alt": "President's Choice Camomile Herbal Tea 20 ea, $0.15/1ea",
        "price_product_tile": "$2.99$2.99"
    },
    {
        "id": 153,
        "name": "Chai Black Tea",
        "price": "20 ea, $7.48/100g",
        "brand": "President's Choice",
        "image_url": "https://assets.shop.loblaws.ca/products/20296026/b3/en/front/20296026_front_a06_@2.png",
        "image_alt": "President's Choice Chai Black Tea 20 ea, $7.48/100g",
        "price_product_tile": "$2.99$2.99"
    },
    {
        "id": 154,
        "name": "Dreamland Herbal Tea",
        "price": "20 ea, $0.15/1ea",
        "brand": "President's Choice",
        "image_url": "https://assets.shop.loblaws.ca/products/20618256/b3/en/front/20618256_front_a06_@2.png",
        "image_alt": "President's Choice Dreamland Herbal Tea 20 ea, $0.15/1ea",
        "price_product_tile": "$2.99$2.99"
    },
    {
        "id": 155,
        "name": "Organic Green Tea",
        "price": "200 g, $3.25/100g",
        "brand": "T&T",
        "image_url": "https://assets.shop.loblaws.ca/products/20793905/b3/en/front/20793905_front_a06_@2.png",
        "image_alt": "T&T Organic Green Tea 200 g, $3.25/100g",
        "price_product_tile": "$6.49$6.49"
    },
    {
        "id": 156,
        "name": "50ct Earl Grey",
        "price": "50 ea, $0.14/1ea",
        "brand": "Twinings",
        "image_url": "https://assets.shop.loblaws.ca/products/20323107/b3/en/front/20323107_front_a06_@2.png",
        "image_alt": "Twinings 50ct Earl Grey 50 ea, $0.14/1ea",
        "price_product_tile": "$6.99$6.99"
    },
    {
        "id": 157,
        "name": "Tea, Honey Lemon Ginseng Green Specialty",
        "price": "24 ea, $0.12/1ea",
        "brand": "Tetley",
        "image_url": "https://assets.shop.loblaws.ca/products/20712262/b3/en/front/20712262_front_a06_@2.png",
        "image_alt": "Tetley Tea, Honey Lemon Ginseng Green Specialty   24 ea, $0.12/1ea",
        "price_product_tile": "$2.99$2.99$4.49$4.49SAVE $1.50"
    },
    {
        "id": 158,
        "name": "Antiox Apple Cinnamon & Turmeric With Vitamin C",
        "price": "20 g, $0.15/1ea",
        "brand": "Tetley",
        "image_url": "https://assets.shop.loblaws.ca/products/21194363/b3/en/front/21194363_front_a06_@2.png",
        "image_alt": "Tetley Antiox Apple Cinnamon & Turmeric With Vitamin C 20 g, $0.15/1ea",
        "price_product_tile": "$2.99$2.99$4.99$4.99SAVE $2.00"
    },
    {
        "id": 159,
        "name": "Orange Pekoe Black Tea",
        "price": "72 ea, $0.09/1ea",
        "brand": "Red Rose",
        "image_url": "https://assets.shop.loblaws.ca/products/21593431/b3/en/front/21593431_front_a06_@2.png",
        "image_alt": "Red Rose Orange Pekoe Black Tea 72 ea, $0.09/1ea",
        "price_product_tile": "$6.79$6.79"
    },
    {
        "id": 160,
        "name": "Chai Latte Tea Concentrate",
        "price": "946 ml, $0.95/100ml",
        "brand": "Tazo",
        "image_url": "https://assets.shop.loblaws.ca/products/21295930/b3/en/front/21295930_front_a06_@2.png",
        "image_alt": "Tazo Chai Latte Tea Concentrate 946 ml, $0.95/100ml",
        "price_product_tile": "$8.99$8.99"
    },
    {
        "id": 161,
        "name": "Orange Pekoe Black Tea",
        "price": "685 g, $1.24/100g",
        "brand": "Tea Valley",
        "image_url": "https://assets.shop.loblaws.ca/products/21341451/b3/en/front/21341451_front_a06_@2.png",
        "image_alt": "Tea Valley Orange Pekoe Black Tea 685 g, $1.24/100g",
        "price_product_tile": "$8.49$8.49"
    },
    {
        "id": 162,
        "name": "Cardamom Chai Black Tea With Real Cardamom",
        "price": "182 g, $3.29/100g",
        "brand": "Tea India",
        "image_url": "https://assets.shop.loblaws.ca/products/21379219/b3/en/front/21379219_front_a06_@2.png",
        "image_alt": "Tea India Cardamom Chai Black Tea With Real Cardamom  182 g, $3.29/100g",
        "price_product_tile": "$5.99$5.99"
    },
    {
        "id": 163,
        "name": "The Decadent Hot Chocolate Mix",
        "price": "450 g, $1.31/100g",
        "brand": "President's Choice",
        "image_url": "https://assets.shop.loblaws.ca/products/21549129/b3/en/front/21549129_front_a06_@2.png",
        "image_alt": "President's Choice The Decadent Hot Chocolate Mix 450 g, $1.31/100g",
        "price_product_tile": "$5.89$5.89"
    },
    {
        "id": 164,
        "name": "Dark Chocolate Peppermint Candy Hot Cocoa Mix",
        "price": "500 g, $1.00/100g",
        "brand": "President's Choice",
        "image_url": "https://assets.shop.loblaws.ca/products/21480613/b3/en/front/21480613_front_a06_@2.png",
        "image_alt": "President's Choice Dark Chocolate Peppermint Candy Hot Cocoa Mix 500 g, $1.00/100g",
        "price_product_tile": "$5.00$5.00"
    },
    {
        "id": 165,
        "name": "Superblends Flavoured Herbal Tea Lemon & Ginger",
        "price": "18 ea, $0.38/1ea",
        "brand": "Twinings",
        "image_url": "https://assets.shop.loblaws.ca/products/21427824/b3/en/front/21427824_front_a06_@2.png",
        "image_alt": "Twinings Superblends Flavoured Herbal Tea Lemon & Ginger 18 ea, $0.38/1ea",
        "price_product_tile": "$6.79$6.79"
    },
    {
        "id": 166,
        "name": "20ct Lemon & Ginger",
        "price": "20 ea, $0.27/1ea",
        "brand": "Twinings",
        "image_url": "https://assets.shop.loblaws.ca/products/20300740001/b3/en/front/20300740001_front_a06_@2.png",
        "image_alt": "Twinings 20ct Lemon & Ginger 20 ea, $0.27/1ea",
        "price_product_tile": "$5.49$5.49"
    },
    {
        "id": 167,
        "name": "Variety Pack Hot Chocolate Envelopes",
        "price": "175 g, $3.02/100g",
        "brand": "Carnation",
        "image_url": "https://assets.shop.loblaws.ca/products/21397883/b3/en/front/21397883_front_a06_@2.png",
        "image_alt": "Carnation Variety Pack Hot Chocolate Envelopes 175 g, $3.02/100g",
        "price_product_tile": "$5.29$5.29"
    },
    {
        "id": 168,
        "name": "Bakri Tea Bags, Orange Pekoe",
        "price": "681 g, $1.98/100g",
        "brand": "Wagh Bakri",
        "image_url": "https://assets.shop.loblaws.ca/products/21053000/b3/en/front/21053000_front_a06_@2.png",
        "image_alt": "Wagh Bakri Bakri Tea Bags, Orange Pekoe 681 g, $1.98/100g",
        "price_product_tile": "$13.49$13.49"
    },
    {
        "id": 169,
        "name": "Loose Black Tea Desh Ka Anokha Swad",
        "price": "450 g, $1.78/100g",
        "brand": "Tata",
        "image_url": "https://assets.shop.loblaws.ca/products/21407291/b3/en/front/21407291_front_a06_@2.png",
        "image_alt": "Tata Loose Black Tea Desh Ka Anokha Swad 450 g, $1.78/100g",
        "price_product_tile": "$7.99$7.99"
    },
    {
        "id": 170,
        "name": "Cold Brew Coffee, Black, Extra Bold, Unsweetened, No Cream",
        "price": "1.42 l, $0.56/100ml",
        "brand": "SToK",
        "image_url": "https://assets.shop.loblaws.ca/products/21475792/b3/en/front/21475792_front_a06_@2.png",
        "image_alt": "SToK Cold Brew Coffee, Black, Extra Bold, Unsweetened, No Cream 1.42 l, $0.56/100ml",
        "price_product_tile": "$7.99$7.99$8.29$8.29SAVE $0.30"
    },
    {
        "id": 171,
        "name": "Herbal Tea Live Bold Cinnamon Chai Rooibos",
        "price": "40 g, $7.48/100g",
        "brand": "Tetley",
        "image_url": "https://assets.shop.loblaws.ca/products/21480278/b3/en/front/21480278_front_a06_@2.png",
        "image_alt": "Tetley Herbal Tea Live Bold Cinnamon Chai Rooibos 40 g, $7.48/100g",
        "price_product_tile": "$2.99$2.99$4.49$4.49SAVE $1.50"
    },
    {
        "id": 172,
        "name": "Iced Tea",
        "price": "20x341.0 ml, $0.16/100ml",
        "brand": "Nestea",
        "image_url": "https://assets.shop.loblaws.ca/products/21021553/b3/en/front/21021553_front_a06_@2.png",
        "image_alt": "Nestea Iced Tea      20x341.0 ml, $0.16/100ml",
        "price_product_tile": "$10.98$10.98$11.99$11.99SAVE $1.01"
    },
    {
        "id": 173,
        "name": "Ginger Peach Herbal Tea",
        "price": "20 ea, $7.48/100g",
        "brand": "President's Choice",
        "image_url": "https://assets.shop.loblaws.ca/products/20627616002/b3/en/front/20627616002_front_a06_@2.png",
        "image_alt": "President's Choice Ginger Peach Herbal Tea 20 ea, $7.48/100g",
        "price_product_tile": "$2.99$2.99"
    },
    {
        "id": 174,
        "name": "Lemon Ginger Herbal Tea",
        "price": "20 ea, $0.15/1ea",
        "brand": "President's Choice",
        "image_url": "https://assets.shop.loblaws.ca/products/21105270/b3/en/front/21105270_front_a06_@2.png",
        "image_alt": "President's Choice Lemon Ginger Herbal Tea 20 ea, $0.15/1ea",
        "price_product_tile": "$2.99$2.99"
    },
    {
        "id": 175,
        "name": "Turmeric Echinacea Herbal Tea",
        "price": "20 ea, $0.15/1ea",
        "brand": "Tetley",
        "image_url": "https://assets.shop.loblaws.ca/products/21311640/b3/en/front/21311640_front_a06_@2.png",
        "image_alt": "Tetley Turmeric Echinacea Herbal Tea 20 ea, $0.15/1ea",
        "price_product_tile": "$2.99$2.99$4.99$4.99SAVE $2.00"
    },
    {
        "id": 176,
        "name": "Malted Milk Drink",
        "price": "400 g, $1.25/100g",
        "brand": "Ovaltine",
        "image_url": "https://assets.shop.loblaws.ca/products/20726620/b3/en/front/20726620_front_a06_@2.png",
        "image_alt": "Ovaltine Malted Milk Drink 400 g, $1.25/100g",
        "price_product_tile": "$4.99$4.99$5.99$5.99SAVE $1.00"
    },
    {
        "id": 177,
        "name": "Green Tea",
        "price": "48 ea, $11.02/100ea",
        "brand": "President's Choice",
        "image_url": "https://assets.shop.loblaws.ca/products/21107145/b3/en/front/21107145_front_a06_@2.png",
        "image_alt": "President's Choice Green Tea 48 ea, $11.02/100ea",
        "price_product_tile": "$5.29$5.29"
    },
    {
        "id": 178,
        "name": "Red Label Black Tea",
        "price": "900 g, $1.61/100g",
        "brand": "Brooke Bond",
        "image_url": "https://assets.shop.loblaws.ca/products/21017684/b3/en/front/21017684_front_a06_@2.png",
        "image_alt": "Brooke Bond Red Label Black Tea 900 g, $1.61/100g",
        "price_product_tile": "$14.49$14.49"
    },
    {
        "id": 179,
        "name": "China Green Tea",
        "price": "200 g, $2.00/100g",
        "brand": "HAO TEA",
        "image_url": "https://assets.shop.loblaws.ca/products/20361458001/b3/en/front/20361458001_front_a06_@2.png",
        "image_alt": "HAO TEA China Green Tea 200 g, $2.00/100g",
        "price_product_tile": "$3.99$3.99$4.49$4.49SAVE $0.50"
    }
]