[
    {
        "id": 1,
        "name": "Tortillas Original",
        "price": "650 g, $0.61/100g",
        "brand": "President's Choice",
        "image_url": "https://assets.shop.loblaws.ca/products/20182857/b3/en/front/20182857_front_a06_@2.png",
        "image_alt": "President's Choice Tortillas Original  650 g, $0.61/100g",
        "price_product_tile": "$3.99$3.99"
    },
    {
        "id": 2,
        "name": "Large Original Tortillas",
        "price": "640 g, $0.47/100g",
        "brand": "Casa Mendosa",
        "image_url": "https://assets.shop.loblaws.ca/products/20318788/b3/en/front/20318788_front_a06_@2.png",
        "image_alt": "Casa Mendosa Large Original Tortillas 640 g, $0.47/100g",
        "price_product_tile": "$3.00$3.00$3.49$3.49SAVE $0.49"
    },
    {
        "id": 3,
        "name": "10 Original Tortillas",
        "price": "320 g, $0.62/100g",
        "brand": "No Name",
        "image_url": "https://assets.shop.loblaws.ca/products/21064398/b3/en/front/21064398_front_a06_@2.png",
        "image_alt": "No Name 10 Original Tortillas 320 g, $0.62/100g",
        "price_product_tile": "$1.99$1.99"
    },
    {
        "id": 4,
        "name": "Naan Original Flatbreads, 10 pack",
        "price": "1 ea, $5.00/1ea",
        "brand": "Suraj",
        "image_url": "https://assets.shop.loblaws.ca/products/20342261/b3/en/front/20342261_front_a06_@2.png",
        "image_alt": "Suraj Naan Original Flatbreads, 10 pack 1 ea, $5.00/1ea",
        "price_product_tile": "$5.00$5.00"
    },
    {
        "id": 5,
        "name": "Naan Original 5 Flatbreads",
        "price": "500 g, $0.60/100g",
        "brand": "Suraj",
        "image_url": "https://assets.shop.loblaws.ca/products/21051353/b3/en/front/21051353_front_a06_@2.png",
        "image_alt": "Suraj Naan Original 5 Flatbreads 500 g, $0.60/100g",
        "price_product_tile": "$2.99$2.99"
    },
    {
        "id": 6,
        "name": "Naan Garlic Flatbreads",
        "price": "1 kg, $0.50/100g",
        "brand": "Suraj",
        "image_url": "https://assets.shop.loblaws.ca/products/20343319/b3/en/front/20343319_front_a06_@2.png",
        "image_alt": "Suraj Naan Garlic Flatbreads 1 kg, $0.50/100g",
        "price_product_tile": "$5.00$5.00"
    },
    {
        "id": 7,
        "name": "Traditional Naan Dippers Flatbreads Club Pack",
        "price": "400 g, $1.75/100g",
        "brand": "President's Choice",
        "image_url": "https://assets.shop.loblaws.ca/products/20999700/b3/en/front/20999700_front_a06_@2.png",
        "image_alt": "President's Choice Traditional Naan Dippers Flatbreads Club Pack 400 g, $1.75/100g",
        "price_product_tile": "$6.99$6.99"
    },
    {
        "id": 8,
        "name": "Naan Garlic 5 Flatbreads",
        "price": "500 g, $0.60/100g",
        "brand": "Suraj",
        "image_url": "https://assets.shop.loblaws.ca/products/21050380/b3/en/front/21050380_front_a06_@2.png",
        "image_alt": "Suraj Naan Garlic 5 Flatbreads 500 g, $0.60/100g",
        "price_product_tile": "$2.99$2.99"
    },
    {
        "id": 9,
        "name": "10 Medium Tortillas, Original",
        "price": "340 g, $0.88/100g",
        "brand": "Casa Mendosa",
        "image_url": "https://assets.shop.loblaws.ca/products/20179156/b3/en/front/20179156_front_a06_@2.png",
        "image_alt": "Casa Mendosa 10 Medium Tortillas, Original 340 g, $0.88/100g",
        "price_product_tile": "$3.00$3.00$3.49$3.49SAVE $0.49"
    },
    {
        "id": 10,
        "name": "Protein Tortillas",
        "price": "342 g, $1.17/100g",
        "brand": "President's Choice",
        "image_url": "https://assets.shop.loblaws.ca/products/21447518/b3/en/front/21447518_front_a06_@2.png",
        "image_alt": "President's Choice Protein Tortillas 342 g, $1.17/100g",
        "price_product_tile": "$3.99$3.99"
    },
    {
        "id": 11,
        "name": "Large Whole Wheat Tortillas",
        "price": "640 g, $0.47/100g",
        "brand": "Casa Mendosa",
        "image_url": "https://assets.shop.loblaws.ca/products/20276307/b3/en/front/20276307_front_a06_@2.png",
        "image_alt": "Casa Mendosa Large Whole Wheat Tortillas 640 g, $0.47/100g",
        "price_product_tile": "$3.00$3.00$3.99$3.99SAVE $0.99"
    },
    {
        "id": 12,
        "name": "Tortillas Original",
        "price": "340 g, $1.03/100g",
        "brand": "President's Choice",
        "image_url": "https://assets.shop.loblaws.ca/products/20048493/b3/en/front/20048493_front_a06_@2.png",
        "image_alt": "President's Choice Tortillas Original  340 g, $1.03/100g",
        "price_product_tile": "$3.49$3.49"
    },
    {
        "id": 13,
        "name": "Original Thin Pizza Crusts Thin",
        "price": "440 g, $1.04/100g",
        "brand": "President's Choice",
        "image_url": "https://assets.shop.loblaws.ca/products/21416545/b3/en/front/21416545_front_a06_@2.png",
        "image_alt": "President's Choice Original Thin Pizza Crusts Thin 440 g, $1.04/100g",
        "price_product_tile": "$4.79$4.79"
    },
    {
        "id": 14,
        "name": "100% Whole Grain Tortillas",
        "price": "6x65.0 g, $1.02/100g",
        "brand": "PC Blue Menu",
        "image_url": "https://assets.shop.loblaws.ca/products/20185659/b3/en/front/20185659_front_a06_@2.png",
        "image_alt": "PC Blue Menu 100% Whole Grain Tortillas 6x65.0 g, $1.02/100g",
        "price_product_tile": "$3.99$3.99"
    },
    {
        "id": 15,
        "name": "Extra Large Burrito Tortillas",
        "price": "630 g, $0.86/100g",
        "brand": "Casa Mendosa",
        "image_url": "https://assets.shop.loblaws.ca/products/21182266/b3/en/front/21182266_front_a06_@2.png",
        "image_alt": "Casa Mendosa Extra Large Burrito Tortillas 630 g, $0.86/100g",
        "price_product_tile": "$5.39$5.39"
    },
    {
        "id": 16,
        "name": "Corn Tortillas",
        "price": "200 g, $1.50/100g",
        "brand": "President's Choice",
        "image_url": "https://assets.shop.loblaws.ca/products/21364779/b3/en/front/21364779_front_a06_@2.png",
        "image_alt": "President's Choice Corn Tortillas 200 g, $1.50/100g",
        "price_product_tile": "$2.99$2.99"
    },
    {
        "id": 17,
        "name": "Lebanese-Style White Pita Bread",
        "price": "330 g, $0.45/100g",
        "brand": "Cedar",
        "image_url": "https://assets.shop.loblaws.ca/products/21509350/b3/en/front/21509350_front_a06_@2.png",
        "image_alt": "Cedar Lebanese-Style White Pita Bread 330 g, $0.45/100g",
        "price_product_tile": "$1.49$1.49"
    },
    {
        "id": 18,
        "name": "Flour Tortillas White 10 Medium",
        "price": "340 g, $1.11/100g",
        "brand": "Wonder",
        "image_url": "https://assets.shop.loblaws.ca/products/20976572/b3/en/front/20976572_front_a06_@2.png",
        "image_alt": "Wonder Flour Tortillas White 10 Medium  340 g, $1.11/100g",
        "price_product_tile": "$3.79$3.79"
    },
    {
        "id": 19,
        "name": "Wrap Me White Flour Tortillas Large",
        "price": "640 g, $0.70/100g",
        "brand": "Wonder",
        "image_url": "https://assets.shop.loblaws.ca/products/20976626/b3/en/front/20976626_front_a06_@2.png",
        "image_alt": "Wonder Wrap Me White Flour Tortillas Large  640 g, $0.70/100g",
        "price_product_tile": "$4.49$4.49"
    },
    {
        "id": 20,
        "name": "Garlic Naan",
        "price": "250 g, $1.12/100g",
        "brand": "President's Choice",
        "image_url": "https://assets.shop.loblaws.ca/products/20322759/b3/en/front/20322759_front_a06_@2.png",
        "image_alt": "President's Choice Garlic Naan\u00a0 250 g, $1.12/100g",
        "price_product_tile": "$2.79$2.79"
    },
    {
        "id": 21,
        "name": "Whole Wheat Lebanese-Style Pita Bread",
        "price": "330 g, $0.45/100g",
        "brand": "Cedar",
        "image_url": "https://assets.shop.loblaws.ca/products/21509333/b3/en/front/21509333_front_a06_@2.png",
        "image_alt": "Cedar Whole Wheat Lebanese-Style Pita Bread 330 g, $0.45/100g",
        "price_product_tile": "$1.49$1.49"
    },
    {
        "id": 22,
        "name": "Traditional Naan",
        "price": "250 g, $1.12/100g",
        "brand": "President's Choice",
        "image_url": "https://assets.shop.loblaws.ca/products/20321754/b3/en/front/20321754_front_a06_@2.png",
        "image_alt": "President's Choice Traditional Naan 250 g, $1.12/100g",
        "price_product_tile": "$2.79$2.79"
    },
    {
        "id": 23,
        "name": "Large Spinach Tortillas",
        "price": "384 g, $1.04/100g",
        "brand": "Casa Mendosa",
        "image_url": "https://assets.shop.loblaws.ca/products/20300820/b3/en/front/20300820_front_a06_@2.png",
        "image_alt": "Casa Mendosa Large Spinach Tortillas 384 g, $1.04/100g",
        "price_product_tile": "$3.99$3.99"
    },
    {
        "id": 24,
        "name": "10 Medium Tortillas, Whole Wheat",
        "price": "340 g, $0.88/100g",
        "brand": "Casa Mendosa",
        "image_url": "https://assets.shop.loblaws.ca/products/20322956/b3/en/front/20322956_front_a06_@2.png",
        "image_alt": "Casa Mendosa 10 Medium Tortillas, Whole Wheat 340 g, $0.88/100g",
        "price_product_tile": "$3.00$3.00$3.69$3.69SAVE $0.69"
    },
    {
        "id": 25,
        "name": "Mini Tortilllas Original",
        "price": "192 g, $1.82/100g",
        "brand": "President's Choice",
        "image_url": "https://assets.shop.loblaws.ca/products/20985848/b3/en/front/20985848_front_a06_@2.png",
        "image_alt": "President's Choice Mini Tortilllas Original  192 g, $1.82/100g",
        "price_product_tile": "$3.49$3.49"
    },
    {
        "id": 26,
        "name": "Gluten Free Tortillas Original",
        "price": "360 g, $1.66/100g",
        "brand": "President's Choice",
        "image_url": "https://assets.shop.loblaws.ca/products/21367743/b3/en/front/21367743_front_a06_@2.png",
        "image_alt": "President's Choice Gluten Free Tortillas Original 360 g, $1.66/100g",
        "price_product_tile": "$5.99$5.99"
    },
    {
        "id": 27,
        "name": "Roti Wrap Whole Wheat, 15pieces",
        "price": "750 g, $0.39/100g",
        "brand": "Crispy",
        "image_url": "https://assets.shop.loblaws.ca/products/21195569/b3/en/front/21195569_front_a06_@2.png",
        "image_alt": "Crispy Roti Wrap Whole Wheat, 15pieces 750 g, $0.39/100g",
        "price_product_tile": "$2.89$2.89$3.79$3.79SAVE $0.90"
    },
    {
        "id": 28,
        "name": "Thick Pizza Crust",
        "price": "300 g, $1.26/100g",
        "brand": "President's Choice",
        "image_url": "https://assets.shop.loblaws.ca/products/20896528/b3/en/front/20896528_front_a06_@2.png",
        "image_alt": "President's Choice Thick Pizza Crust 300 g, $1.26/100g",
        "price_product_tile": "$3.79$3.79"
    },
    {
        "id": 29,
        "name": "Tandoori Naan Garlic",
        "price": "500 g, $0.46/100g",
        "brand": "Crispy",
        "image_url": "https://assets.shop.loblaws.ca/products/21562218/b3/en/front/21562218_front_a06_@2.png",
        "image_alt": "Crispy Tandoori Naan Garlic 500 g, $0.46/100g",
        "price_product_tile": "$2.29$2.29"
    },
    {
        "id": 30,
        "name": "White Greek Pita",
        "price": "425 g, $0.35/100g",
        "brand": "No brand",
        "image_url": "https://assets.shop.loblaws.ca/products/21187620/b3/en/front/21187620_front_a06_@2.png",
        "image_alt": "null White Greek Pita 425 g, $0.35/100g",
        "price_product_tile": "$1.49$1.49"
    },
    {
        "id": 31,
        "name": "Flatbread Plain",
        "price": "500 g, $0.46/100g",
        "brand": "Crispy",
        "image_url": "https://assets.shop.loblaws.ca/products/21562485/b3/en/front/21562485_front_a06_@2.png",
        "image_alt": "Crispy Flatbread Plain 500 g, $0.46/100g",
        "price_product_tile": "$2.29$2.29"
    },
    {
        "id": 32,
        "name": "Original Large Tortillas",
        "price": "610 g, $0.79/100g",
        "brand": "Dempster",
        "image_url": "https://assets.shop.loblaws.ca/products/20008517/b3/en/front/20008517_front_a06_@2.png",
        "image_alt": "Dempster Original Large Tortillas 610 g, $0.79/100g",
        "price_product_tile": "$4.79$4.79"
    },
    {
        "id": 33,
        "name": "Arepas Yellow With Cheese",
        "price": "500 g, $1.26/100g",
        "brand": "No brand",
        "image_url": "https://assets.shop.loblaws.ca/products/20993173/b3/en/front/20993173_front_a06_@2.png",
        "image_alt": "null Arepas Yellow With Cheese 500 g, $1.26/100g",
        "price_product_tile": "$6.29$6.29"
    },
    {
        "id": 34,
        "name": "100% Whole Wheat Large Tortillas",
        "price": "610 g, $0.79/100g",
        "brand": "Dempster",
        "image_url": "https://assets.shop.loblaws.ca/products/21424015/b3/en/front/21424015_front_a06_@2.png",
        "image_alt": "Dempster 100% Whole Wheat Large Tortillas 610 g, $0.79/100g",
        "price_product_tile": "$4.79$4.79"
    },
    {
        "id": 35,
        "name": "Arepas White With Cheese",
        "price": "500 g, $1.26/100g",
        "brand": "No brand",
        "image_url": "https://assets.shop.loblaws.ca/products/20993180/b3/en/front/20993180_front_a06_@2.png",
        "image_alt": "null Arepas White With Cheese 500 g, $1.26/100g",
        "price_product_tile": "$6.29$6.29"
    },
    {
        "id": 36,
        "name": "Stuffing Croutons",
        "price": "567 g, $0.88/100g",
        "brand": "Villa Di Manno",
        "image_url": "https://assets.shop.loblaws.ca/products/21339118/b3/en/front/21339118_front_a06_@2.png",
        "image_alt": "Villa Di Manno Stuffing Croutons 567 g, $0.88/100g",
        "price_product_tile": "$4.99$4.99"
    },
    {
        "id": 37,
        "name": "Mughlai Roti",
        "price": "600 g, $0.50/100g",
        "brand": "Shimla",
        "image_url": "https://assets.shop.loblaws.ca/products/20121350/b3/en/front/20121350_front_a06_@2.png",
        "image_alt": "Shimla Mughlai Roti 600 g, $0.50/100g",
        "price_product_tile": "$2.99$2.99"
    },
    {
        "id": 38,
        "name": "12\" Thin Pizza Starter Kit",
        "price": "700 g, $0.78/100g",
        "brand": "Old Mill",
        "image_url": "https://assets.shop.loblaws.ca/products/20782086/b3/en/front/20782086_front_a06_@2.png",
        "image_alt": "Old Mill 12\" Thin Pizza Starter Kit 700 g, $0.78/100g",
        "price_product_tile": "$5.49$5.49"
    },
    {
        "id": 39,
        "name": "Italian Style Bread Crumbs",
        "price": "275 g, $1.20/100g",
        "brand": "President's Choice",
        "image_url": "https://assets.shop.loblaws.ca/products/20774168/b3/en/front/20774168_front_a06_@2.png",
        "image_alt": "President's Choice Italian Style Bread Crumbs 275 g, $1.20/100g",
        "price_product_tile": "$3.29$3.29"
    },
    {
        "id": 40,
        "name": "Pizza Starter Kit, Deep Dish",
        "price": "890 g, $0.73/100g",
        "brand": "Molinaro's",
        "image_url": "https://assets.shop.loblaws.ca/products/20340727/b3/en/front/20340727_front_a06_@2.png",
        "image_alt": "Molinaro's Pizza Starter Kit, Deep Dish 890 g, $0.73/100g",
        "price_product_tile": "$6.49$6.49"
    },
    {
        "id": 41,
        "name": "Roti Besan Chickpea",
        "price": "750 g, $0.67/100g",
        "brand": "Crispy",
        "image_url": "https://assets.shop.loblaws.ca/products/21229570/b3/en/front/21229570_front_a06_@2.png",
        "image_alt": "Crispy Roti Besan Chickpea 750 g, $0.67/100g",
        "price_product_tile": "$4.99$4.99"
    },
    {
        "id": 42,
        "name": "Nan Pita Bread Regular",
        "price": "795 g, $0.38/100g",
        "brand": "Shimla",
        "image_url": "https://assets.shop.loblaws.ca/products/20036861/b3/en/front/20036861_front_a06_@2.png",
        "image_alt": "Shimla Nan Pita Bread Regular 795 g, $0.38/100g",
        "price_product_tile": "$2.99$2.99"
    },
    {
        "id": 43,
        "name": "Bread Crumbs",
        "price": "300 g, $1.10/100g",
        "brand": "Villa Di Manno",
        "image_url": "https://assets.shop.loblaws.ca/products/20731584/b3/en/front/20731584_front_a06_@2.png",
        "image_alt": "Villa Di Manno Bread Crumbs 300 g, $1.10/100g",
        "price_product_tile": "$3.29$3.29"
    },
    {
        "id": 44,
        "name": "Kulcha Hand Made",
        "price": "330 g, $0.91/100g",
        "brand": "Fresho",
        "image_url": "https://assets.shop.loblaws.ca/products/21574888/b3/en/front/21574888_front_a06_@2.png",
        "image_alt": "Fresho Kulcha Hand Made 330 g, $0.91/100g",
        "price_product_tile": "$2.99$2.99"
    },
    {
        "id": 45,
        "name": "Vdm Bread Pizza Dough",
        "price": "672 g, $0.52/100g",
        "brand": "Villa Di Manno",
        "image_url": null,
        "image_alt": "Villa Di Manno Vdm Bread Pizza Dough 672 g, $0.52/100g",
        "price_product_tile": "$3.50$3.50"
    },
    {
        "id": 46,
        "name": "Snacking Rounds, Apple Cinnamon",
        "price": "312 g, $1.44/100g",
        "brand": "Pita Break",
        "image_url": "https://assets.shop.loblaws.ca/products/21001461/b3/en/front/21001461_front_a06_@2.png",
        "image_alt": "Pita Break Snacking Rounds, Apple Cinnamon 312 g, $1.44/100g",
        "price_product_tile": "$4.49$4.49"
    },
    {
        "id": 47,
        "name": "Flatbreads Naan Rounds Caramelized Onion",
        "price": "360 g, $1.11/100g",
        "brand": "Stonefire",
        "image_url": "https://assets.shop.loblaws.ca/products/21594557/b3/en/front/21594557_front_a06_@2.png",
        "image_alt": "Stonefire Flatbreads Naan Rounds Caramelized Onion 360 g, $1.11/100g",
        "price_product_tile": "$3.99$3.99"
    },
    {
        "id": 48,
        "name": "Naan Whole Wheat 5 Flatbreads",
        "price": "500 g, $0.60/100g",
        "brand": "Suraj",
        "image_url": "https://assets.shop.loblaws.ca/products/21051030/b3/en/front/21051030_front_a06_@2.png",
        "image_alt": "Suraj Naan Whole Wheat 5 Flatbreads 500 g, $0.60/100g",
        "price_product_tile": "$2.99$2.99"
    },
    {
        "id": 49,
        "name": "Morning Rounds, Cranberry Orange",
        "price": "450 g, $1.22/100g",
        "brand": "Pita Break",
        "image_url": "https://assets.shop.loblaws.ca/products/20643204/b3/en/front/20643204_front_a06_@2.png",
        "image_alt": "Pita Break Morning Rounds, Cranberry Orange 450 g, $1.22/100g",
        "price_product_tile": "$5.49$5.49"
    },
    {
        "id": 50,
        "name": "Morning Rounds, Apple Cinnamon",
        "price": "450 g, $1.22/100g",
        "brand": "Pita Break",
        "image_url": "https://assets.shop.loblaws.ca/products/20643205/b3/en/front/20643205_front_a06_@2.png",
        "image_alt": "Pita Break Morning Rounds, Apple Cinnamon 450 g, $1.22/100g",
        "price_product_tile": "$5.49$5.49"
    },
    {
        "id": 51,
        "name": "Mini Pitas, Whole Grain Wheat",
        "price": "480 g, $1.00/100g",
        "brand": "Pita Break",
        "image_url": "https://assets.shop.loblaws.ca/products/20015567/b3/en/front/20015567_front_a06_@2.png",
        "image_alt": "Pita Break Mini Pitas, Whole Grain Wheat 480 g, $1.00/100g",
        "price_product_tile": "$4.79$4.79"
    },
    {
        "id": 52,
        "name": "Corn Tortilla",
        "price": "200 g, $1.90/100g",
        "brand": "President's Choice",
        "image_url": "https://assets.shop.loblaws.ca/products/21383734/b3/en/front/21383734_front_a06_@2.png",
        "image_alt": "President's Choice Corn Tortilla 200 g, $1.90/100g",
        "price_product_tile": "$3.79$3.79"
    },
    {
        "id": 53,
        "name": "Methi (Fenugreek) Roti",
        "price": "750 g, $0.67/100g",
        "brand": "Crispy",
        "image_url": "https://assets.shop.loblaws.ca/products/21229574/b3/en/front/21229574_front_a06_@2.png",
        "image_alt": "Crispy Methi (Fenugreek) Roti 750 g, $0.67/100g",
        "price_product_tile": "$4.99$4.99"
    },
    {
        "id": 54,
        "name": "Whole Wheat 10\" Wraps",
        "price": "640 g, $0.70/100g",
        "brand": "Wonder",
        "image_url": "https://assets.shop.loblaws.ca/products/21182510/b3/en/front/21182510_front_a06_@2.png",
        "image_alt": "Wonder Whole Wheat 10\" Wraps 640 g, $0.70/100g",
        "price_product_tile": "$4.49$4.49"
    },
    {
        "id": 55,
        "name": "Pizza Dough Whole Wheat",
        "price": "750 g, $0.47/100g",
        "brand": "Villa Di Manno",
        "image_url": null,
        "image_alt": "Villa Di Manno Pizza Dough Whole Wheat 750 g, $0.47/100g",
        "price_product_tile": "$3.50$3.50"
    },
    {
        "id": 56,
        "name": "Roti Wrap Original, 15pieces",
        "price": "750 g, $0.39/100g",
        "brand": "Crispy",
        "image_url": "https://assets.shop.loblaws.ca/products/21195607/b3/en/front/21195607_front_a06_@2.png",
        "image_alt": "Crispy Roti Wrap Original, 15pieces 750 g, $0.39/100g",
        "price_product_tile": "$2.89$2.89$3.79$3.79SAVE $0.90"
    },
    {
        "id": 57,
        "name": "Pizza Starter Kit, Thin Crust",
        "price": "620 g, $1.05/100g",
        "brand": "Molinaro's",
        "image_url": "https://assets.shop.loblaws.ca/products/20344165/b3/en/front/20344165_front_a06_@2.png",
        "image_alt": "Molinaro's Pizza Starter Kit, Thin Crust 620 g, $1.05/100g",
        "price_product_tile": "$6.49$6.49"
    },
    {
        "id": 58,
        "name": "Whole Wheat Greek Pita",
        "price": "425 g, $0.35/100g",
        "brand": "No brand",
        "image_url": "https://assets.shop.loblaws.ca/products/21187601/b3/en/front/21187601_front_a06_@2.png",
        "image_alt": "null Whole Wheat Greek Pita 425 g, $0.35/100g",
        "price_product_tile": "$1.49$1.49"
    },
    {
        "id": 59,
        "name": "Morning Rounds, Muesli",
        "price": "450 g, $1.22/100g",
        "brand": "Pita Break",
        "image_url": "https://assets.shop.loblaws.ca/products/20643201/b3/en/front/20643201_front_a06_@2.png",
        "image_alt": "Pita Break Morning Rounds, Muesli 450 g, $1.22/100g",
        "price_product_tile": "$5.49$5.49"
    },
    {
        "id": 60,
        "name": "Mini Pitas, Regular",
        "price": "450 g, $1.06/100g",
        "brand": "Pita Break",
        "image_url": "https://assets.shop.loblaws.ca/products/20125755/b3/en/front/20125755_front_a06_@2.png",
        "image_alt": "Pita Break Mini Pitas, Regular 450 g, $1.06/100g",
        "price_product_tile": "$4.79$4.79"
    },
    {
        "id": 61,
        "name": "Snacking Rounds, Cinnamon Raisin",
        "price": "312 g, $1.44/100g",
        "brand": "Pita Break",
        "image_url": "https://assets.shop.loblaws.ca/products/21001462/b3/en/front/21001462_front_a06_@2.png",
        "image_alt": "Pita Break Snacking Rounds, Cinnamon Raisin 312 g, $1.44/100g",
        "price_product_tile": "$4.49$4.49"
    },
    {
        "id": 62,
        "name": "Gluten Free Plain Bread Crumbs",
        "price": "275 g, $1.74/100g",
        "brand": "President's Choice",
        "image_url": "https://assets.shop.loblaws.ca/products/20832719/b3/en/front/20832719_front_a06_@2.png",
        "image_alt": "President's Choice Gluten Free Plain Bread Crumbs 275 g, $1.74/100g",
        "price_product_tile": "$4.79$4.79"
    },
    {
        "id": 63,
        "name": "Broghies Corn Popped Grains",
        "price": "120 g, $4.16/100g",
        "brand": "No brand",
        "image_url": "https://assets.shop.loblaws.ca/products/21428183/b3/en/front/21428183_front_a06_@2.png",
        "image_alt": "null Broghies Corn Popped Grains 120 g, $4.16/100g",
        "price_product_tile": "$4.99$4.99"
    },
    {
        "id": 64,
        "name": "Kulcha Onion Hand Made",
        "price": "330 g, $0.91/100g",
        "brand": "Fresho",
        "image_url": "https://assets.shop.loblaws.ca/products/21575014/b3/en/front/21575014_front_a06_@2.png",
        "image_alt": "Fresho Kulcha Onion Hand Made 330 g, $0.91/100g",
        "price_product_tile": "$2.99$2.99"
    },
    {
        "id": 65,
        "name": "Flatbreads Tandoori Naan Whole Wheat",
        "price": "500 g, $0.46/100g",
        "brand": "Crispy",
        "image_url": "https://assets.shop.loblaws.ca/products/21562542/b3/en/front/21562542_front_a06_@2.png",
        "image_alt": "Crispy Flatbreads Tandoori Naan Whole Wheat 500 g, $0.46/100g",
        "price_product_tile": "$2.29$2.29"
    }
]