<div data-testid="product-grid" class="css-epcqr3"><div class="css-0"><div class="css-f5i5wc"><div class="chakra-linkbox css-vhnn8v"><div data-testid="product-image" class="css-16dr4ly"><img alt="President's Choice Gourmet West Coast Dark Roast Fine Grind Coffee 875 g, $1.71/100g" src="https://assets.shop.loblaws.ca/products/21393374/b3/en/front/21393374_front_a06_@2.png" srcset="https://assets.shop.loblaws.ca/products/21393374/b3/en/front/21393374_front_a06_@2.png 1x, https://assets.shop.loblaws.ca/products/21393374/b3/en/front/21393374_front_a06_@2.png 2x" loading="lazy" class="chakra-image css-oguq8l" aria-hidden="true"></div><div class="css-qoklea"><div class="css-12dchmx"></div><div data-testid="price-product-tile" class="css-8atqhb"><p class="chakra-text css-0"><span class="chakra-text css-o93gbd" data-testid="sale-price"><span class="css-idkz9h">$14.99</span>$14.99</span><span class="chakra-text css-623q5h" data-testid="was-price"><span class="css-idkz9h">$15.99</span>$15.99</span></p><p class="chakra-text css-1m5a6y8" data-testid="price-descriptor">SAVE $1.00</p></div><a href="/gourmet-west-coast-dark-roast-fine-grind-coffee/p/21393374_EA?source=nspt" class="chakra-linkbox__overlay css-1hnz6hu"><div class="css-0"><p class="chakra-text css-1ecdp9w" data-testid="product-brand">President's Choice</p><h3 class="chakra-heading css-6qrhwc" id="21393374_EA" data-testid="product-title">Gourmet West Coast Dark Roast Fine Grind Coffee</h3><p class="chakra-text css-1yftjin" data-testid="product-package-size">875 g, $1.71/100g</p></div></a><div class="css-8keand"></div></div><div class="css-1q5omjq"><div class="css-fcebb8"><div data-testid="atc-compact" class="css-y94ivq" style="width: 45px;"><button type="button" class="chakra-button css-mudsm6" data-testid="atc-button"><svg stroke="currentColor" fill="currentColor" stroke-width="0" viewBox="0 0 24 24" focusable="false" class="chakra-icon css-1g3sp7a" data-testid="btn-icon" aria-hidden="true" height="1em" width="1em" xmlns="http://www.w3.org/2000/svg"><path d="M19 13h-6v6h-2v-6H5v-2h6V5h2v6h6v2z"></path></svg><span class="css-idkz9h">Add Gourmet West Coast Dark Roast Fine Grind Coffee to cart</span></button></div></div></div></div></div></div><div class="css-0"><div class="css-f5i5wc"><div class="chakra-linkbox css-vhnn8v"><div data-testid="product-image" class="css-16dr4ly"><img alt="Maxwell House Original Roast Instant Coffee 150 g, $3.66/100g" src="https://assets.shop.loblaws.ca/products/21026608/b3/en/front/21026608_front_a06_@2.png" srcset="https://assets.shop.loblaws.ca/products/21026608/b3/en/front/21026608_front_a06_@2.png 1x, https://assets.shop.loblaws.ca/products/21026608/b3/en/front/21026608_front_a06_@2.png 2x" loading="lazy" class="chakra-image css-oguq8l" aria-hidden="true"></div><div class="css-qoklea"><div class="css-12dchmx"></div><div data-testid="price-product-tile" class="css-8atqhb"><p class="chakra-text css-0"><span class="chakra-text css-pwnbcb" data-testid="regular-price"><span class="css-idkz9h">$5.49</span>$5.49</span></p></div><a href="/original-roast-instant-coffee/p/21026608_EA?source=nspt" class="chakra-linkbox__overlay css-1hnz6hu"><div class="css-0"><p class="chakra-text css-1ecdp9w" data-testid="product-brand">Maxwell House</p><h3 class="chakra-heading css-6qrhwc" id="21026608_EA" data-testid="product-title">Original Roast Instant Coffee</h3><p class="chakra-text css-1yftjin" data-testid="product-package-size">150 g, $3.66/100g</p></div></a><div class="css-8keand"></div></div><div class="css-1q5omjq"><div class="css-fcebb8"><div data-testid="atc-compact" class="css-y94ivq" style="width: 45px;"><button type="button" class="chakra-button css-mudsm6" data-testid="atc-button"><svg stroke="currentColor" fill="currentColor" stroke-width="0" viewBox="0 0 24 24" focusable="false" class="chakra-icon css-1g3sp7a" data-testid="btn-icon" aria-hidden="true" height="1em" width="1em" xmlns="http://www.w3.org/2000/svg"><path d="M19 13h-6v6h-2v-6H5v-2h6V5h2v6h6v2z"></path></svg><span class="css-idkz9h">Add Original Roast Instant Coffee to cart</span></button></div></div></div></div></div></div><div class="css-0"><div class="css-f5i5wc"><div class="chakra-linkbox css-vhnn8v"><div data-testid="product-image" class="css-16dr4ly"><img alt="President's Choice The Great Canadian Light to Medium Roast Fine Grind Coffee 930 g, $1.61/100g" src="https://assets.shop.loblaws.ca/products/21393573/b3/en/front/21393573_front_a06_@2.png" srcset="https://assets.shop.loblaws.ca/products/21393573/b3/en/front/21393573_front_a06_@2.png 1x, https://assets.shop.loblaws.ca/products/21393573/b3/en/front/21393573_front_a06_@2.png 2x" loading="lazy" class="chakra-image css-oguq8l" aria-hidden="true"></div><div class="css-qoklea"><div class="css-12dchmx"></div><div data-testid="price-product-tile" class="css-8atqhb"><p class="chakra-text css-0"><span class="chakra-text css-o93gbd" data-testid="sale-price"><span class="css-idkz9h">$14.99</span>$14.99</span><span class="chakra-text css-623q5h" data-testid="was-price"><span class="css-idkz9h">$15.99</span>$15.99</span></p><p class="chakra-text css-1m5a6y8" data-testid="price-descriptor">SAVE $1.00</p></div><a href="/the-great-canadian-light-to-medium-roast-fine-grin/p/21393573_EA?source=nspt" class="chakra-linkbox__overlay css-1hnz6hu"><div class="css-0"><p class="chakra-text css-1ecdp9w" data-testid="product-brand">President's Choice</p><h3 class="chakra-heading css-6qrhwc" id="21393573_EA" data-testid="product-title">The Great Canadian Light to Medium Roast Fine Grind Coffee</h3><p class="chakra-text css-1yftjin" data-testid="product-package-size">930 g, $1.61/100g</p></div></a><div class="css-8keand"></div></div><div class="css-1q5omjq"><div class="css-fcebb8"><div data-testid="atc-compact" class="css-y94ivq" style="width: 45px;"><button type="button" class="chakra-button css-mudsm6" data-testid="atc-button"><svg stroke="currentColor" fill="currentColor" stroke-width="0" viewBox="0 0 24 24" focusable="false" class="chakra-icon css-1g3sp7a" data-testid="btn-icon" aria-hidden="true" height="1em" width="1em" xmlns="http://www.w3.org/2000/svg"><path d="M19 13h-6v6h-2v-6H5v-2h6V5h2v6h6v2z"></path></svg><span class="css-idkz9h">Add The Great Canadian Light to Medium Roast Fine Grind Coffee to cart</span></button></div></div></div></div></div></div><div class="css-0"><div class="css-f5i5wc"><div class="chakra-linkbox css-vhnn8v"><div data-testid="product-image" class="css-16dr4ly"><img alt="Nescafe Rich Instant Coffee 170 g, $3.99/100g" src="https://assets.shop.loblaws.ca/products/20873036/b3/en/front/20873036_front_a06_@2.png" srcset="https://assets.shop.loblaws.ca/products/20873036/b3/en/front/20873036_front_a06_@2.png 1x, https://assets.shop.loblaws.ca/products/20873036/b3/en/front/20873036_front_a06_@2.png 2x" loading="lazy" class="chakra-image css-oguq8l" aria-hidden="true"></div><div class="css-qoklea"><div class="css-12dchmx"></div><div data-testid="price-product-tile" class="css-8atqhb"><p class="chakra-text css-0"><span class="chakra-text css-pwnbcb" data-testid="regular-price"><span class="css-idkz9h">$6.79</span>$6.79</span></p></div><a href="/rich-instant-coffee/p/20873036_EA?source=nspt" class="chakra-linkbox__overlay css-1hnz6hu"><div class="css-0"><p class="chakra-text css-1ecdp9w" data-testid="product-brand">Nescafe</p><h3 class="chakra-heading css-6qrhwc" id="20873036_EA" data-testid="product-title">Rich Instant Coffee</h3><p class="chakra-text css-1yftjin" data-testid="product-package-size">170 g, $3.99/100g</p></div></a><div class="css-8keand"></div></div><div class="css-1q5omjq"><div class="css-fcebb8"><div data-testid="atc-compact" class="css-y94ivq" style="width: 45px;"><button type="button" class="chakra-button css-mudsm6" data-testid="atc-button"><svg stroke="currentColor" fill="currentColor" stroke-width="0" viewBox="0 0 24 24" focusable="false" class="chakra-icon css-1g3sp7a" data-testid="btn-icon" aria-hidden="true" height="1em" width="1em" xmlns="http://www.w3.org/2000/svg"><path d="M19 13h-6v6h-2v-6H5v-2h6V5h2v6h6v2z"></path></svg><span class="css-idkz9h">Add Rich Instant Coffee to cart</span></button></div></div></div></div></div></div><div class="css-0"><div class="css-f5i5wc"><div class="chakra-linkbox css-vhnn8v"><div data-testid="product-image" class="css-16dr4ly"><img alt="Folgers Classic Roast Ground Coffee 816 g, $1.22/100g" src="https://assets.shop.loblaws.ca/products/21478183/b3/en/front/21478183_front_a06_@2.png" srcset="https://assets.shop.loblaws.ca/products/21478183/b3/en/front/21478183_front_a06_@2.png 1x, https://assets.shop.loblaws.ca/products/21478183/b3/en/front/21478183_front_a06_@2.png 2x" loading="lazy" class="chakra-image css-oguq8l" aria-hidden="true"></div><div class="css-qoklea"><div class="css-12dchmx"></div><div data-testid="price-product-tile" class="css-8atqhb"><p class="chakra-text css-0"><span class="chakra-text css-pwnbcb" data-testid="regular-price"><span class="css-idkz9h">$9.99</span>$9.99</span></p></div><a href="/classic-roast-ground-coffee/p/21478183_EA?source=nspt" class="chakra-linkbox__overlay css-1hnz6hu"><div class="css-0"><p class="chakra-text css-1ecdp9w" data-testid="product-brand">Folgers</p><h3 class="chakra-heading css-6qrhwc" id="21478183_EA" data-testid="product-title">Classic Roast Ground Coffee</h3><p class="chakra-text css-1yftjin" data-testid="product-package-size">816 g, $1.22/100g</p></div></a><div class="css-8keand"></div></div><div class="css-1q5omjq"><div class="css-fcebb8"><div data-testid="atc-compact" class="css-y94ivq" style="width: 45px;"><button type="button" class="chakra-button css-mudsm6" data-testid="atc-button"><svg stroke="currentColor" fill="currentColor" stroke-width="0" viewBox="0 0 24 24" focusable="false" class="chakra-icon css-1g3sp7a" data-testid="btn-icon" aria-hidden="true" height="1em" width="1em" xmlns="http://www.w3.org/2000/svg"><path d="M19 13h-6v6h-2v-6H5v-2h6V5h2v6h6v2z"></path></svg><span class="css-idkz9h">Add Classic Roast Ground Coffee to cart</span></button></div></div></div></div></div></div><div class="css-0"><div class="css-f5i5wc"><div class="chakra-linkbox css-vhnn8v"><div data-testid="product-image" class="css-16dr4ly"><img alt="President's Choice Gourmet Medium Roast Extra Fine Grind Coffee 930 g, $1.61/100g" src="https://assets.shop.loblaws.ca/products/21393574/b3/en/front/21393574_front_a06_@2.png" srcset="https://assets.shop.loblaws.ca/products/21393574/b3/en/front/21393574_front_a06_@2.png 1x, https://assets.shop.loblaws.ca/products/21393574/b3/en/front/21393574_front_a06_@2.png 2x" loading="lazy" class="chakra-image css-oguq8l" aria-hidden="true"></div><div class="css-qoklea"><div class="css-12dchmx"></div><div data-testid="price-product-tile" class="css-8atqhb"><p class="chakra-text css-0"><span class="chakra-text css-o93gbd" data-testid="sale-price"><span class="css-idkz9h">$14.99</span>$14.99</span><span class="chakra-text css-623q5h" data-testid="was-price"><span class="css-idkz9h">$15.99</span>$15.99</span></p><p class="chakra-text css-1m5a6y8" data-testid="price-descriptor">SAVE $1.00</p></div><a href="/gourmet-medium-roast-extra-fine-grind-coffee/p/21393574_EA?source=nspt" class="chakra-linkbox__overlay css-1hnz6hu"><div class="css-0"><p class="chakra-text css-1ecdp9w" data-testid="product-brand">President's Choice</p><h3 class="chakra-heading css-6qrhwc" id="21393574_EA" data-testid="product-title">Gourmet Medium Roast Extra Fine Grind Coffee</h3><p class="chakra-text css-1yftjin" data-testid="product-package-size">930 g, $1.61/100g</p></div></a><div class="css-8keand"></div></div><div class="css-1q5omjq"><div class="css-fcebb8"><div data-testid="atc-compact" class="css-y94ivq" style="width: 45px;"><button type="button" class="chakra-button css-mudsm6" data-testid="atc-button"><svg stroke="currentColor" fill="currentColor" stroke-width="0" viewBox="0 0 24 24" focusable="false" class="chakra-icon css-1g3sp7a" data-testid="btn-icon" aria-hidden="true" height="1em" width="1em" xmlns="http://www.w3.org/2000/svg"><path d="M19 13h-6v6h-2v-6H5v-2h6V5h2v6h6v2z"></path></svg><span class="css-idkz9h">Add Gourmet Medium Roast Extra Fine Grind Coffee to cart</span></button></div></div></div></div></div></div><div class="css-0"><div class="css-f5i5wc"><div class="chakra-linkbox css-vhnn8v"><div data-testid="product-image" class="css-16dr4ly"><img alt="President's Choice Gourmet Medium Roast Regular Grind Coffee  930 g, $1.61/100g" src="https://assets.shop.loblaws.ca/products/21393556/b3/en/front/21393556_front_a06_@2.png" srcset="https://assets.shop.loblaws.ca/products/21393556/b3/en/front/21393556_front_a06_@2.png 1x, https://assets.shop.loblaws.ca/products/21393556/b3/en/front/21393556_front_a06_@2.png 2x" loading="lazy" class="chakra-image css-oguq8l" aria-hidden="true"></div><div class="css-qoklea"><div class="css-12dchmx"></div><div data-testid="price-product-tile" class="css-8atqhb"><p class="chakra-text css-0"><span class="chakra-text css-o93gbd" data-testid="sale-price"><span class="css-idkz9h">$14.99</span>$14.99</span><span class="chakra-text css-623q5h" data-testid="was-price"><span class="css-idkz9h">$15.99</span>$15.99</span></p><p class="chakra-text css-1m5a6y8" data-testid="price-descriptor">SAVE $1.00</p></div><a href="/gourmet-medium-roast-regular-grind-coffee/p/21393556_EA?source=nspt" class="chakra-linkbox__overlay css-1hnz6hu"><div class="css-0"><p class="chakra-text css-1ecdp9w" data-testid="product-brand">President's Choice</p><h3 class="chakra-heading css-6qrhwc" id="21393556_EA" data-testid="product-title">Gourmet Medium Roast Regular Grind Coffee </h3><p class="chakra-text css-1yftjin" data-testid="product-package-size">930 g, $1.61/100g</p></div></a><div class="css-8keand"></div></div><div class="css-1q5omjq"><div class="css-fcebb8"><div data-testid="atc-compact" class="css-y94ivq" style="width: 45px;"><button type="button" class="chakra-button css-mudsm6" data-testid="atc-button"><svg stroke="currentColor" fill="currentColor" stroke-width="0" viewBox="0 0 24 24" focusable="false" class="chakra-icon css-1g3sp7a" data-testid="btn-icon" aria-hidden="true" height="1em" width="1em" xmlns="http://www.w3.org/2000/svg"><path d="M19 13h-6v6h-2v-6H5v-2h6V5h2v6h6v2z"></path></svg><span class="css-idkz9h">Add Gourmet Medium Roast Regular Grind Coffee  to cart</span></button></div></div></div></div></div></div><div class="css-0"><div class="css-f5i5wc"><div class="chakra-linkbox css-vhnn8v"><div data-testid="product-image" class="css-16dr4ly"><img alt="Nescafe GOLD Espresso Instant Coffee 100 g, $8.49/100g" src="https://assets.shop.loblaws.ca/products/21074565/b3/en/front/21074565_front_a06_@2.png" srcset="https://assets.shop.loblaws.ca/products/21074565/b3/en/front/21074565_front_a06_@2.png 1x, https://assets.shop.loblaws.ca/products/21074565/b3/en/front/21074565_front_a06_@2.png 2x" loading="lazy" class="chakra-image css-oguq8l" aria-hidden="true"></div><div class="css-qoklea"><div class="css-12dchmx"></div><div data-testid="price-product-tile" class="css-8atqhb"><p class="chakra-text css-0"><span class="chakra-text css-pwnbcb" data-testid="regular-price"><span class="css-idkz9h">$8.49</span>$8.49</span></p></div><a href="/gold-espresso-instant-coffee/p/21074565_EA?source=nspt" class="chakra-linkbox__overlay css-1hnz6hu"><div class="css-0"><p class="chakra-text css-1ecdp9w" data-testid="product-brand">Nescafe</p><h3 class="chakra-heading css-6qrhwc" id="21074565_EA" data-testid="product-title">GOLD Espresso Instant Coffee</h3><p class="chakra-text css-1yftjin" data-testid="product-package-size">100 g, $8.49/100g</p></div></a><div class="css-8keand"></div></div><div class="css-1q5omjq"><div class="css-fcebb8"><div data-testid="atc-compact" class="css-y94ivq" style="width: 45px;"><button type="button" class="chakra-button css-mudsm6" data-testid="atc-button"><svg stroke="currentColor" fill="currentColor" stroke-width="0" viewBox="0 0 24 24" focusable="false" class="chakra-icon css-1g3sp7a" data-testid="btn-icon" aria-hidden="true" height="1em" width="1em" xmlns="http://www.w3.org/2000/svg"><path d="M19 13h-6v6h-2v-6H5v-2h6V5h2v6h6v2z"></path></svg><span class="css-idkz9h">Add GOLD Espresso Instant Coffee to cart</span></button></div></div></div></div></div></div><div class="css-0"><div class="css-f5i5wc"><div class="chakra-linkbox css-vhnn8v"><div data-testid="product-image" class="css-16dr4ly"><img alt="Maxwell House Pure Ground Coffee Rich Dark Roast 900 g, $1.22/100g" src="https://assets.shop.loblaws.ca/products/21479234/b3/en/front/21479234_front_a06_@2.png" srcset="https://assets.shop.loblaws.ca/products/21479234/b3/en/front/21479234_front_a06_@2.png 1x, https://assets.shop.loblaws.ca/products/21479234/b3/en/front/21479234_front_a06_@2.png 2x" loading="lazy" class="chakra-image css-oguq8l" aria-hidden="true"></div><div class="css-qoklea"><div class="css-12dchmx"></div><div data-testid="price-product-tile" class="css-8atqhb"><p class="chakra-text css-0"><span class="chakra-text css-pwnbcb" data-testid="regular-price"><span class="css-idkz9h">$10.99</span>$10.99</span></p></div><a href="/pure-ground-coffee-rich-dark-roast/p/21479234_EA?source=nspt" class="chakra-linkbox__overlay css-1hnz6hu"><div class="css-0"><p class="chakra-text css-1ecdp9w" data-testid="product-brand">Maxwell House</p><h3 class="chakra-heading css-6qrhwc" id="21479234_EA" data-testid="product-title">Pure Ground Coffee Rich Dark Roast</h3><p class="chakra-text css-1yftjin" data-testid="product-package-size">900 g, $1.22/100g</p></div></a><div class="css-8keand"></div></div><div class="css-1q5omjq"><div class="css-fcebb8"><div data-testid="atc-compact" class="css-y94ivq" style="width: 45px;"><button type="button" class="chakra-button css-mudsm6" data-testid="atc-button"><svg stroke="currentColor" fill="currentColor" stroke-width="0" viewBox="0 0 24 24" focusable="false" class="chakra-icon css-1g3sp7a" data-testid="btn-icon" aria-hidden="true" height="1em" width="1em" xmlns="http://www.w3.org/2000/svg"><path d="M19 13h-6v6h-2v-6H5v-2h6V5h2v6h6v2z"></path></svg><span class="css-idkz9h">Add Pure Ground Coffee Rich Dark Roast to cart</span></button></div></div></div></div></div></div><div class="css-0"><div class="css-f5i5wc"><div class="chakra-linkbox css-vhnn8v"><div data-testid="product-image" class="css-16dr4ly"><img alt="Tim Hortons Original Fine Grind Coffee 930 g, $2.15/100g" src="https://assets.shop.loblaws.ca/products/20875767/b3/en/front/20875767_front_a06_@2.png" srcset="https://assets.shop.loblaws.ca/products/20875767/b3/en/front/20875767_front_a06_@2.png 1x, https://assets.shop.loblaws.ca/products/20875767/b3/en/front/20875767_front_a06_@2.png 2x" loading="lazy" class="chakra-image css-oguq8l" aria-hidden="true"></div><div class="css-qoklea"><div class="css-12dchmx"></div><div data-testid="price-product-tile" class="css-8atqhb"><p class="chakra-text css-0"><span class="chakra-text css-o93gbd" data-testid="sale-price"><span class="css-idkz9h">$19.99</span>$19.99</span><span class="chakra-text css-623q5h" data-testid="was-price"><span class="css-idkz9h">$24.99</span>$24.99</span></p><p class="chakra-text css-1m5a6y8" data-testid="price-descriptor">SAVE $5.00</p></div><a href="/original-fine-grind-coffee/p/20875767_EA?source=nspt" class="chakra-linkbox__overlay css-1hnz6hu"><div class="css-0"><p class="chakra-text css-1ecdp9w" data-testid="product-brand">Tim Hortons</p><h3 class="chakra-heading css-6qrhwc" id="20875767_EA" data-testid="product-title">Original Fine Grind Coffee</h3><p class="chakra-text css-1yftjin" data-testid="product-package-size">930 g, $2.15/100g</p></div></a><div class="css-8keand"></div></div><div class="css-1q5omjq"><div class="css-fcebb8"><div data-testid="atc-compact" class="css-y94ivq" style="width: 45px;"><button type="button" class="chakra-button css-mudsm6" data-testid="atc-button"><svg stroke="currentColor" fill="currentColor" stroke-width="0" viewBox="0 0 24 24" focusable="false" class="chakra-icon css-1g3sp7a" data-testid="btn-icon" aria-hidden="true" height="1em" width="1em" xmlns="http://www.w3.org/2000/svg"><path d="M19 13h-6v6h-2v-6H5v-2h6V5h2v6h6v2z"></path></svg><span class="css-idkz9h">Add Original Fine Grind Coffee to cart</span></button></div></div></div></div></div></div><div class="css-0"><div class="css-f5i5wc"><div class="chakra-linkbox css-vhnn8v"><div data-testid="product-image" class="css-16dr4ly"><img alt="Lavazza Crema e Gusto Ground Coffee, Classico 250 g, $2.00/100g" src="https://assets.shop.loblaws.ca/products/21553695/b3/en/front/21553695_front_a06_@2.png" srcset="https://assets.shop.loblaws.ca/products/21553695/b3/en/front/21553695_front_a06_@2.png 1x, https://assets.shop.loblaws.ca/products/21553695/b3/en/front/21553695_front_a06_@2.png 2x" loading="lazy" class="chakra-image css-oguq8l" aria-hidden="true"></div><div class="css-qoklea"><div class="css-12dchmx"></div><div data-testid="price-product-tile" class="css-8atqhb"><p class="chakra-text css-0"><span class="chakra-text css-pwnbcb" data-testid="regular-price"><span class="css-idkz9h">$5.00</span>$5.00</span></p></div><a href="/crema-e-gusto-ground-coffee-classico/p/21553695_EA?source=nspt" class="chakra-linkbox__overlay css-1hnz6hu"><div class="css-0"><p class="chakra-text css-1ecdp9w" data-testid="product-brand">Lavazza</p><h3 class="chakra-heading css-6qrhwc" id="21553695_EA" data-testid="product-title">Crema e Gusto Ground Coffee, Classico</h3><p class="chakra-text css-1yftjin" data-testid="product-package-size">250 g, $2.00/100g</p></div></a><div class="css-8keand"></div></div><div class="css-1q5omjq"><div class="css-fcebb8"><div data-testid="atc-compact" class="css-y94ivq" style="width: 45px;"><button type="button" class="chakra-button css-mudsm6" data-testid="atc-button"><svg stroke="currentColor" fill="currentColor" stroke-width="0" viewBox="0 0 24 24" focusable="false" class="chakra-icon css-1g3sp7a" data-testid="btn-icon" aria-hidden="true" height="1em" width="1em" xmlns="http://www.w3.org/2000/svg"><path d="M19 13h-6v6h-2v-6H5v-2h6V5h2v6h6v2z"></path></svg><span class="css-idkz9h">Add Crema e Gusto Ground Coffee, Classico to cart</span></button></div></div></div></div></div></div><div class="css-0"><div class="css-f5i5wc"><div class="chakra-linkbox css-vhnn8v"><div data-testid="product-image" class="css-16dr4ly"><img alt="Nescafe Tasters Choice Classic Instant Coffee 100 g, $7.99/100g" src="https://assets.shop.loblaws.ca/products/20661811001/b3/en/front/20661811001_front_a06_@2.png" srcset="https://assets.shop.loblaws.ca/products/20661811001/b3/en/front/20661811001_front_a06_@2.png 1x, https://assets.shop.loblaws.ca/products/20661811001/b3/en/front/20661811001_front_a06_@2.png 2x" loading="lazy" class="chakra-image css-oguq8l" aria-hidden="true"></div><div class="css-qoklea"><div class="css-12dchmx"></div><div data-testid="price-product-tile" class="css-8atqhb"><p class="chakra-text css-0"><span class="chakra-text css-pwnbcb" data-testid="regular-price"><span class="css-idkz9h">$7.99</span>$7.99</span></p></div><a href="/tasters-choice-classic-instant-coffee/p/20661811001_EA?source=nspt" class="chakra-linkbox__overlay css-1hnz6hu"><div class="css-0"><p class="chakra-text css-1ecdp9w" data-testid="product-brand">Nescafe</p><h3 class="chakra-heading css-6qrhwc" id="20661811001_EA" data-testid="product-title">Tasters Choice Classic Instant Coffee</h3><p class="chakra-text css-1yftjin" data-testid="product-package-size">100 g, $7.99/100g</p></div></a><div class="css-8keand"></div></div><div class="css-1q5omjq"><div class="css-fcebb8"><div data-testid="atc-compact" class="css-y94ivq" style="width: 45px;"><button type="button" class="chakra-button css-mudsm6" data-testid="atc-button"><svg stroke="currentColor" fill="currentColor" stroke-width="0" viewBox="0 0 24 24" focusable="false" class="chakra-icon css-1g3sp7a" data-testid="btn-icon" aria-hidden="true" height="1em" width="1em" xmlns="http://www.w3.org/2000/svg"><path d="M19 13h-6v6h-2v-6H5v-2h6V5h2v6h6v2z"></path></svg><span class="css-idkz9h">Add Tasters Choice Classic Instant Coffee to cart</span></button></div></div></div></div></div></div><div class="css-0"><div class="css-f5i5wc"><div class="chakra-linkbox css-vhnn8v"><div data-testid="product-image" class="css-16dr4ly"><img alt="President's Choice Gourmet West Coast Dark Roast™ Whole Bean Coffee 907 g, $1.87/100g" src="https://assets.shop.loblaws.ca/products/21393334/b3/en/front/21393334_front_a06_@2.png" srcset="https://assets.shop.loblaws.ca/products/21393334/b3/en/front/21393334_front_a06_@2.png 1x, https://assets.shop.loblaws.ca/products/21393334/b3/en/front/21393334_front_a06_@2.png 2x" loading="lazy" class="chakra-image css-oguq8l" aria-hidden="true"></div><div class="css-qoklea"><div class="css-12dchmx"></div><div data-testid="price-product-tile" class="css-8atqhb"><p class="chakra-text css-0"><span class="chakra-text css-pwnbcb" data-testid="regular-price"><span class="css-idkz9h">$16.99</span>$16.99</span></p></div><a href="/gourmet-west-coast-dark-roast-whole-bean-coffee/p/21393334_EA?source=nspt" class="chakra-linkbox__overlay css-1hnz6hu"><div class="css-0"><p class="chakra-text css-1ecdp9w" data-testid="product-brand">President's Choice</p><h3 class="chakra-heading css-6qrhwc" id="21393334_EA" data-testid="product-title">Gourmet West Coast Dark Roast™ Whole Bean Coffee</h3><p class="chakra-text css-1yftjin" data-testid="product-package-size">907 g, $1.87/100g</p></div></a><div class="css-8keand"></div></div><div class="css-1q5omjq"><div class="css-fcebb8"><div data-testid="atc-compact" class="css-y94ivq" style="width: 45px;"><button type="button" class="chakra-button css-mudsm6" data-testid="atc-button"><svg stroke="currentColor" fill="currentColor" stroke-width="0" viewBox="0 0 24 24" focusable="false" class="chakra-icon css-1g3sp7a" data-testid="btn-icon" aria-hidden="true" height="1em" width="1em" xmlns="http://www.w3.org/2000/svg"><path d="M19 13h-6v6h-2v-6H5v-2h6V5h2v6h6v2z"></path></svg><span class="css-idkz9h">Add Gourmet West Coast Dark Roast™ Whole Bean Coffee to cart</span></button></div></div></div></div></div></div><div class="css-0"><div class="css-f5i5wc"><div class="chakra-linkbox css-vhnn8v"><div data-testid="product-image" class="css-16dr4ly"><img alt="Lavazza Rossa Ground Coffee 250 g, $2.00/100g" src="https://assets.shop.loblaws.ca/products/21553714/b3/en/front/21553714_front_a06_@2.png" srcset="https://assets.shop.loblaws.ca/products/21553714/b3/en/front/21553714_front_a06_@2.png 1x, https://assets.shop.loblaws.ca/products/21553714/b3/en/front/21553714_front_a06_@2.png 2x" loading="lazy" class="chakra-image css-oguq8l" aria-hidden="true"></div><div class="css-qoklea"><div class="css-12dchmx"></div><div data-testid="price-product-tile" class="css-8atqhb"><p class="chakra-text css-0"><span class="chakra-text css-pwnbcb" data-testid="regular-price"><span class="css-idkz9h">$5.00</span>$5.00</span></p></div><a href="/rossa-ground-coffee/p/21553714_EA?source=nspt" class="chakra-linkbox__overlay css-1hnz6hu"><div class="css-0"><p class="chakra-text css-1ecdp9w" data-testid="product-brand">Lavazza</p><h3 class="chakra-heading css-6qrhwc" id="21553714_EA" data-testid="product-title">Rossa Ground Coffee</h3><p class="chakra-text css-1yftjin" data-testid="product-package-size">250 g, $2.00/100g</p></div></a><div class="css-8keand"></div></div><div class="css-1q5omjq"><div class="css-fcebb8"><div data-testid="atc-compact" class="css-y94ivq" style="width: 45px;"><button type="button" class="chakra-button css-mudsm6" data-testid="atc-button"><svg stroke="currentColor" fill="currentColor" stroke-width="0" viewBox="0 0 24 24" focusable="false" class="chakra-icon css-1g3sp7a" data-testid="btn-icon" aria-hidden="true" height="1em" width="1em" xmlns="http://www.w3.org/2000/svg"><path d="M19 13h-6v6h-2v-6H5v-2h6V5h2v6h6v2z"></path></svg><span class="css-idkz9h">Add Rossa Ground Coffee to cart</span></button></div></div></div></div></div></div><div class="css-0"><div class="css-f5i5wc"><div class="chakra-linkbox css-vhnn8v"><div data-testid="product-image" class="css-16dr4ly"><img alt="Tim Hortons Original K-Cup Coffee Pods 30 ea, $0.70/1ea" src="https://assets.shop.loblaws.ca/products/21166682/b3/en/front/21166682_front_a06_@2.png" srcset="https://assets.shop.loblaws.ca/products/21166682/b3/en/front/21166682_front_a06_@2.png 1x, https://assets.shop.loblaws.ca/products/21166682/b3/en/front/21166682_front_a06_@2.png 2x" loading="lazy" class="chakra-image css-oguq8l" aria-hidden="true"></div><div class="css-qoklea"><div class="css-12dchmx"></div><div data-testid="price-product-tile" class="css-8atqhb"><p class="chakra-text css-0"><span class="chakra-text css-o93gbd" data-testid="sale-price"><span class="css-idkz9h">$20.99</span>$20.99</span><span class="chakra-text css-623q5h" data-testid="was-price"><span class="css-idkz9h">$24.99</span>$24.99</span></p><p class="chakra-text css-1m5a6y8" data-testid="price-descriptor">SAVE $4.00</p></div><a href="/original-k-cup-coffee-pods/p/21166682_EA?source=nspt" class="chakra-linkbox__overlay css-1hnz6hu"><div class="css-0"><p class="chakra-text css-1ecdp9w" data-testid="product-brand">Tim Hortons</p><h3 class="chakra-heading css-6qrhwc" id="21166682_EA" data-testid="product-title">Original K-Cup Coffee Pods</h3><p class="chakra-text css-1yftjin" data-testid="product-package-size">30 ea, $0.70/1ea</p></div></a><div class="css-8keand"></div></div><div class="css-1q5omjq"><div class="css-fcebb8"><div data-testid="atc-compact" class="css-y94ivq" style="width: 45px;"><button type="button" class="chakra-button css-mudsm6" data-testid="atc-button"><svg stroke="currentColor" fill="currentColor" stroke-width="0" viewBox="0 0 24 24" focusable="false" class="chakra-icon css-1g3sp7a" data-testid="btn-icon" aria-hidden="true" height="1em" width="1em" xmlns="http://www.w3.org/2000/svg"><path d="M19 13h-6v6h-2v-6H5v-2h6V5h2v6h6v2z"></path></svg><span class="css-idkz9h">Add Original K-Cup Coffee Pods to cart</span></button></div></div></div></div></div></div><div class="css-0"><div class="css-f5i5wc"><div class="chakra-linkbox css-vhnn8v"><div data-testid="product-image" class="css-16dr4ly"><img alt="No Name Medium Roast Ground Coffee 925 g, $1.08/100g" src="https://assets.shop.loblaws.ca/products/21380616/b3/en/front/21380616_front_a06_@2.png" srcset="https://assets.shop.loblaws.ca/products/21380616/b3/en/front/21380616_front_a06_@2.png 1x, https://assets.shop.loblaws.ca/products/21380616/b3/en/front/21380616_front_a06_@2.png 2x" loading="lazy" class="chakra-image css-oguq8l" aria-hidden="true"></div><div class="css-qoklea"><div class="css-12dchmx"></div><div data-testid="price-product-tile" class="css-8atqhb"><p class="chakra-text css-0"><span class="chakra-text css-pwnbcb" data-testid="regular-price"><span class="css-idkz9h">$9.99</span>$9.99</span></p></div><a href="/medium-roast-ground-coffee/p/21380616_EA?source=nspt" class="chakra-linkbox__overlay css-1hnz6hu"><div class="css-0"><p class="chakra-text css-1ecdp9w" data-testid="product-brand">No Name</p><h3 class="chakra-heading css-6qrhwc" id="21380616_EA" data-testid="product-title">Medium Roast Ground Coffee</h3><p class="chakra-text css-1yftjin" data-testid="product-package-size">925 g, $1.08/100g</p></div></a><div class="css-8keand"></div></div><div class="css-1q5omjq"><div class="css-fcebb8"><div data-testid="atc-compact" class="css-y94ivq" style="width: 45px;"><button type="button" class="chakra-button css-mudsm6" data-testid="atc-button"><svg stroke="currentColor" fill="currentColor" stroke-width="0" viewBox="0 0 24 24" focusable="false" class="chakra-icon css-1g3sp7a" data-testid="btn-icon" aria-hidden="true" height="1em" width="1em" xmlns="http://www.w3.org/2000/svg"><path d="M19 13h-6v6h-2v-6H5v-2h6V5h2v6h6v2z"></path></svg><span class="css-idkz9h">Add Medium Roast Ground Coffee to cart</span></button></div></div></div></div></div></div><div class="css-0"><div class="css-f5i5wc"><div class="chakra-linkbox css-vhnn8v"><div data-testid="product-image" class="css-16dr4ly"><img alt="President's Choice Gourmet Swiss Water Process Decaffeinated Medium Roast Fine Grind Coffee 875 g, $1.71/100g" src="https://assets.shop.loblaws.ca/products/21393552/b3/en/front/21393552_front_a06_@2.png" srcset="https://assets.shop.loblaws.ca/products/21393552/b3/en/front/21393552_front_a06_@2.png 1x, https://assets.shop.loblaws.ca/products/21393552/b3/en/front/21393552_front_a06_@2.png 2x" loading="lazy" class="chakra-image css-oguq8l" aria-hidden="true"></div><div class="css-qoklea"><div class="css-12dchmx"></div><div data-testid="price-product-tile" class="css-8atqhb"><p class="chakra-text css-0"><span class="chakra-text css-o93gbd" data-testid="sale-price"><span class="css-idkz9h">$14.99</span>$14.99</span><span class="chakra-text css-623q5h" data-testid="was-price"><span class="css-idkz9h">$15.99</span>$15.99</span></p><p class="chakra-text css-1m5a6y8" data-testid="price-descriptor">SAVE $1.00</p></div><a href="/gourmet-swiss-water-process-decaffeinated-medium-r/p/21393552_EA?source=nspt" class="chakra-linkbox__overlay css-1hnz6hu"><div class="css-0"><p class="chakra-text css-1ecdp9w" data-testid="product-brand">President's Choice</p><h3 class="chakra-heading css-6qrhwc" id="21393552_EA" data-testid="product-title">Gourmet Swiss Water Process Decaffeinated Medium Roast Fine Grind Coffee</h3><p class="chakra-text css-1yftjin" data-testid="product-package-size">875 g, $1.71/100g</p></div></a><div class="css-8keand"></div></div><div class="css-1q5omjq"><div class="css-fcebb8"><div data-testid="atc-compact" class="css-y94ivq" style="width: 45px;"><button type="button" class="chakra-button css-mudsm6" data-testid="atc-button"><svg stroke="currentColor" fill="currentColor" stroke-width="0" viewBox="0 0 24 24" focusable="false" class="chakra-icon css-1g3sp7a" data-testid="btn-icon" aria-hidden="true" height="1em" width="1em" xmlns="http://www.w3.org/2000/svg"><path d="M19 13h-6v6h-2v-6H5v-2h6V5h2v6h6v2z"></path></svg><span class="css-idkz9h">Add Gourmet Swiss Water Process Decaffeinated Medium Roast Fine Grind Coffee to cart</span></button></div></div></div></div></div></div><div class="css-0"><div class="css-f5i5wc"><div class="chakra-linkbox css-vhnn8v"><div data-testid="product-image" class="css-16dr4ly"><img alt="Nescafe Sweet And Creamy Original Instant Coffee Mix 351 g, $2.28/100g" src="https://assets.shop.loblaws.ca/products/21363371/b3/en/front/21363371_front_a06_@2.png" srcset="https://assets.shop.loblaws.ca/products/21363371/b3/en/front/21363371_front_a06_@2.png 1x, https://assets.shop.loblaws.ca/products/21363371/b3/en/front/21363371_front_a06_@2.png 2x" loading="lazy" class="chakra-image css-oguq8l" aria-hidden="true"></div><div class="css-qoklea"><div class="css-12dchmx"></div><div data-testid="price-product-tile" class="css-8atqhb"><p class="chakra-text css-0"><span class="chakra-text css-pwnbcb" data-testid="regular-price"><span class="css-idkz9h">$7.99</span>$7.99</span></p></div><a href="/sweet-and-creamy-original-instant-coffee-mix/p/21363371_EA?source=nspt" class="chakra-linkbox__overlay css-1hnz6hu"><div class="css-0"><p class="chakra-text css-1ecdp9w" data-testid="product-brand">Nescafe</p><h3 class="chakra-heading css-6qrhwc" id="21363371_EA" data-testid="product-title">Sweet And Creamy Original Instant Coffee Mix</h3><p class="chakra-text css-1yftjin" data-testid="product-package-size">351 g, $2.28/100g</p></div></a><div class="css-8keand"></div></div><div class="css-1q5omjq"><div class="css-fcebb8"><div data-testid="atc-compact" class="css-y94ivq" style="width: 45px;"><button type="button" class="chakra-button css-mudsm6" data-testid="atc-button"><svg stroke="currentColor" fill="currentColor" stroke-width="0" viewBox="0 0 24 24" focusable="false" class="chakra-icon css-1g3sp7a" data-testid="btn-icon" aria-hidden="true" height="1em" width="1em" xmlns="http://www.w3.org/2000/svg"><path d="M19 13h-6v6h-2v-6H5v-2h6V5h2v6h6v2z"></path></svg><span class="css-idkz9h">Add Sweet And Creamy Original Instant Coffee Mix to cart</span></button></div></div></div></div></div></div><div class="css-0"><div class="css-f5i5wc"><div class="chakra-linkbox css-vhnn8v"><div data-testid="product-image" class="css-16dr4ly"><img alt="McCafe Premium Medium Dark Roast, Ground Coffee 950 g, $2.63/100g" src="https://assets.shop.loblaws.ca/products/21238559/b3/en/front/21238559_front_a06_@2.png" srcset="https://assets.shop.loblaws.ca/products/21238559/b3/en/front/21238559_front_a06_@2.png 1x, https://assets.shop.loblaws.ca/products/21238559/b3/en/front/21238559_front_a06_@2.png 2x" loading="lazy" class="chakra-image css-oguq8l" aria-hidden="true"></div><div class="css-qoklea"><div class="css-12dchmx"></div><div data-testid="price-product-tile" class="css-8atqhb"><p class="chakra-text css-0"><span class="chakra-text css-pwnbcb" data-testid="regular-price"><span class="css-idkz9h">$24.99</span>$24.99</span></p></div><a href="/premium-medium-dark-roast-ground-coffee/p/21238559_EA?source=nspt" class="chakra-linkbox__overlay css-1hnz6hu"><div class="css-0"><p class="chakra-text css-1ecdp9w" data-testid="product-brand">McCafe</p><h3 class="chakra-heading css-6qrhwc" id="21238559_EA" data-testid="product-title">Premium Medium Dark Roast, Ground Coffee</h3><p class="chakra-text css-1yftjin" data-testid="product-package-size">950 g, $2.63/100g</p></div></a><div class="css-8keand"></div></div><div class="css-1q5omjq"><div class="css-fcebb8"><div data-testid="atc-compact" class="css-y94ivq" style="width: 45px;"><button type="button" class="chakra-button css-mudsm6" data-testid="atc-button"><svg stroke="currentColor" fill="currentColor" stroke-width="0" viewBox="0 0 24 24" focusable="false" class="chakra-icon css-1g3sp7a" data-testid="btn-icon" aria-hidden="true" height="1em" width="1em" xmlns="http://www.w3.org/2000/svg"><path d="M19 13h-6v6h-2v-6H5v-2h6V5h2v6h6v2z"></path></svg><span class="css-idkz9h">Add Premium Medium Dark Roast, Ground Coffee to cart</span></button></div></div></div></div></div></div><div class="css-0"><div class="css-f5i5wc"><div class="chakra-linkbox css-vhnn8v"><div data-testid="product-image" class="css-16dr4ly"><img alt="Nescafe Rich Instant Coffee, Tin 95 g, $3.15/100g" src="https://assets.shop.loblaws.ca/products/21589014/b3/en/front/21589014_front_a06_@2.png" srcset="https://assets.shop.loblaws.ca/products/21589014/b3/en/front/21589014_front_a06_@2.png 1x, https://assets.shop.loblaws.ca/products/21589014/b3/en/front/21589014_front_a06_@2.png 2x" loading="lazy" class="chakra-image css-oguq8l" aria-hidden="true"></div><div class="css-qoklea"><div class="css-12dchmx"></div><div data-testid="price-product-tile" class="css-8atqhb"><p class="chakra-text css-0"><span class="chakra-text css-o93gbd" data-testid="sale-price"><span class="css-idkz9h">$2.99</span>$2.99</span><span class="chakra-text css-623q5h" data-testid="was-price"><span class="css-idkz9h">$5.99</span>$5.99</span></p><p class="chakra-text css-1m5a6y8" data-testid="price-descriptor">SAVE $3.00</p></div><a href="/rich-instant-coffee-tin/p/21589014_EA?source=nspt" class="chakra-linkbox__overlay css-1hnz6hu"><div class="css-0"><p class="chakra-text css-1ecdp9w" data-testid="product-brand">Nescafe</p><h3 class="chakra-heading css-6qrhwc" id="21589014_EA" data-testid="product-title">Rich Instant Coffee, Tin</h3><p class="chakra-text css-1yftjin" data-testid="product-package-size">95 g, $3.15/100g</p></div></a><div class="css-8keand"></div></div><div class="css-1q5omjq"><div class="css-fcebb8"><div data-testid="atc-compact" class="css-y94ivq" style="width: 45px;"><button disabled="" type="button" class="chakra-button css-mudsm6" data-testid="atc-button"><svg stroke="currentColor" fill="currentColor" stroke-width="0" viewBox="0 0 24 24" focusable="false" class="chakra-icon css-1g3sp7a" data-testid="btn-icon" aria-hidden="true" height="1em" width="1em" xmlns="http://www.w3.org/2000/svg"><path d="M19 13h-6v6h-2v-6H5v-2h6V5h2v6h6v2z"></path></svg><span class="css-idkz9h">Add Rich Instant Coffee, Tin to cart</span></button></div></div><div class="css-4saf4a"><p class="chakra-text css-py8788" data-testid="inventory-badge-text">Out of Stock</p></div></div></div></div></div><div class="css-0"><div class="css-f5i5wc"><div class="chakra-linkbox css-vhnn8v"><div data-testid="product-image" class="css-16dr4ly"><img alt="President's Choice Gourmet Medium Roast Fine Grind Coffee  930 g, $1.61/100g" src="https://assets.shop.loblaws.ca/products/21393372/b3/en/front/21393372_front_a06_@2.png" srcset="https://assets.shop.loblaws.ca/products/21393372/b3/en/front/21393372_front_a06_@2.png 1x, https://assets.shop.loblaws.ca/products/21393372/b3/en/front/21393372_front_a06_@2.png 2x" loading="lazy" class="chakra-image css-oguq8l" aria-hidden="true"></div><div class="css-qoklea"><div class="css-12dchmx"></div><div data-testid="price-product-tile" class="css-8atqhb"><p class="chakra-text css-0"><span class="chakra-text css-o93gbd" data-testid="sale-price"><span class="css-idkz9h">$14.99</span>$14.99</span><span class="chakra-text css-623q5h" data-testid="was-price"><span class="css-idkz9h">$15.99</span>$15.99</span></p><p class="chakra-text css-1m5a6y8" data-testid="price-descriptor">SAVE $1.00</p></div><a href="/gourmet-medium-roast-fine-grind-coffee/p/21393372_EA?source=nspt" class="chakra-linkbox__overlay css-1hnz6hu"><div class="css-0"><p class="chakra-text css-1ecdp9w" data-testid="product-brand">President's Choice</p><h3 class="chakra-heading css-6qrhwc" id="21393372_EA" data-testid="product-title">Gourmet Medium Roast Fine Grind Coffee </h3><p class="chakra-text css-1yftjin" data-testid="product-package-size">930 g, $1.61/100g</p></div></a><div class="css-8keand"></div></div><div class="css-1q5omjq"><div class="css-fcebb8"><div data-testid="atc-compact" class="css-y94ivq" style="width: 45px;"><button type="button" class="chakra-button css-mudsm6" data-testid="atc-button"><svg stroke="currentColor" fill="currentColor" stroke-width="0" viewBox="0 0 24 24" focusable="false" class="chakra-icon css-1g3sp7a" data-testid="btn-icon" aria-hidden="true" height="1em" width="1em" xmlns="http://www.w3.org/2000/svg"><path d="M19 13h-6v6h-2v-6H5v-2h6V5h2v6h6v2z"></path></svg><span class="css-idkz9h">Add Gourmet Medium Roast Fine Grind Coffee  to cart</span></button></div></div></div></div></div></div><div class="css-0"><div class="css-f5i5wc"><div class="chakra-linkbox css-vhnn8v"><div data-testid="product-image" class="css-16dr4ly"><img alt="Tim Hortons Original Coffee 300 g, $3.50/100g" src="https://assets.shop.loblaws.ca/products/20902294/b3/en/front/20902294_front_a06_@2.png" srcset="https://assets.shop.loblaws.ca/products/20902294/b3/en/front/20902294_front_a06_@2.png 1x, https://assets.shop.loblaws.ca/products/20902294/b3/en/front/20902294_front_a06_@2.png 2x" loading="lazy" class="chakra-image css-oguq8l" aria-hidden="true"></div><div class="css-qoklea"><div class="css-12dchmx"></div><div data-testid="price-product-tile" class="css-8atqhb"><p class="chakra-text css-0"><span class="chakra-text css-pwnbcb" data-testid="regular-price"><span class="css-idkz9h">$10.49</span>$10.49</span></p></div><a href="/original-coffee/p/20902294_EA?source=nspt" class="chakra-linkbox__overlay css-1hnz6hu"><div class="css-0"><p class="chakra-text css-1ecdp9w" data-testid="product-brand">Tim Hortons</p><h3 class="chakra-heading css-6qrhwc" id="20902294_EA" data-testid="product-title">Original Coffee</h3><p class="chakra-text css-1yftjin" data-testid="product-package-size">300 g, $3.50/100g</p></div></a><div class="css-8keand"></div></div><div class="css-1q5omjq"><div class="css-fcebb8"><div data-testid="atc-compact" class="css-y94ivq" style="width: 45px;"><button type="button" class="chakra-button css-mudsm6" data-testid="atc-button"><svg stroke="currentColor" fill="currentColor" stroke-width="0" viewBox="0 0 24 24" focusable="false" class="chakra-icon css-1g3sp7a" data-testid="btn-icon" aria-hidden="true" height="1em" width="1em" xmlns="http://www.w3.org/2000/svg"><path d="M19 13h-6v6h-2v-6H5v-2h6V5h2v6h6v2z"></path></svg><span class="css-idkz9h">Add Original Coffee to cart</span></button></div></div></div></div></div></div><div class="css-0"><div class="css-f5i5wc"><div class="chakra-linkbox css-vhnn8v"><div data-testid="product-image" class="css-16dr4ly"><img alt="Starbucks Ground Coffee Pike Place Roast, Nespresso Vertuo 100 g, $11.49/100g" src="https://assets.shop.loblaws.ca/products/21398289/b3/en/front/21398289_front_a06_@2.png" srcset="https://assets.shop.loblaws.ca/products/21398289/b3/en/front/21398289_front_a06_@2.png 1x, https://assets.shop.loblaws.ca/products/21398289/b3/en/front/21398289_front_a06_@2.png 2x" loading="lazy" class="chakra-image css-oguq8l" aria-hidden="true"></div><div class="css-qoklea"><div class="css-12dchmx"></div><div data-testid="price-product-tile" class="css-8atqhb"><p class="chakra-text css-0"><span class="chakra-text css-pwnbcb" data-testid="regular-price"><span class="css-idkz9h">$11.49</span>$11.49</span></p></div><a href="/ground-coffee-pike-place-roast-nespresso-vertuo/p/21398289_EA?source=nspt" class="chakra-linkbox__overlay css-1hnz6hu"><div class="css-0"><p class="chakra-text css-1ecdp9w" data-testid="product-brand">Starbucks</p><h3 class="chakra-heading css-6qrhwc" id="21398289_EA" data-testid="product-title">Ground Coffee Pike Place Roast, Nespresso Vertuo</h3><p class="chakra-text css-1yftjin" data-testid="product-package-size">100 g, $11.49/100g</p></div></a><div class="css-8keand"></div></div><div class="css-1q5omjq"><div class="css-fcebb8"><div data-testid="atc-compact" class="css-y94ivq" style="width: 45px;"><button type="button" class="chakra-button css-mudsm6" data-testid="atc-button"><svg stroke="currentColor" fill="currentColor" stroke-width="0" viewBox="0 0 24 24" focusable="false" class="chakra-icon css-1g3sp7a" data-testid="btn-icon" aria-hidden="true" height="1em" width="1em" xmlns="http://www.w3.org/2000/svg"><path d="M19 13h-6v6h-2v-6H5v-2h6V5h2v6h6v2z"></path></svg><span class="css-idkz9h">Add Ground Coffee Pike Place Roast, Nespresso Vertuo to cart</span></button></div></div></div></div></div></div><div class="css-0"><div class="css-f5i5wc"><div class="chakra-linkbox css-vhnn8v"><div data-testid="product-image" class="css-16dr4ly"><img alt="Nescafe Sweet And Creamy French Vanilla Instant Coffee Mix 351 g, $2.28/100g" src="https://assets.shop.loblaws.ca/products/21363370/b3/en/front/21363370_front_a06_@2.png" srcset="https://assets.shop.loblaws.ca/products/21363370/b3/en/front/21363370_front_a06_@2.png 1x, https://assets.shop.loblaws.ca/products/21363370/b3/en/front/21363370_front_a06_@2.png 2x" loading="lazy" class="chakra-image css-oguq8l" aria-hidden="true"></div><div class="css-qoklea"><div class="css-12dchmx"></div><div data-testid="price-product-tile" class="css-8atqhb"><p class="chakra-text css-0"><span class="chakra-text css-pwnbcb" data-testid="regular-price"><span class="css-idkz9h">$7.99</span>$7.99</span></p></div><a href="/sweet-and-creamy-french-vanilla-instant-coffee-mix/p/21363370_EA?source=nspt" class="chakra-linkbox__overlay css-1hnz6hu"><div class="css-0"><p class="chakra-text css-1ecdp9w" data-testid="product-brand">Nescafe</p><h3 class="chakra-heading css-6qrhwc" id="21363370_EA" data-testid="product-title">Sweet And Creamy French Vanilla Instant Coffee Mix</h3><p class="chakra-text css-1yftjin" data-testid="product-package-size">351 g, $2.28/100g</p></div></a><div class="css-8keand"></div></div><div class="css-1q5omjq"><div class="css-fcebb8"><div data-testid="atc-compact" class="css-y94ivq" style="width: 45px;"><button type="button" class="chakra-button css-mudsm6" data-testid="atc-button"><svg stroke="currentColor" fill="currentColor" stroke-width="0" viewBox="0 0 24 24" focusable="false" class="chakra-icon css-1g3sp7a" data-testid="btn-icon" aria-hidden="true" height="1em" width="1em" xmlns="http://www.w3.org/2000/svg"><path d="M19 13h-6v6h-2v-6H5v-2h6V5h2v6h6v2z"></path></svg><span class="css-idkz9h">Add Sweet And Creamy French Vanilla Instant Coffee Mix to cart</span></button></div></div></div></div></div></div><div class="css-0"><div class="css-f5i5wc"><div class="chakra-linkbox css-vhnn8v"><div data-testid="product-image" class="css-16dr4ly"><img alt="Nescafe Rich Decaf Instant Coffee 100 g, $6.79/100g" src="https://assets.shop.loblaws.ca/products/20950415/b3/en/front/20950415_front_a06_@2.png" srcset="https://assets.shop.loblaws.ca/products/20950415/b3/en/front/20950415_front_a06_@2.png 1x, https://assets.shop.loblaws.ca/products/20950415/b3/en/front/20950415_front_a06_@2.png 2x" loading="lazy" class="chakra-image css-oguq8l" aria-hidden="true"></div><div class="css-qoklea"><div class="css-12dchmx"></div><div data-testid="price-product-tile" class="css-8atqhb"><p class="chakra-text css-0"><span class="chakra-text css-pwnbcb" data-testid="regular-price"><span class="css-idkz9h">$6.79</span>$6.79</span></p></div><a href="/rich-decaf-instant-coffee/p/20950415_EA?source=nspt" class="chakra-linkbox__overlay css-1hnz6hu"><div class="css-0"><p class="chakra-text css-1ecdp9w" data-testid="product-brand">Nescafe</p><h3 class="chakra-heading css-6qrhwc" id="20950415_EA" data-testid="product-title">Rich Decaf Instant Coffee</h3><p class="chakra-text css-1yftjin" data-testid="product-package-size">100 g, $6.79/100g</p></div></a><div class="css-8keand"></div></div><div class="css-1q5omjq"><div class="css-fcebb8"><div data-testid="atc-compact" class="css-y94ivq" style="width: 45px;"><button type="button" class="chakra-button css-mudsm6" data-testid="atc-button"><svg stroke="currentColor" fill="currentColor" stroke-width="0" viewBox="0 0 24 24" focusable="false" class="chakra-icon css-1g3sp7a" data-testid="btn-icon" aria-hidden="true" height="1em" width="1em" xmlns="http://www.w3.org/2000/svg"><path d="M19 13h-6v6h-2v-6H5v-2h6V5h2v6h6v2z"></path></svg><span class="css-idkz9h">Add Rich Decaf Instant Coffee to cart</span></button></div></div></div></div></div></div><div class="css-0"><div class="css-f5i5wc"><div class="chakra-linkbox css-vhnn8v"><div data-testid="product-image" class="css-16dr4ly"><img alt="Starbucks Caffè Verona Ground Coffee 340 g, $2.94/100g" src="https://assets.shop.loblaws.ca/products/20548682005/b3/en/front/20548682005_front_a06_@2.png" srcset="https://assets.shop.loblaws.ca/products/20548682005/b3/en/front/20548682005_front_a06_@2.png 1x, https://assets.shop.loblaws.ca/products/20548682005/b3/en/front/20548682005_front_a06_@2.png 2x" loading="lazy" class="chakra-image css-oguq8l" aria-hidden="true"></div><div class="css-qoklea"><div class="css-12dchmx"></div><div data-testid="price-product-tile" class="css-8atqhb"><p class="chakra-text css-0"><span class="chakra-text css-pwnbcb" data-testid="regular-price"><span class="css-idkz9h">$9.99</span>$9.99</span></p></div><a href="/caff-verona-ground-coffee/p/20548682005_EA?source=nspt" class="chakra-linkbox__overlay css-1hnz6hu"><div class="css-0"><p class="chakra-text css-1ecdp9w" data-testid="product-brand">Starbucks</p><h3 class="chakra-heading css-6qrhwc" id="20548682005_EA" data-testid="product-title">Caffè Verona Ground Coffee</h3><p class="chakra-text css-1yftjin" data-testid="product-package-size">340 g, $2.94/100g</p></div></a><div class="css-8keand"></div></div><div class="css-1q5omjq"><div class="css-fcebb8"><div data-testid="atc-compact" class="css-y94ivq" style="width: 45px;"><button type="button" class="chakra-button css-mudsm6" data-testid="atc-button"><svg stroke="currentColor" fill="currentColor" stroke-width="0" viewBox="0 0 24 24" focusable="false" class="chakra-icon css-1g3sp7a" data-testid="btn-icon" aria-hidden="true" height="1em" width="1em" xmlns="http://www.w3.org/2000/svg"><path d="M19 13h-6v6h-2v-6H5v-2h6V5h2v6h6v2z"></path></svg><span class="css-idkz9h">Add Caffè Verona Ground Coffee to cart</span></button></div></div></div></div></div></div><div class="css-0"><div class="css-f5i5wc"><div class="chakra-linkbox css-vhnn8v"><div data-testid="product-image" class="css-16dr4ly"><img alt="Tim Hortons Single Serve Coffee Pods, Original 12 Pods 126 g, $10.71/100g" src="https://assets.shop.loblaws.ca/products/20902453/b3/en/front/20902453_front_a06_@2.png" srcset="https://assets.shop.loblaws.ca/products/20902453/b3/en/front/20902453_front_a06_@2.png 1x, https://assets.shop.loblaws.ca/products/20902453/b3/en/front/20902453_front_a06_@2.png 2x" loading="lazy" class="chakra-image css-oguq8l" aria-hidden="true"></div><div class="css-qoklea"><div class="css-12dchmx"></div><div data-testid="price-product-tile" class="css-8atqhb"><p class="chakra-text css-0"><span class="chakra-text css-pwnbcb" data-testid="regular-price"><span class="css-idkz9h">$13.49</span>$13.49</span></p></div><a href="/single-serve-coffee-pods-original-12-pods/p/20902453_EA?source=nspt" class="chakra-linkbox__overlay css-1hnz6hu"><div class="css-0"><p class="chakra-text css-1ecdp9w" data-testid="product-brand">Tim Hortons</p><h3 class="chakra-heading css-6qrhwc" id="20902453_EA" data-testid="product-title">Single Serve Coffee Pods, Original 12 Pods</h3><p class="chakra-text css-1yftjin" data-testid="product-package-size">126 g, $10.71/100g</p></div></a><div class="css-8keand"></div></div><div class="css-1q5omjq"><div class="css-fcebb8"><div data-testid="atc-compact" class="css-y94ivq" style="width: 45px;"><button type="button" class="chakra-button css-mudsm6" data-testid="atc-button"><svg stroke="currentColor" fill="currentColor" stroke-width="0" viewBox="0 0 24 24" focusable="false" class="chakra-icon css-1g3sp7a" data-testid="btn-icon" aria-hidden="true" height="1em" width="1em" xmlns="http://www.w3.org/2000/svg"><path d="M19 13h-6v6h-2v-6H5v-2h6V5h2v6h6v2z"></path></svg><span class="css-idkz9h">Add Single Serve Coffee Pods, Original 12 Pods to cart</span></button></div></div></div></div></div></div><div class="css-0"><div class="css-f5i5wc"><div class="chakra-linkbox css-vhnn8v"><div data-testid="product-image" class="css-16dr4ly"><img alt="Starbucks Ground 100% Arabica Coffee Pike Place Medium Roast 340 g, $2.94/100g" src="https://assets.shop.loblaws.ca/products/20548682004/b3/en/front/20548682004_front_a06_@2.png" srcset="https://assets.shop.loblaws.ca/products/20548682004/b3/en/front/20548682004_front_a06_@2.png 1x, https://assets.shop.loblaws.ca/products/20548682004/b3/en/front/20548682004_front_a06_@2.png 2x" loading="lazy" class="chakra-image css-oguq8l" aria-hidden="true"></div><div class="css-qoklea"><div class="css-12dchmx"></div><div data-testid="price-product-tile" class="css-8atqhb"><p class="chakra-text css-0"><span class="chakra-text css-pwnbcb" data-testid="regular-price"><span class="css-idkz9h">$9.99</span>$9.99</span></p></div><a href="/ground-100-arabica-coffee-pike-place-medium-roast/p/20548682004_EA?source=nspt" class="chakra-linkbox__overlay css-1hnz6hu"><div class="css-0"><p class="chakra-text css-1ecdp9w" data-testid="product-brand">Starbucks</p><h3 class="chakra-heading css-6qrhwc" id="20548682004_EA" data-testid="product-title">Ground 100% Arabica Coffee Pike Place Medium Roast</h3><p class="chakra-text css-1yftjin" data-testid="product-package-size">340 g, $2.94/100g</p></div></a><div class="css-8keand"></div></div><div class="css-1q5omjq"><div class="css-fcebb8"><div data-testid="atc-compact" class="css-y94ivq" style="width: 45px;"><button type="button" class="chakra-button css-mudsm6" data-testid="atc-button"><svg stroke="currentColor" fill="currentColor" stroke-width="0" viewBox="0 0 24 24" focusable="false" class="chakra-icon css-1g3sp7a" data-testid="btn-icon" aria-hidden="true" height="1em" width="1em" xmlns="http://www.w3.org/2000/svg"><path d="M19 13h-6v6h-2v-6H5v-2h6V5h2v6h6v2z"></path></svg><span class="css-idkz9h">Add Ground 100% Arabica Coffee Pike Place Medium Roast to cart</span></button></div></div></div></div></div></div><div class="css-0"><div class="css-f5i5wc"><div class="chakra-linkbox css-vhnn8v"><div data-testid="product-image" class="css-16dr4ly"><img alt="President's Choice Espresso Instant Coffee  80 g, $7.49/100g" src="https://assets.shop.loblaws.ca/products/21499826/b3/en/front/21499826_front_a06_@2.png" srcset="https://assets.shop.loblaws.ca/products/21499826/b3/en/front/21499826_front_a06_@2.png 1x, https://assets.shop.loblaws.ca/products/21499826/b3/en/front/21499826_front_a06_@2.png 2x" loading="lazy" class="chakra-image css-oguq8l" aria-hidden="true"></div><div class="css-qoklea"><div class="css-12dchmx"></div><div data-testid="price-product-tile" class="css-8atqhb"><p class="chakra-text css-0"><span class="chakra-text css-pwnbcb" data-testid="regular-price"><span class="css-idkz9h">$5.99</span>$5.99</span></p></div><a href="/espresso-instant-coffee/p/21499826_EA?source=nspt" class="chakra-linkbox__overlay css-1hnz6hu"><div class="css-0"><p class="chakra-text css-1ecdp9w" data-testid="product-brand">President's Choice</p><h3 class="chakra-heading css-6qrhwc" id="21499826_EA" data-testid="product-title">Espresso Instant Coffee </h3><p class="chakra-text css-1yftjin" data-testid="product-package-size">80 g, $7.49/100g</p></div></a><div class="css-8keand"></div></div><div class="css-1q5omjq"><div class="css-fcebb8"><div data-testid="atc-compact" class="css-y94ivq" style="width: 45px;"><button type="button" class="chakra-button css-mudsm6" data-testid="atc-button"><svg stroke="currentColor" fill="currentColor" stroke-width="0" viewBox="0 0 24 24" focusable="false" class="chakra-icon css-1g3sp7a" data-testid="btn-icon" aria-hidden="true" height="1em" width="1em" xmlns="http://www.w3.org/2000/svg"><path d="M19 13h-6v6h-2v-6H5v-2h6V5h2v6h6v2z"></path></svg><span class="css-idkz9h">Add Espresso Instant Coffee  to cart</span></button></div></div></div></div></div></div><div class="css-0"><div class="css-f5i5wc"><div class="chakra-linkbox css-vhnn8v"><div data-testid="product-image" class="css-16dr4ly"><img alt="Nescafe Rich Intense Instant Coffee 160 g, $4.24/100g" src="https://assets.shop.loblaws.ca/products/21363386/b3/en/front/21363386_front_a06_@2.png" srcset="https://assets.shop.loblaws.ca/products/21363386/b3/en/front/21363386_front_a06_@2.png 1x, https://assets.shop.loblaws.ca/products/21363386/b3/en/front/21363386_front_a06_@2.png 2x" loading="lazy" class="chakra-image css-oguq8l" aria-hidden="true"></div><div class="css-qoklea"><div class="css-12dchmx"></div><div data-testid="price-product-tile" class="css-8atqhb"><p class="chakra-text css-0"><span class="chakra-text css-pwnbcb" data-testid="regular-price"><span class="css-idkz9h">$6.79</span>$6.79</span></p></div><a href="/rich-intense-instant-coffee/p/21363386_EA?source=nspt" class="chakra-linkbox__overlay css-1hnz6hu"><div class="css-0"><p class="chakra-text css-1ecdp9w" data-testid="product-brand">Nescafe</p><h3 class="chakra-heading css-6qrhwc" id="21363386_EA" data-testid="product-title">Rich Intense Instant Coffee</h3><p class="chakra-text css-1yftjin" data-testid="product-package-size">160 g, $4.24/100g</p></div></a><div class="css-8keand"></div></div><div class="css-1q5omjq"><div class="css-fcebb8"><div data-testid="atc-compact" class="css-y94ivq" style="width: 45px;"><button type="button" class="chakra-button css-mudsm6" data-testid="atc-button"><svg stroke="currentColor" fill="currentColor" stroke-width="0" viewBox="0 0 24 24" focusable="false" class="chakra-icon css-1g3sp7a" data-testid="btn-icon" aria-hidden="true" height="1em" width="1em" xmlns="http://www.w3.org/2000/svg"><path d="M19 13h-6v6h-2v-6H5v-2h6V5h2v6h6v2z"></path></svg><span class="css-idkz9h">Add Rich Intense Instant Coffee to cart</span></button></div></div></div></div></div></div><div class="css-0"><div class="css-f5i5wc"><div class="chakra-linkbox css-vhnn8v"><div data-testid="product-image" class="css-16dr4ly"><img alt="McCafe Premium Medium Dark Roast K-Cup Coffee Pods, 30 Count 30 ea, $0.83/1ea" src="https://assets.shop.loblaws.ca/products/21240975/b3/en/front/21240975_front_a06_@2.png" srcset="https://assets.shop.loblaws.ca/products/21240975/b3/en/front/21240975_front_a06_@2.png 1x, https://assets.shop.loblaws.ca/products/21240975/b3/en/front/21240975_front_a06_@2.png 2x" loading="lazy" class="chakra-image css-oguq8l" aria-hidden="true"></div><div class="css-qoklea"><div class="css-12dchmx"></div><div data-testid="price-product-tile" class="css-8atqhb"><p class="chakra-text css-0"><span class="chakra-text css-pwnbcb" data-testid="regular-price"><span class="css-idkz9h">$24.99</span>$24.99</span></p></div><a href="/premium-medium-dark-roast-k-cup-coffee-pods-30-cou/p/21240975_EA?source=nspt" class="chakra-linkbox__overlay css-1hnz6hu"><div class="css-0"><p class="chakra-text css-1ecdp9w" data-testid="product-brand">McCafe</p><h3 class="chakra-heading css-6qrhwc" id="21240975_EA" data-testid="product-title">Premium Medium Dark Roast K-Cup Coffee Pods, 30 Count</h3><p class="chakra-text css-1yftjin" data-testid="product-package-size">30 ea, $0.83/1ea</p></div></a><div class="css-8keand"></div></div><div class="css-1q5omjq"><div class="css-fcebb8"><div data-testid="atc-compact" class="css-y94ivq" style="width: 45px;"><button type="button" class="chakra-button css-mudsm6" data-testid="atc-button"><svg stroke="currentColor" fill="currentColor" stroke-width="0" viewBox="0 0 24 24" focusable="false" class="chakra-icon css-1g3sp7a" data-testid="btn-icon" aria-hidden="true" height="1em" width="1em" xmlns="http://www.w3.org/2000/svg"><path d="M19 13h-6v6h-2v-6H5v-2h6V5h2v6h6v2z"></path></svg><span class="css-idkz9h">Add Premium Medium Dark Roast K-Cup Coffee Pods, 30 Count to cart</span></button></div></div></div></div></div></div><div class="css-0"><div class="css-f5i5wc"><div class="chakra-linkbox css-vhnn8v"><div data-testid="product-image" class="css-16dr4ly"><img alt="Nescafe Rich Hazelnut Instant Coffee Canister 100 g, $6.79/100g" src="https://assets.shop.loblaws.ca/products/20949814/b3/en/front/20949814_front_a06_@2.png" srcset="https://assets.shop.loblaws.ca/products/20949814/b3/en/front/20949814_front_a06_@2.png 1x, https://assets.shop.loblaws.ca/products/20949814/b3/en/front/20949814_front_a06_@2.png 2x" loading="lazy" class="chakra-image css-oguq8l" aria-hidden="true"></div><div class="css-qoklea"><div class="css-12dchmx"></div><div data-testid="price-product-tile" class="css-8atqhb"><p class="chakra-text css-0"><span class="chakra-text css-pwnbcb" data-testid="regular-price"><span class="css-idkz9h">$6.79</span>$6.79</span></p></div><a href="/rich-hazelnut-instant-coffee-canister/p/20949814_EA?source=nspt" class="chakra-linkbox__overlay css-1hnz6hu"><div class="css-0"><p class="chakra-text css-1ecdp9w" data-testid="product-brand">Nescafe</p><h3 class="chakra-heading css-6qrhwc" id="20949814_EA" data-testid="product-title">Rich Hazelnut Instant Coffee Canister</h3><p class="chakra-text css-1yftjin" data-testid="product-package-size">100 g, $6.79/100g</p></div></a><div class="css-8keand"></div></div><div class="css-1q5omjq"><div class="css-fcebb8"><div data-testid="atc-compact" class="css-y94ivq" style="width: 45px;"><button type="button" class="chakra-button css-mudsm6" data-testid="atc-button"><svg stroke="currentColor" fill="currentColor" stroke-width="0" viewBox="0 0 24 24" focusable="false" class="chakra-icon css-1g3sp7a" data-testid="btn-icon" aria-hidden="true" height="1em" width="1em" xmlns="http://www.w3.org/2000/svg"><path d="M19 13h-6v6h-2v-6H5v-2h6V5h2v6h6v2z"></path></svg><span class="css-idkz9h">Add Rich Hazelnut Instant Coffee Canister to cart</span></button></div></div></div></div></div></div><div class="css-0"><div class="css-f5i5wc"><div class="chakra-linkbox css-vhnn8v"><div data-testid="product-image" class="css-16dr4ly"><img alt="Nescafe Rich French Vanilla Flavoured Instant Coffee Mix, Makes 50 Servings 100 g, $6.79/100g" src="https://assets.shop.loblaws.ca/products/20949839/b3/en/front/20949839_front_a06_@2.png" srcset="https://assets.shop.loblaws.ca/products/20949839/b3/en/front/20949839_front_a06_@2.png 1x, https://assets.shop.loblaws.ca/products/20949839/b3/en/front/20949839_front_a06_@2.png 2x" loading="lazy" class="chakra-image css-oguq8l" aria-hidden="true"></div><div class="css-qoklea"><div class="css-12dchmx"></div><div data-testid="price-product-tile" class="css-8atqhb"><p class="chakra-text css-0"><span class="chakra-text css-pwnbcb" data-testid="regular-price"><span class="css-idkz9h">$6.79</span>$6.79</span></p></div><a href="/rich-french-vanilla-flavoured-instant-coffee-mix-m/p/20949839_EA?source=nspt" class="chakra-linkbox__overlay css-1hnz6hu"><div class="css-0"><p class="chakra-text css-1ecdp9w" data-testid="product-brand">Nescafe</p><h3 class="chakra-heading css-6qrhwc" id="20949839_EA" data-testid="product-title">Rich French Vanilla Flavoured Instant Coffee Mix, Makes 50 Servings</h3><p class="chakra-text css-1yftjin" data-testid="product-package-size">100 g, $6.79/100g</p></div></a><div class="css-8keand"></div></div><div class="css-1q5omjq"><div class="css-fcebb8"><div data-testid="atc-compact" class="css-y94ivq" style="width: 45px;"><button type="button" class="chakra-button css-mudsm6" data-testid="atc-button"><svg stroke="currentColor" fill="currentColor" stroke-width="0" viewBox="0 0 24 24" focusable="false" class="chakra-icon css-1g3sp7a" data-testid="btn-icon" aria-hidden="true" height="1em" width="1em" xmlns="http://www.w3.org/2000/svg"><path d="M19 13h-6v6h-2v-6H5v-2h6V5h2v6h6v2z"></path></svg><span class="css-idkz9h">Add Rich French Vanilla Flavoured Instant Coffee Mix, Makes 50 Servings to cart</span></button></div></div></div></div></div></div><div class="css-0"><div class="css-f5i5wc"><div class="chakra-linkbox css-vhnn8v"><div data-testid="product-image" class="css-16dr4ly"><img alt="President's Choice Gourmet West Coast Dark Roast Single Serve Coffee Pods 30 ea, $0.57/1ea" src="https://assets.shop.loblaws.ca/products/21038762/b3/en/front/21038762_front_a06_@2.png" srcset="https://assets.shop.loblaws.ca/products/21038762/b3/en/front/21038762_front_a06_@2.png 1x, https://assets.shop.loblaws.ca/products/21038762/b3/en/front/21038762_front_a06_@2.png 2x" loading="lazy" class="chakra-image css-oguq8l" aria-hidden="true"></div><div class="css-qoklea"><div class="css-12dchmx"></div><div data-testid="price-product-tile" class="css-8atqhb"><p class="chakra-text css-0"><span class="chakra-text css-pwnbcb" data-testid="regular-price"><span class="css-idkz9h">$16.99</span>$16.99</span></p></div><a href="/gourmet-west-coast-dark-roast-single-serve-coffee/p/21038762_EA?source=nspt" class="chakra-linkbox__overlay css-1hnz6hu"><div class="css-0"><p class="chakra-text css-1ecdp9w" data-testid="product-brand">President's Choice</p><h3 class="chakra-heading css-6qrhwc" id="21038762_EA" data-testid="product-title">Gourmet West Coast Dark Roast Single Serve Coffee Pods</h3><p class="chakra-text css-1yftjin" data-testid="product-package-size">30 ea, $0.57/1ea</p></div></a><div class="css-8keand"></div></div><div class="css-1q5omjq"><div class="css-fcebb8"><div data-testid="atc-compact" class="css-y94ivq" style="width: 45px;"><button type="button" class="chakra-button css-mudsm6" data-testid="atc-button"><svg stroke="currentColor" fill="currentColor" stroke-width="0" viewBox="0 0 24 24" focusable="false" class="chakra-icon css-1g3sp7a" data-testid="btn-icon" aria-hidden="true" height="1em" width="1em" xmlns="http://www.w3.org/2000/svg"><path d="M19 13h-6v6h-2v-6H5v-2h6V5h2v6h6v2z"></path></svg><span class="css-idkz9h">Add Gourmet West Coast Dark Roast Single Serve Coffee Pods to cart</span></button></div></div></div></div></div></div><div class="css-0"><div class="css-f5i5wc"><div class="chakra-linkbox css-vhnn8v"><div data-testid="product-image" class="css-16dr4ly"><img alt="No Name Dark Roast Ground Coffee 925 g, $1.08/100g" src="https://assets.shop.loblaws.ca/products/21380631/b3/en/front/21380631_front_a06_@2.png" srcset="https://assets.shop.loblaws.ca/products/21380631/b3/en/front/21380631_front_a06_@2.png 1x, https://assets.shop.loblaws.ca/products/21380631/b3/en/front/21380631_front_a06_@2.png 2x" loading="lazy" class="chakra-image css-oguq8l" aria-hidden="true"></div><div class="css-qoklea"><div class="css-12dchmx"></div><div data-testid="price-product-tile" class="css-8atqhb"><p class="chakra-text css-0"><span class="chakra-text css-pwnbcb" data-testid="regular-price"><span class="css-idkz9h">$9.99</span>$9.99</span></p></div><a href="/dark-roast-ground-coffee/p/21380631_EA?source=nspt" class="chakra-linkbox__overlay css-1hnz6hu"><div class="css-0"><p class="chakra-text css-1ecdp9w" data-testid="product-brand">No Name</p><h3 class="chakra-heading css-6qrhwc" id="21380631_EA" data-testid="product-title">Dark Roast Ground Coffee</h3><p class="chakra-text css-1yftjin" data-testid="product-package-size">925 g, $1.08/100g</p></div></a><div class="css-8keand"></div></div><div class="css-1q5omjq"><div class="css-fcebb8"><div data-testid="atc-compact" class="css-y94ivq" style="width: 45px;"><button type="button" class="chakra-button css-mudsm6" data-testid="atc-button"><svg stroke="currentColor" fill="currentColor" stroke-width="0" viewBox="0 0 24 24" focusable="false" class="chakra-icon css-1g3sp7a" data-testid="btn-icon" aria-hidden="true" height="1em" width="1em" xmlns="http://www.w3.org/2000/svg"><path d="M19 13h-6v6h-2v-6H5v-2h6V5h2v6h6v2z"></path></svg><span class="css-idkz9h">Add Dark Roast Ground Coffee to cart</span></button></div></div></div></div></div></div><div class="css-0"><div class="css-f5i5wc"><div class="chakra-linkbox css-vhnn8v"><div data-testid="product-image" class="css-16dr4ly"><img alt="Nescafe Classic Decaf Coffee 100 g, $7.99/100g" src="https://assets.shop.loblaws.ca/products/21309165/b3/en/front/21309165_front_a06_@2.png" srcset="https://assets.shop.loblaws.ca/products/21309165/b3/en/front/21309165_front_a06_@2.png 1x, https://assets.shop.loblaws.ca/products/21309165/b3/en/front/21309165_front_a06_@2.png 2x" loading="lazy" class="chakra-image css-oguq8l" aria-hidden="true"></div><div class="css-qoklea"><div class="css-12dchmx"></div><div data-testid="price-product-tile" class="css-8atqhb"><p class="chakra-text css-0"><span class="chakra-text css-pwnbcb" data-testid="regular-price"><span class="css-idkz9h">$7.99</span>$7.99</span></p></div><a href="/classic-decaf-coffee/p/21309165_EA?source=nspt" class="chakra-linkbox__overlay css-1hnz6hu"><div class="css-0"><p class="chakra-text css-1ecdp9w" data-testid="product-brand">Nescafe</p><h3 class="chakra-heading css-6qrhwc" id="21309165_EA" data-testid="product-title">Classic Decaf Coffee</h3><p class="chakra-text css-1yftjin" data-testid="product-package-size">100 g, $7.99/100g</p></div></a><div class="css-8keand"></div></div><div class="css-1q5omjq"><div class="css-fcebb8"><div data-testid="atc-compact" class="css-y94ivq" style="width: 45px;"><button type="button" class="chakra-button css-mudsm6" data-testid="atc-button"><svg stroke="currentColor" fill="currentColor" stroke-width="0" viewBox="0 0 24 24" focusable="false" class="chakra-icon css-1g3sp7a" data-testid="btn-icon" aria-hidden="true" height="1em" width="1em" xmlns="http://www.w3.org/2000/svg"><path d="M19 13h-6v6h-2v-6H5v-2h6V5h2v6h6v2z"></path></svg><span class="css-idkz9h">Add Classic Decaf Coffee to cart</span></button></div></div></div></div></div></div><div class="css-0"><div class="css-f5i5wc"><div class="chakra-linkbox css-vhnn8v"><div data-testid="product-image" class="css-16dr4ly"><img alt="President's Choice Gourmet West Coast Dark Roast Single Serve Coffee Pods 72 ea, $0.49/1ea" src="https://assets.shop.loblaws.ca/products/21111235/b3/en/front/21111235_front_a06_@2.png" srcset="https://assets.shop.loblaws.ca/products/21111235/b3/en/front/21111235_front_a06_@2.png 1x, https://assets.shop.loblaws.ca/products/21111235/b3/en/front/21111235_front_a06_@2.png 2x" loading="lazy" class="chakra-image css-oguq8l" aria-hidden="true"></div><div class="css-qoklea"><div class="css-12dchmx"></div><div data-testid="price-product-tile" class="css-8atqhb"><p class="chakra-text css-0"><span class="chakra-text css-pwnbcb" data-testid="regular-price"><span class="css-idkz9h">$34.99</span>$34.99</span></p></div><a href="/gourmet-west-coast-dark-roast-single-serve-coffee/p/21111235_EA?source=nspt" class="chakra-linkbox__overlay css-1hnz6hu"><div class="css-0"><p class="chakra-text css-1ecdp9w" data-testid="product-brand">President's Choice</p><h3 class="chakra-heading css-6qrhwc" id="21111235_EA" data-testid="product-title">Gourmet West Coast Dark Roast Single Serve Coffee Pods</h3><p class="chakra-text css-1yftjin" data-testid="product-package-size">72 ea, $0.49/1ea</p></div></a><div class="css-8keand"></div></div><div class="css-1q5omjq"><div class="css-fcebb8"><div data-testid="atc-compact" class="css-y94ivq" style="width: 45px;"><button type="button" class="chakra-button css-mudsm6" data-testid="atc-button"><svg stroke="currentColor" fill="currentColor" stroke-width="0" viewBox="0 0 24 24" focusable="false" class="chakra-icon css-1g3sp7a" data-testid="btn-icon" aria-hidden="true" height="1em" width="1em" xmlns="http://www.w3.org/2000/svg"><path d="M19 13h-6v6h-2v-6H5v-2h6V5h2v6h6v2z"></path></svg><span class="css-idkz9h">Add Gourmet West Coast Dark Roast Single Serve Coffee Pods to cart</span></button></div></div></div></div></div></div><div class="css-0"><div class="css-f5i5wc"><div class="chakra-linkbox css-vhnn8v"><div data-testid="product-image" class="css-16dr4ly"><img alt="No Name Instant Coffee Club Size 340 g, $2.59/100g" src="https://assets.shop.loblaws.ca/products/20057497/b3/en/front/20057497_front_a06_@2.png" srcset="https://assets.shop.loblaws.ca/products/20057497/b3/en/front/20057497_front_a06_@2.png 1x, https://assets.shop.loblaws.ca/products/20057497/b3/en/front/20057497_front_a06_@2.png 2x" loading="lazy" class="chakra-image css-oguq8l" aria-hidden="true"></div><div class="css-qoklea"><div class="css-12dchmx"></div><div data-testid="price-product-tile" class="css-8atqhb"><p class="chakra-text css-0"><span class="chakra-text css-pwnbcb" data-testid="regular-price"><span class="css-idkz9h">$8.79</span>$8.79</span></p></div><a href="/instant-coffee-club-size/p/20057497_EA?source=nspt" class="chakra-linkbox__overlay css-1hnz6hu"><div class="css-0"><p class="chakra-text css-1ecdp9w" data-testid="product-brand">No Name</p><h3 class="chakra-heading css-6qrhwc" id="20057497_EA" data-testid="product-title">Instant Coffee Club Size</h3><p class="chakra-text css-1yftjin" data-testid="product-package-size">340 g, $2.59/100g</p></div></a><div class="css-8keand"></div></div><div class="css-1q5omjq"><div class="css-fcebb8"><div data-testid="atc-compact" class="css-y94ivq" style="width: 45px;"><button type="button" class="chakra-button css-mudsm6" data-testid="atc-button"><svg stroke="currentColor" fill="currentColor" stroke-width="0" viewBox="0 0 24 24" focusable="false" class="chakra-icon css-1g3sp7a" data-testid="btn-icon" aria-hidden="true" height="1em" width="1em" xmlns="http://www.w3.org/2000/svg"><path d="M19 13h-6v6h-2v-6H5v-2h6V5h2v6h6v2z"></path></svg><span class="css-idkz9h">Add Instant Coffee Club Size to cart</span></button></div></div></div></div></div></div><div class="css-0"><div class="css-f5i5wc"><div class="chakra-linkbox css-vhnn8v"><div data-testid="product-image" class="css-16dr4ly"><img alt="Nescafe GOLD Instant and Roast &amp; Ground Medium Coffee 100 g, $8.49/100g" src="https://assets.shop.loblaws.ca/products/21074532/b3/en/front/21074532_front_a06_@2.png" srcset="https://assets.shop.loblaws.ca/products/21074532/b3/en/front/21074532_front_a06_@2.png 1x, https://assets.shop.loblaws.ca/products/21074532/b3/en/front/21074532_front_a06_@2.png 2x" loading="lazy" class="chakra-image css-oguq8l" aria-hidden="true"></div><div class="css-qoklea"><div class="css-12dchmx"></div><div data-testid="price-product-tile" class="css-8atqhb"><p class="chakra-text css-0"><span class="chakra-text css-pwnbcb" data-testid="regular-price"><span class="css-idkz9h">$8.49</span>$8.49</span></p></div><a href="/gold-instant-and-roast-ground-medium-coffee/p/21074532_EA?source=nspt" class="chakra-linkbox__overlay css-1hnz6hu"><div class="css-0"><p class="chakra-text css-1ecdp9w" data-testid="product-brand">Nescafe</p><h3 class="chakra-heading css-6qrhwc" id="21074532_EA" data-testid="product-title">GOLD Instant and Roast &amp; Ground Medium Coffee</h3><p class="chakra-text css-1yftjin" data-testid="product-package-size">100 g, $8.49/100g</p></div></a><div class="css-8keand"></div></div><div class="css-1q5omjq"><div class="css-fcebb8"><div data-testid="atc-compact" class="css-y94ivq" style="width: 45px;"><button type="button" class="chakra-button css-mudsm6" data-testid="atc-button"><svg stroke="currentColor" fill="currentColor" stroke-width="0" viewBox="0 0 24 24" focusable="false" class="chakra-icon css-1g3sp7a" data-testid="btn-icon" aria-hidden="true" height="1em" width="1em" xmlns="http://www.w3.org/2000/svg"><path d="M19 13h-6v6h-2v-6H5v-2h6V5h2v6h6v2z"></path></svg><span class="css-idkz9h">Add GOLD Instant and Roast &amp; Ground Medium Coffee to cart</span></button></div></div></div></div></div></div><div class="css-0"><div class="css-f5i5wc"><div class="chakra-linkbox css-vhnn8v"><div data-testid="product-image" class="css-16dr4ly"><img alt="Tim Hortons Original Coffee 48 ea, $0.77/1ea" src="https://assets.shop.loblaws.ca/products/21240799/b3/en/front/21240799_front_a06_@2.png" srcset="https://assets.shop.loblaws.ca/products/21240799/b3/en/front/21240799_front_a06_@2.png 1x, https://assets.shop.loblaws.ca/products/21240799/b3/en/front/21240799_front_a06_@2.png 2x" loading="lazy" class="chakra-image css-oguq8l" aria-hidden="true"></div><div class="css-qoklea"><div class="css-12dchmx"></div><div data-testid="price-product-tile" class="css-8atqhb"><p class="chakra-text css-0"><span class="chakra-text css-pwnbcb" data-testid="regular-price"><span class="css-idkz9h">$36.99</span>$36.99</span></p></div><a href="/original-coffee/p/21240799_EA?source=nspt" class="chakra-linkbox__overlay css-1hnz6hu"><div class="css-0"><p class="chakra-text css-1ecdp9w" data-testid="product-brand">Tim Hortons</p><h3 class="chakra-heading css-6qrhwc" id="21240799_EA" data-testid="product-title">Original Coffee</h3><p class="chakra-text css-1yftjin" data-testid="product-package-size">48 ea, $0.77/1ea</p></div></a><div class="css-8keand"></div></div><div class="css-1q5omjq"><div class="css-fcebb8"><div data-testid="atc-compact" class="css-y94ivq" style="width: 45px;"><button type="button" class="chakra-button css-mudsm6" data-testid="atc-button"><svg stroke="currentColor" fill="currentColor" stroke-width="0" viewBox="0 0 24 24" focusable="false" class="chakra-icon css-1g3sp7a" data-testid="btn-icon" aria-hidden="true" height="1em" width="1em" xmlns="http://www.w3.org/2000/svg"><path d="M19 13h-6v6h-2v-6H5v-2h6V5h2v6h6v2z"></path></svg><span class="css-idkz9h">Add Original Coffee to cart</span></button></div></div></div></div></div></div><div class="css-0"><div class="css-f5i5wc"><div class="chakra-linkbox css-vhnn8v"><div data-testid="product-image" class="css-16dr4ly"><img alt="Nescafe RICH Instant Coffee 475 g, $2.95/100g" src="https://assets.shop.loblaws.ca/products/20145032/b3/en/front/20145032_front_a06_@2.png" srcset="https://assets.shop.loblaws.ca/products/20145032/b3/en/front/20145032_front_a06_@2.png 1x, https://assets.shop.loblaws.ca/products/20145032/b3/en/front/20145032_front_a06_@2.png 2x" loading="lazy" class="chakra-image css-oguq8l" aria-hidden="true"></div><div class="css-qoklea"><div class="css-12dchmx"></div><div data-testid="price-product-tile" class="css-8atqhb"><p class="chakra-text css-0"><span class="chakra-text css-o93gbd" data-testid="sale-price"><span class="css-idkz9h">$13.99</span>$13.99</span><span class="chakra-text css-623q5h" data-testid="was-price"><span class="css-idkz9h">$15.99</span>$15.99</span></p><p class="chakra-text css-1m5a6y8" data-testid="price-descriptor">SAVE $2.00</p></div><a href="/rich-instant-coffee/p/20145032_EA?source=nspt" class="chakra-linkbox__overlay css-1hnz6hu"><div class="css-0"><p class="chakra-text css-1ecdp9w" data-testid="product-brand">Nescafe</p><h3 class="chakra-heading css-6qrhwc" id="20145032_EA" data-testid="product-title">RICH Instant Coffee</h3><p class="chakra-text css-1yftjin" data-testid="product-package-size">475 g, $2.95/100g</p></div></a><div class="css-8keand"></div></div><div class="css-1q5omjq"><div class="css-fcebb8"><div data-testid="atc-compact" class="css-y94ivq" style="width: 45px;"><button type="button" class="chakra-button css-mudsm6" data-testid="atc-button"><svg stroke="currentColor" fill="currentColor" stroke-width="0" viewBox="0 0 24 24" focusable="false" class="chakra-icon css-1g3sp7a" data-testid="btn-icon" aria-hidden="true" height="1em" width="1em" xmlns="http://www.w3.org/2000/svg"><path d="M19 13h-6v6h-2v-6H5v-2h6V5h2v6h6v2z"></path></svg><span class="css-idkz9h">Add RICH Instant Coffee to cart</span></button></div></div></div></div></div></div><div class="css-0"><div class="css-f5i5wc"><div class="chakra-linkbox css-vhnn8v"><div data-testid="product-image" class="css-16dr4ly"><img alt="Tassimo Nabob Espresso Single Serve T-Discs 14 ea, $0.50/1ea" src="https://assets.shop.loblaws.ca/products/20552968/b3/en/front/20552968_front_a06_@2.png" srcset="https://assets.shop.loblaws.ca/products/20552968/b3/en/front/20552968_front_a06_@2.png 1x, https://assets.shop.loblaws.ca/products/20552968/b3/en/front/20552968_front_a06_@2.png 2x" loading="lazy" class="chakra-image css-oguq8l" aria-hidden="true"></div><div class="css-qoklea"><div class="css-12dchmx"></div><div data-testid="price-product-tile" class="css-8atqhb"><p class="chakra-text css-0"><span class="chakra-text css-o93gbd" data-testid="sale-price"><span class="css-idkz9h">$6.99</span>$6.99</span><span class="chakra-text css-623q5h" data-testid="was-price"><span class="css-idkz9h">$7.99</span>$7.99</span></p><p class="chakra-text css-1m5a6y8" data-testid="price-descriptor">SAVE $1.00</p></div><a href="/nabob-espresso-single-serve-t-discs/p/20552968_EA?source=nspt" class="chakra-linkbox__overlay css-1hnz6hu"><div class="css-0"><p class="chakra-text css-1ecdp9w" data-testid="product-brand">Tassimo</p><h3 class="chakra-heading css-6qrhwc" id="20552968_EA" data-testid="product-title">Nabob Espresso Single Serve T-Discs</h3><p class="chakra-text css-1yftjin" data-testid="product-package-size">14 ea, $0.50/1ea</p></div></a><div class="css-8keand"></div></div><div class="css-1q5omjq"><div class="css-fcebb8"><div data-testid="atc-compact" class="css-y94ivq" style="width: 45px;"><button type="button" class="chakra-button css-mudsm6" data-testid="atc-button"><svg stroke="currentColor" fill="currentColor" stroke-width="0" viewBox="0 0 24 24" focusable="false" class="chakra-icon css-1g3sp7a" data-testid="btn-icon" aria-hidden="true" height="1em" width="1em" xmlns="http://www.w3.org/2000/svg"><path d="M19 13h-6v6h-2v-6H5v-2h6V5h2v6h6v2z"></path></svg><span class="css-idkz9h">Add Nabob Espresso Single Serve T-Discs to cart</span></button></div></div></div></div></div></div><div class="css-0"><div class="css-f5i5wc"><div class="chakra-linkbox css-vhnn8v"><div data-testid="product-image" class="css-16dr4ly"><img alt="Starbucks Ground 100% Arabica Coffee True North Blend Blonde Roast 340 g, $2.94/100g" src="https://assets.shop.loblaws.ca/products/20548682002/b3/en/front/20548682002_front_a06_@2.png" srcset="https://assets.shop.loblaws.ca/products/20548682002/b3/en/front/20548682002_front_a06_@2.png 1x, https://assets.shop.loblaws.ca/products/20548682002/b3/en/front/20548682002_front_a06_@2.png 2x" loading="lazy" class="chakra-image css-oguq8l" aria-hidden="true"></div><div class="css-qoklea"><div class="css-12dchmx"></div><div data-testid="price-product-tile" class="css-8atqhb"><p class="chakra-text css-0"><span class="chakra-text css-pwnbcb" data-testid="regular-price"><span class="css-idkz9h">$9.99</span>$9.99</span></p></div><a href="/ground-100-arabica-coffee-true-north-blend-blonde/p/20548682002_EA?source=nspt" class="chakra-linkbox__overlay css-1hnz6hu"><div class="css-0"><p class="chakra-text css-1ecdp9w" data-testid="product-brand">Starbucks</p><h3 class="chakra-heading css-6qrhwc" id="20548682002_EA" data-testid="product-title">Ground 100% Arabica Coffee True North Blend Blonde Roast</h3><p class="chakra-text css-1yftjin" data-testid="product-package-size">340 g, $2.94/100g</p></div></a><div class="css-8keand"></div></div><div class="css-1q5omjq"><div class="css-fcebb8"><div data-testid="atc-compact" class="css-y94ivq" style="width: 45px;"><button type="button" class="chakra-button css-mudsm6" data-testid="atc-button"><svg stroke="currentColor" fill="currentColor" stroke-width="0" viewBox="0 0 24 24" focusable="false" class="chakra-icon css-1g3sp7a" data-testid="btn-icon" aria-hidden="true" height="1em" width="1em" xmlns="http://www.w3.org/2000/svg"><path d="M19 13h-6v6h-2v-6H5v-2h6V5h2v6h6v2z"></path></svg><span class="css-idkz9h">Add Ground 100% Arabica Coffee True North Blend Blonde Roast to cart</span></button></div></div></div></div></div></div><div class="css-0"><div class="css-f5i5wc"><div class="chakra-linkbox css-vhnn8v"><div data-testid="product-image" class="css-16dr4ly"><img alt="Starbucks Caffè Verona Capsules, Ground Coffee For Nespresso Vurtuo 100 g, $11.49/100g" src="https://assets.shop.loblaws.ca/products/21398286/b3/en/front/21398286_front_a06_@2.png" srcset="https://assets.shop.loblaws.ca/products/21398286/b3/en/front/21398286_front_a06_@2.png 1x, https://assets.shop.loblaws.ca/products/21398286/b3/en/front/21398286_front_a06_@2.png 2x" loading="lazy" class="chakra-image css-oguq8l" aria-hidden="true"></div><div class="css-qoklea"><div class="css-12dchmx"></div><div data-testid="price-product-tile" class="css-8atqhb"><p class="chakra-text css-0"><span class="chakra-text css-pwnbcb" data-testid="regular-price"><span class="css-idkz9h">$11.49</span>$11.49</span></p></div><a href="/caff-verona-capsules-ground-coffee-for-nespresso-v/p/21398286_EA?source=nspt" class="chakra-linkbox__overlay css-1hnz6hu"><div class="css-0"><p class="chakra-text css-1ecdp9w" data-testid="product-brand">Starbucks</p><h3 class="chakra-heading css-6qrhwc" id="21398286_EA" data-testid="product-title">Caffè Verona Capsules, Ground Coffee For Nespresso Vurtuo</h3><p class="chakra-text css-1yftjin" data-testid="product-package-size">100 g, $11.49/100g</p></div></a><div class="css-8keand"></div></div><div class="css-1q5omjq"><div class="css-fcebb8"><div data-testid="atc-compact" class="css-y94ivq" style="width: 45px;"><button type="button" class="chakra-button css-mudsm6" data-testid="atc-button"><svg stroke="currentColor" fill="currentColor" stroke-width="0" viewBox="0 0 24 24" focusable="false" class="chakra-icon css-1g3sp7a" data-testid="btn-icon" aria-hidden="true" height="1em" width="1em" xmlns="http://www.w3.org/2000/svg"><path d="M19 13h-6v6h-2v-6H5v-2h6V5h2v6h6v2z"></path></svg><span class="css-idkz9h">Add Caffè Verona Capsules, Ground Coffee For Nespresso Vurtuo to cart</span></button></div></div><div class="css-4saf4a"><p class="chakra-text css-py8788" data-testid="inventory-badge-text">Low Stock</p></div></div></div></div></div><div class="css-0"><div class="css-f5i5wc"><div class="chakra-linkbox css-vhnn8v"><div data-testid="product-image" class="css-16dr4ly"><img alt="Barzula Espresso Coffee 250 g, $1.52/100g" src="https://assets.shop.loblaws.ca/products/20025953/b3/en/front/20025953_front_a06_@2.png" srcset="https://assets.shop.loblaws.ca/products/20025953/b3/en/front/20025953_front_a06_@2.png 1x, https://assets.shop.loblaws.ca/products/20025953/b3/en/front/20025953_front_a06_@2.png 2x" loading="lazy" class="chakra-image css-oguq8l" aria-hidden="true"></div><div class="css-qoklea"><div class="css-12dchmx"></div><div data-testid="price-product-tile" class="css-8atqhb"><p class="chakra-text css-0"><span class="chakra-text css-pwnbcb" data-testid="regular-price"><span class="css-idkz9h">$3.79</span>$3.79</span></p></div><a href="/espresso-coffee/p/20025953_EA?source=nspt" class="chakra-linkbox__overlay css-1hnz6hu"><div class="css-0"><p class="chakra-text css-1ecdp9w" data-testid="product-brand">Barzula</p><h3 class="chakra-heading css-6qrhwc" id="20025953_EA" data-testid="product-title">Espresso Coffee</h3><p class="chakra-text css-1yftjin" data-testid="product-package-size">250 g, $1.52/100g</p></div></a><div class="css-8keand"></div></div><div class="css-1q5omjq"><div class="css-fcebb8"><div data-testid="atc-compact" class="css-y94ivq" style="width: 45px;"><button type="button" class="chakra-button css-mudsm6" data-testid="atc-button"><svg stroke="currentColor" fill="currentColor" stroke-width="0" viewBox="0 0 24 24" focusable="false" class="chakra-icon css-1g3sp7a" data-testid="btn-icon" aria-hidden="true" height="1em" width="1em" xmlns="http://www.w3.org/2000/svg"><path d="M19 13h-6v6h-2v-6H5v-2h6V5h2v6h6v2z"></path></svg><span class="css-idkz9h">Add Espresso Coffee to cart</span></button></div></div></div></div></div></div><div class="css-0"><div class="css-f5i5wc"><div class="chakra-linkbox css-vhnn8v"><div data-testid="product-image" class="css-16dr4ly"><img alt="Excelsior Bar Extra Ground Coffee Espresso Medium  250 g, $1.60/100g" src="https://assets.shop.loblaws.ca/products/20075381/b3/en/front/20075381_front_a06_@2.png" srcset="https://assets.shop.loblaws.ca/products/20075381/b3/en/front/20075381_front_a06_@2.png 1x, https://assets.shop.loblaws.ca/products/20075381/b3/en/front/20075381_front_a06_@2.png 2x" loading="lazy" class="chakra-image css-oguq8l" aria-hidden="true"></div><div class="css-qoklea"><div class="css-12dchmx"></div><div data-testid="price-product-tile" class="css-8atqhb"><p class="chakra-text css-0"><span class="chakra-text css-pwnbcb" data-testid="regular-price"><span class="css-idkz9h">$3.99</span>$3.99</span></p></div><a href="/bar-extra-ground-coffee-espresso-medium/p/20075381_EA?source=nspt" class="chakra-linkbox__overlay css-1hnz6hu"><div class="css-0"><p class="chakra-text css-1ecdp9w" data-testid="product-brand">Excelsior</p><h3 class="chakra-heading css-6qrhwc" id="20075381_EA" data-testid="product-title">Bar Extra Ground Coffee Espresso Medium </h3><p class="chakra-text css-1yftjin" data-testid="product-package-size">250 g, $1.60/100g</p></div></a><div class="css-8keand"></div></div><div class="css-1q5omjq"><div class="css-fcebb8"><div data-testid="atc-compact" class="css-y94ivq" style="width: 45px;"><button type="button" class="chakra-button css-mudsm6" data-testid="atc-button"><svg stroke="currentColor" fill="currentColor" stroke-width="0" viewBox="0 0 24 24" focusable="false" class="chakra-icon css-1g3sp7a" data-testid="btn-icon" aria-hidden="true" height="1em" width="1em" xmlns="http://www.w3.org/2000/svg"><path d="M19 13h-6v6h-2v-6H5v-2h6V5h2v6h6v2z"></path></svg><span class="css-idkz9h">Add Bar Extra Ground Coffee Espresso Medium  to cart</span></button></div></div></div></div></div></div><div class="css-0"><div class="css-f5i5wc"><div class="chakra-linkbox css-vhnn8v"><div data-testid="product-image" class="css-16dr4ly"><img alt="Al Rifai Premium Ground Brazilian Coffee 450 g, $1.78/100g" src="https://assets.shop.loblaws.ca/products/20830650/b3/en/front/20830650_front_a06_@2.png" srcset="https://assets.shop.loblaws.ca/products/20830650/b3/en/front/20830650_front_a06_@2.png 1x, https://assets.shop.loblaws.ca/products/20830650/b3/en/front/20830650_front_a06_@2.png 2x" loading="lazy" class="chakra-image css-oguq8l" aria-hidden="true"></div><div class="css-qoklea"><div class="css-12dchmx"></div><div data-testid="price-product-tile" class="css-8atqhb"><p class="chakra-text css-0"><span class="chakra-text css-pwnbcb" data-testid="regular-price"><span class="css-idkz9h">$7.99</span>$7.99</span></p></div><a href="/premium-ground-brazilian-coffee/p/20830650_EA?source=nspt" class="chakra-linkbox__overlay css-1hnz6hu"><div class="css-0"><p class="chakra-text css-1ecdp9w" data-testid="product-brand">Al Rifai</p><h3 class="chakra-heading css-6qrhwc" id="20830650_EA" data-testid="product-title">Premium Ground Brazilian Coffee</h3><p class="chakra-text css-1yftjin" data-testid="product-package-size">450 g, $1.78/100g</p></div></a><div class="css-8keand"></div></div><div class="css-1q5omjq"><div class="css-fcebb8"><div data-testid="atc-compact" class="css-y94ivq" style="width: 45px;"><button type="button" class="chakra-button css-mudsm6" data-testid="atc-button"><svg stroke="currentColor" fill="currentColor" stroke-width="0" viewBox="0 0 24 24" focusable="false" class="chakra-icon css-1g3sp7a" data-testid="btn-icon" aria-hidden="true" height="1em" width="1em" xmlns="http://www.w3.org/2000/svg"><path d="M19 13h-6v6h-2v-6H5v-2h6V5h2v6h6v2z"></path></svg><span class="css-idkz9h">Add Premium Ground Brazilian Coffee to cart</span></button></div></div></div></div></div></div></div><div data-testid="product-grid" class="css-epcqr3"><div class="css-0"><div class="css-f5i5wc"><div class="chakra-linkbox css-vhnn8v"><div data-testid="product-image" class="css-16dr4ly"><img alt="Pride Of Arabia Whole Bean Arabica Coffee 907 g, $2.04/100g" src="https://assets.shop.loblaws.ca/products/20081005/b3/en/front/20081005_front_a06_@2.png" srcset="https://assets.shop.loblaws.ca/products/20081005/b3/en/front/20081005_front_a06_@2.png 1x, https://assets.shop.loblaws.ca/products/20081005/b3/en/front/20081005_front_a06_@2.png 2x" loading="lazy" class="chakra-image css-oguq8l" aria-hidden="true"></div><div class="css-qoklea"><div class="css-12dchmx"></div><div data-testid="price-product-tile" class="css-8atqhb"><p class="chakra-text css-0"><span class="chakra-text css-pwnbcb" data-testid="regular-price"><span class="css-idkz9h">$18.49</span>$18.49</span></p></div><a href="/whole-bean-arabica-coffee/p/20081005_EA?source=nspt" class="chakra-linkbox__overlay css-1hnz6hu"><div class="css-0"><p class="chakra-text css-1ecdp9w" data-testid="product-brand">Pride Of Arabia</p><h3 class="chakra-heading css-6qrhwc" id="20081005_EA" data-testid="product-title">Whole Bean Arabica Coffee</h3><p class="chakra-text css-1yftjin" data-testid="product-package-size">907 g, $2.04/100g</p></div></a><div class="css-8keand"></div></div><div class="css-1q5omjq"><div class="css-fcebb8"><div data-testid="atc-compact" class="css-y94ivq" style="width: 45px;"><button type="button" class="chakra-button css-mudsm6" data-testid="atc-button"><svg stroke="currentColor" fill="currentColor" stroke-width="0" viewBox="0 0 24 24" focusable="false" class="chakra-icon css-1g3sp7a" data-testid="btn-icon" aria-hidden="true" height="1em" width="1em" xmlns="http://www.w3.org/2000/svg"><path d="M19 13h-6v6h-2v-6H5v-2h6V5h2v6h6v2z"></path></svg><span class="css-idkz9h">Add Whole Bean Arabica Coffee to cart</span></button></div></div></div></div></div></div><div class="css-0"><div class="css-f5i5wc"><div class="chakra-linkbox css-vhnn8v"><div data-testid="product-image" class="css-16dr4ly"><img alt="McCafe Premium Medium Dark Roast, Ground Coffee, Decaf 640 g, $3.90/100g" src="https://assets.shop.loblaws.ca/products/21521455/b3/en/front/21521455_front_a06_@2.png" srcset="https://assets.shop.loblaws.ca/products/21521455/b3/en/front/21521455_front_a06_@2.png 1x, https://assets.shop.loblaws.ca/products/21521455/b3/en/front/21521455_front_a06_@2.png 2x" loading="lazy" class="chakra-image css-oguq8l" aria-hidden="true"></div><div class="css-qoklea"><div class="css-12dchmx"></div><div data-testid="price-product-tile" class="css-8atqhb"><p class="chakra-text css-0"><span class="chakra-text css-pwnbcb" data-testid="regular-price"><span class="css-idkz9h">$24.99</span>$24.99</span></p></div><a href="/premium-medium-dark-roast-ground-coffee-decaf/p/21521455_EA?source=nspt" class="chakra-linkbox__overlay css-1hnz6hu"><div class="css-0"><p class="chakra-text css-1ecdp9w" data-testid="product-brand">McCafe</p><h3 class="chakra-heading css-6qrhwc" id="21521455_EA" data-testid="product-title">Premium Medium Dark Roast, Ground Coffee, Decaf</h3><p class="chakra-text css-1yftjin" data-testid="product-package-size">640 g, $3.90/100g</p></div></a><div class="css-8keand"></div></div><div class="css-1q5omjq"><div class="css-fcebb8"><div data-testid="atc-compact" class="css-y94ivq" style="width: 45px;"><button type="button" class="chakra-button css-mudsm6" data-testid="atc-button"><svg stroke="currentColor" fill="currentColor" stroke-width="0" viewBox="0 0 24 24" focusable="false" class="chakra-icon css-1g3sp7a" data-testid="btn-icon" aria-hidden="true" height="1em" width="1em" xmlns="http://www.w3.org/2000/svg"><path d="M19 13h-6v6h-2v-6H5v-2h6V5h2v6h6v2z"></path></svg><span class="css-idkz9h">Add Premium Medium Dark Roast, Ground Coffee, Decaf to cart</span></button></div></div></div></div></div></div><div class="css-0"><div class="css-f5i5wc"><div class="chakra-linkbox css-vhnn8v"><div data-testid="product-image" class="css-16dr4ly"><img alt="Tim Hortons Ground Coffee Bold Espresso 10 ea, $0.65/1ea" src="https://assets.shop.loblaws.ca/products/21499074/b3/en/front/21499074_front_a06_@2.png" srcset="https://assets.shop.loblaws.ca/products/21499074/b3/en/front/21499074_front_a06_@2.png 1x, https://assets.shop.loblaws.ca/products/21499074/b3/en/front/21499074_front_a06_@2.png 2x" loading="lazy" class="chakra-image css-oguq8l" aria-hidden="true"></div><div class="css-qoklea"><div class="css-12dchmx"></div><div data-testid="price-product-tile" class="css-8atqhb"><p class="chakra-text css-0"><span class="chakra-text css-o93gbd" data-testid="sale-price"><span class="css-idkz9h">$6.49</span>$6.49</span><span class="chakra-text css-623q5h" data-testid="was-price"><span class="css-idkz9h">$7.99</span>$7.99</span></p><p class="chakra-text css-1m5a6y8" data-testid="price-descriptor">SAVE $1.50</p></div><a href="/ground-coffee-bold-espresso/p/21499074_EA?source=nspt" class="chakra-linkbox__overlay css-1hnz6hu"><div class="css-0"><p class="chakra-text css-1ecdp9w" data-testid="product-brand">Tim Hortons</p><h3 class="chakra-heading css-6qrhwc" id="21499074_EA" data-testid="product-title">Ground Coffee Bold Espresso</h3><p class="chakra-text css-1yftjin" data-testid="product-package-size">10 ea, $0.65/1ea</p></div></a><div class="css-8keand"></div></div><div class="css-1q5omjq"><div class="css-fcebb8"><div data-testid="atc-compact" class="css-y94ivq" style="width: 45px;"><button type="button" class="chakra-button css-mudsm6" data-testid="atc-button"><svg stroke="currentColor" fill="currentColor" stroke-width="0" viewBox="0 0 24 24" focusable="false" class="chakra-icon css-1g3sp7a" data-testid="btn-icon" aria-hidden="true" height="1em" width="1em" xmlns="http://www.w3.org/2000/svg"><path d="M19 13h-6v6h-2v-6H5v-2h6V5h2v6h6v2z"></path></svg><span class="css-idkz9h">Add Ground Coffee Bold Espresso to cart</span></button></div></div></div></div></div></div><div class="css-0"><div class="css-f5i5wc"><div class="chakra-linkbox css-vhnn8v"><div data-testid="product-image" class="css-16dr4ly"><img alt="Folgers Vanilla Biscotti K-Cup Coffee Pods 12 Count 12 ea, $0.87/1ea" src="https://assets.shop.loblaws.ca/products/20416619003/b3/en/front/20416619003_front_a06_@2.png" srcset="https://assets.shop.loblaws.ca/products/20416619003/b3/en/front/20416619003_front_a06_@2.png 1x, https://assets.shop.loblaws.ca/products/20416619003/b3/en/front/20416619003_front_a06_@2.png 2x" loading="lazy" class="chakra-image css-oguq8l" aria-hidden="true"></div><div class="css-qoklea"><div class="css-12dchmx"></div><div data-testid="price-product-tile" class="css-8atqhb"><p class="chakra-text css-0"><span class="chakra-text css-pwnbcb" data-testid="regular-price"><span class="css-idkz9h">$10.49</span>$10.49</span></p></div><a href="/vanilla-biscotti-k-cup-coffee-pods-12-count/p/20416619003_EA?source=nspt" class="chakra-linkbox__overlay css-1hnz6hu"><div class="css-0"><p class="chakra-text css-1ecdp9w" data-testid="product-brand">Folgers</p><h3 class="chakra-heading css-6qrhwc" id="20416619003_EA" data-testid="product-title">Vanilla Biscotti K-Cup Coffee Pods 12 Count</h3><p class="chakra-text css-1yftjin" data-testid="product-package-size">12 ea, $0.87/1ea</p></div></a><div class="css-8keand"></div></div><div class="css-1q5omjq"><div class="css-fcebb8"><div data-testid="atc-compact" class="css-y94ivq" style="width: 45px;"><button type="button" class="chakra-button css-mudsm6" data-testid="atc-button"><svg stroke="currentColor" fill="currentColor" stroke-width="0" viewBox="0 0 24 24" focusable="false" class="chakra-icon css-1g3sp7a" data-testid="btn-icon" aria-hidden="true" height="1em" width="1em" xmlns="http://www.w3.org/2000/svg"><path d="M19 13h-6v6h-2v-6H5v-2h6V5h2v6h6v2z"></path></svg><span class="css-idkz9h">Add Vanilla Biscotti K-Cup Coffee Pods 12 Count to cart</span></button></div></div></div></div></div></div><div class="css-0"><div class="css-f5i5wc"><div class="chakra-linkbox css-vhnn8v"><div data-testid="product-image" class="css-16dr4ly"><img alt="President's Choice Espresso Perfetto Espresso Grind Coffee 250 g, $2.52/100g" src="https://assets.shop.loblaws.ca/products/21414074/b3/en/front/21414074_front_a06_@2.png" srcset="https://assets.shop.loblaws.ca/products/21414074/b3/en/front/21414074_front_a06_@2.png 1x, https://assets.shop.loblaws.ca/products/21414074/b3/en/front/21414074_front_a06_@2.png 2x" loading="lazy" class="chakra-image css-oguq8l" aria-hidden="true"></div><div class="css-qoklea"><div class="css-12dchmx"></div><div data-testid="price-product-tile" class="css-8atqhb"><p class="chakra-text css-0"><span class="chakra-text css-pwnbcb" data-testid="regular-price"><span class="css-idkz9h">$6.29</span>$6.29</span></p></div><a href="/espresso-perfetto-espresso-grind-coffee/p/21414074_EA?source=nspt" class="chakra-linkbox__overlay css-1hnz6hu"><div class="css-0"><p class="chakra-text css-1ecdp9w" data-testid="product-brand">President's Choice</p><h3 class="chakra-heading css-6qrhwc" id="21414074_EA" data-testid="product-title">Espresso Perfetto Espresso Grind Coffee</h3><p class="chakra-text css-1yftjin" data-testid="product-package-size">250 g, $2.52/100g</p></div></a><div class="css-8keand"></div></div><div class="css-1q5omjq"><div class="css-fcebb8"><div data-testid="atc-compact" class="css-y94ivq" style="width: 45px;"><button type="button" class="chakra-button css-mudsm6" data-testid="atc-button"><svg stroke="currentColor" fill="currentColor" stroke-width="0" viewBox="0 0 24 24" focusable="false" class="chakra-icon css-1g3sp7a" data-testid="btn-icon" aria-hidden="true" height="1em" width="1em" xmlns="http://www.w3.org/2000/svg"><path d="M19 13h-6v6h-2v-6H5v-2h6V5h2v6h6v2z"></path></svg><span class="css-idkz9h">Add Espresso Perfetto Espresso Grind Coffee to cart</span></button></div></div></div></div></div></div><div class="css-0"><div class="css-f5i5wc"><div class="chakra-linkbox css-vhnn8v"><div data-testid="product-image" class="css-16dr4ly"><img alt="President's Choice The Great Canadian Light to Medium Roast Single Serve Coffee Pods 72 ea, $0.49/1ea" src="https://assets.shop.loblaws.ca/products/21111217/b3/en/front/21111217_front_a06_@2.png" srcset="https://assets.shop.loblaws.ca/products/21111217/b3/en/front/21111217_front_a06_@2.png 1x, https://assets.shop.loblaws.ca/products/21111217/b3/en/front/21111217_front_a06_@2.png 2x" loading="lazy" class="chakra-image css-oguq8l" aria-hidden="true"></div><div class="css-qoklea"><div class="css-12dchmx"></div><div data-testid="price-product-tile" class="css-8atqhb"><p class="chakra-text css-0"><span class="chakra-text css-pwnbcb" data-testid="regular-price"><span class="css-idkz9h">$34.99</span>$34.99</span></p></div><a href="/the-great-canadian-light-to-medium-roast-single-se/p/21111217_EA?source=nspt" class="chakra-linkbox__overlay css-1hnz6hu"><div class="css-0"><p class="chakra-text css-1ecdp9w" data-testid="product-brand">President's Choice</p><h3 class="chakra-heading css-6qrhwc" id="21111217_EA" data-testid="product-title">The Great Canadian Light to Medium Roast Single Serve Coffee Pods</h3><p class="chakra-text css-1yftjin" data-testid="product-package-size">72 ea, $0.49/1ea</p></div></a><div class="css-8keand"></div></div><div class="css-1q5omjq"><div class="css-fcebb8"><div data-testid="atc-compact" class="css-y94ivq" style="width: 45px;"><button type="button" class="chakra-button css-mudsm6" data-testid="atc-button"><svg stroke="currentColor" fill="currentColor" stroke-width="0" viewBox="0 0 24 24" focusable="false" class="chakra-icon css-1g3sp7a" data-testid="btn-icon" aria-hidden="true" height="1em" width="1em" xmlns="http://www.w3.org/2000/svg"><path d="M19 13h-6v6h-2v-6H5v-2h6V5h2v6h6v2z"></path></svg><span class="css-idkz9h">Add The Great Canadian Light to Medium Roast Single Serve Coffee Pods to cart</span></button></div></div></div></div></div></div><div class="css-0"><div class="css-f5i5wc"><div class="chakra-linkbox css-vhnn8v"><div data-testid="product-image" class="css-16dr4ly"><img alt="Tim Hortons Dark Roast Coffee 300 g, $3.50/100g" src="https://assets.shop.loblaws.ca/products/20902305/b3/en/front/20902305_front_a06_@2.png" srcset="https://assets.shop.loblaws.ca/products/20902305/b3/en/front/20902305_front_a06_@2.png 1x, https://assets.shop.loblaws.ca/products/20902305/b3/en/front/20902305_front_a06_@2.png 2x" loading="lazy" class="chakra-image css-oguq8l" aria-hidden="true"></div><div class="css-qoklea"><div class="css-12dchmx"></div><div data-testid="price-product-tile" class="css-8atqhb"><p class="chakra-text css-0"><span class="chakra-text css-pwnbcb" data-testid="regular-price"><span class="css-idkz9h">$10.49</span>$10.49</span></p></div><a href="/dark-roast-coffee/p/20902305_EA?source=nspt" class="chakra-linkbox__overlay css-1hnz6hu"><div class="css-0"><p class="chakra-text css-1ecdp9w" data-testid="product-brand">Tim Hortons</p><h3 class="chakra-heading css-6qrhwc" id="20902305_EA" data-testid="product-title">Dark Roast Coffee</h3><p class="chakra-text css-1yftjin" data-testid="product-package-size">300 g, $3.50/100g</p></div></a><div class="css-8keand"></div></div><div class="css-1q5omjq"><div class="css-fcebb8"><div data-testid="atc-compact" class="css-y94ivq" style="width: 45px;"><button type="button" class="chakra-button css-mudsm6" data-testid="atc-button"><svg stroke="currentColor" fill="currentColor" stroke-width="0" viewBox="0 0 24 24" focusable="false" class="chakra-icon css-1g3sp7a" data-testid="btn-icon" aria-hidden="true" height="1em" width="1em" xmlns="http://www.w3.org/2000/svg"><path d="M19 13h-6v6h-2v-6H5v-2h6V5h2v6h6v2z"></path></svg><span class="css-idkz9h">Add Dark Roast Coffee to cart</span></button></div></div></div></div></div></div><div class="css-0"><div class="css-f5i5wc"><div class="chakra-linkbox css-vhnn8v"><div data-testid="product-image" class="css-16dr4ly"><img alt="Lavazza Crema e Gusto Whole Coffee Beans, Classico 1 kg, $1.70/100g" src="https://assets.shop.loblaws.ca/products/21556201/b3/en/front/21556201_front_a06_@2.png" srcset="https://assets.shop.loblaws.ca/products/21556201/b3/en/front/21556201_front_a06_@2.png 1x, https://assets.shop.loblaws.ca/products/21556201/b3/en/front/21556201_front_a06_@2.png 2x" loading="lazy" class="chakra-image css-oguq8l" aria-hidden="true"></div><div class="css-qoklea"><div class="css-12dchmx"></div><div data-testid="price-product-tile" class="css-8atqhb"><p class="chakra-text css-0"><span class="chakra-text css-o93gbd" data-testid="sale-price"><span class="css-idkz9h">$16.99</span>$16.99</span><span class="chakra-text css-623q5h" data-testid="was-price"><span class="css-idkz9h">$22.49</span>$22.49</span></p><p class="chakra-text css-1m5a6y8" data-testid="price-descriptor">SAVE $5.50</p></div><a href="/crema-e-gusto-whole-coffee-beans-classico/p/21556201_EA?source=nspt" class="chakra-linkbox__overlay css-1hnz6hu"><div class="css-0"><p class="chakra-text css-1ecdp9w" data-testid="product-brand">Lavazza</p><h3 class="chakra-heading css-6qrhwc" id="21556201_EA" data-testid="product-title">Crema e Gusto Whole Coffee Beans, Classico</h3><p class="chakra-text css-1yftjin" data-testid="product-package-size">1 kg, $1.70/100g</p></div></a><div class="css-8keand"></div></div><div class="css-1q5omjq"><div class="css-fcebb8"><div data-testid="atc-compact" class="css-y94ivq" style="width: 45px;"><button type="button" class="chakra-button css-mudsm6" data-testid="atc-button"><svg stroke="currentColor" fill="currentColor" stroke-width="0" viewBox="0 0 24 24" focusable="false" class="chakra-icon css-1g3sp7a" data-testid="btn-icon" aria-hidden="true" height="1em" width="1em" xmlns="http://www.w3.org/2000/svg"><path d="M19 13h-6v6h-2v-6H5v-2h6V5h2v6h6v2z"></path></svg><span class="css-idkz9h">Add Crema e Gusto Whole Coffee Beans, Classico to cart</span></button></div></div></div></div></div></div><div class="css-0"><div class="css-f5i5wc"><div class="chakra-linkbox css-vhnn8v"><div data-testid="product-image" class="css-16dr4ly"><img alt="Tim Hortons Variety Pack K-Cup Coffee Pods 30 ea, $0.70/1ea" src="https://assets.shop.loblaws.ca/products/21239018/b3/en/front/21239018_front_a06_@2.png" srcset="https://assets.shop.loblaws.ca/products/21239018/b3/en/front/21239018_front_a06_@2.png 1x, https://assets.shop.loblaws.ca/products/21239018/b3/en/front/21239018_front_a06_@2.png 2x" loading="lazy" class="chakra-image css-oguq8l" aria-hidden="true"></div><div class="css-qoklea"><div class="css-12dchmx"></div><div data-testid="price-product-tile" class="css-8atqhb"><p class="chakra-text css-0"><span class="chakra-text css-o93gbd" data-testid="sale-price"><span class="css-idkz9h">$20.99</span>$20.99</span><span class="chakra-text css-623q5h" data-testid="was-price"><span class="css-idkz9h">$24.99</span>$24.99</span></p><p class="chakra-text css-1m5a6y8" data-testid="price-descriptor">SAVE $4.00</p></div><a href="/variety-pack-k-cup-coffee-pods/p/21239018_EA?source=nspt" class="chakra-linkbox__overlay css-1hnz6hu"><div class="css-0"><p class="chakra-text css-1ecdp9w" data-testid="product-brand">Tim Hortons</p><h3 class="chakra-heading css-6qrhwc" id="21239018_EA" data-testid="product-title">Variety Pack K-Cup Coffee Pods</h3><p class="chakra-text css-1yftjin" data-testid="product-package-size">30 ea, $0.70/1ea</p></div></a><div class="css-8keand"></div></div><div class="css-1q5omjq"><div class="css-fcebb8"><div data-testid="atc-compact" class="css-y94ivq" style="width: 45px;"><button type="button" class="chakra-button css-mudsm6" data-testid="atc-button"><svg stroke="currentColor" fill="currentColor" stroke-width="0" viewBox="0 0 24 24" focusable="false" class="chakra-icon css-1g3sp7a" data-testid="btn-icon" aria-hidden="true" height="1em" width="1em" xmlns="http://www.w3.org/2000/svg"><path d="M19 13h-6v6h-2v-6H5v-2h6V5h2v6h6v2z"></path></svg><span class="css-idkz9h">Add Variety Pack K-Cup Coffee Pods to cart</span></button></div></div></div></div></div></div><div class="css-0"><div class="css-f5i5wc"><div class="chakra-linkbox css-vhnn8v"><div data-testid="product-image" class="css-16dr4ly"><img alt="Nescafe Rich Caramel Instant Coffee 100 g, $6.79/100g" src="https://assets.shop.loblaws.ca/products/21540390/b3/en/front/21540390_front_a06_@2.png" srcset="https://assets.shop.loblaws.ca/products/21540390/b3/en/front/21540390_front_a06_@2.png 1x, https://assets.shop.loblaws.ca/products/21540390/b3/en/front/21540390_front_a06_@2.png 2x" loading="lazy" class="chakra-image css-oguq8l" aria-hidden="true"></div><div class="css-qoklea"><div class="css-12dchmx"></div><div data-testid="price-product-tile" class="css-8atqhb"><p class="chakra-text css-0"><span class="chakra-text css-pwnbcb" data-testid="regular-price"><span class="css-idkz9h">$6.79</span>$6.79</span></p></div><a href="/rich-caramel-instant-coffee/p/21540390_EA?source=nspt" class="chakra-linkbox__overlay css-1hnz6hu"><div class="css-0"><p class="chakra-text css-1ecdp9w" data-testid="product-brand">Nescafe</p><h3 class="chakra-heading css-6qrhwc" id="21540390_EA" data-testid="product-title">Rich Caramel Instant Coffee</h3><p class="chakra-text css-1yftjin" data-testid="product-package-size">100 g, $6.79/100g</p></div></a><div class="css-8keand"></div></div><div class="css-1q5omjq"><div class="css-fcebb8"><div data-testid="atc-compact" class="css-y94ivq" style="width: 45px;"><button type="button" class="chakra-button css-mudsm6" data-testid="atc-button"><svg stroke="currentColor" fill="currentColor" stroke-width="0" viewBox="0 0 24 24" focusable="false" class="chakra-icon css-1g3sp7a" data-testid="btn-icon" aria-hidden="true" height="1em" width="1em" xmlns="http://www.w3.org/2000/svg"><path d="M19 13h-6v6h-2v-6H5v-2h6V5h2v6h6v2z"></path></svg><span class="css-idkz9h">Add Rich Caramel Instant Coffee to cart</span></button></div></div></div></div></div></div><div class="css-0"><div class="css-f5i5wc"><div class="chakra-linkbox css-vhnn8v"><div data-testid="product-image" class="css-16dr4ly"><img alt="Starbucks By Nespresso Espresso Roast Nespresso Coffee Capsules 10 Nespresso Coffee Pods 57 g, $14.89/100g" src="https://assets.shop.loblaws.ca/products/21240796/b3/en/front/21240796_front_a06_@2.png" srcset="https://assets.shop.loblaws.ca/products/21240796/b3/en/front/21240796_front_a06_@2.png 1x, https://assets.shop.loblaws.ca/products/21240796/b3/en/front/21240796_front_a06_@2.png 2x" loading="lazy" class="chakra-image css-oguq8l" aria-hidden="true"></div><div class="css-qoklea"><div class="css-12dchmx"></div><div data-testid="price-product-tile" class="css-8atqhb"><p class="chakra-text css-0"><span class="chakra-text css-pwnbcb" data-testid="regular-price"><span class="css-idkz9h">$8.49</span>$8.49</span></p></div><a href="/by-nespresso-espresso-roast-nespresso-coffee-capsu/p/21240796_EA?source=nspt" class="chakra-linkbox__overlay css-1hnz6hu"><div class="css-0"><p class="chakra-text css-1ecdp9w" data-testid="product-brand">Starbucks</p><h3 class="chakra-heading css-6qrhwc" id="21240796_EA" data-testid="product-title">By Nespresso Espresso Roast Nespresso Coffee Capsules 10 Nespresso Coffee Pods</h3><p class="chakra-text css-1yftjin" data-testid="product-package-size">57 g, $14.89/100g</p></div></a><div class="css-8keand"></div></div><div class="css-1q5omjq"><div class="css-fcebb8"><div data-testid="atc-compact" class="css-y94ivq" style="width: 45px;"><button type="button" class="chakra-button css-mudsm6" data-testid="atc-button"><svg stroke="currentColor" fill="currentColor" stroke-width="0" viewBox="0 0 24 24" focusable="false" class="chakra-icon css-1g3sp7a" data-testid="btn-icon" aria-hidden="true" height="1em" width="1em" xmlns="http://www.w3.org/2000/svg"><path d="M19 13h-6v6h-2v-6H5v-2h6V5h2v6h6v2z"></path></svg><span class="css-idkz9h">Add By Nespresso Espresso Roast Nespresso Coffee Capsules 10 Nespresso Coffee Pods to cart</span></button></div></div></div></div></div></div><div class="css-0"><div class="css-f5i5wc"><div class="chakra-linkbox css-vhnn8v"><div data-testid="product-image" class="css-16dr4ly"><img alt="President's Choice PC® Costa Rica Single Origin Medium Roast Fine Grind Coffee 340 g, $2.64/100g" src="https://assets.shop.loblaws.ca/products/21380541/b3/en/front/21380541_front_a06_@2.png" srcset="https://assets.shop.loblaws.ca/products/21380541/b3/en/front/21380541_front_a06_@2.png 1x, https://assets.shop.loblaws.ca/products/21380541/b3/en/front/21380541_front_a06_@2.png 2x" loading="lazy" class="chakra-image css-oguq8l" aria-hidden="true"></div><div class="css-qoklea"><div class="css-12dchmx"></div><div data-testid="price-product-tile" class="css-8atqhb"><p class="chakra-text css-0"><span class="chakra-text css-pwnbcb" data-testid="regular-price"><span class="css-idkz9h">$8.99</span>$8.99</span></p></div><a href="/pc-costa-rica-single-origin-medium-roast-fine-grin/p/21380541_EA?source=nspt" class="chakra-linkbox__overlay css-1hnz6hu"><div class="css-0"><p class="chakra-text css-1ecdp9w" data-testid="product-brand">President's Choice</p><h3 class="chakra-heading css-6qrhwc" id="21380541_EA" data-testid="product-title">PC® Costa Rica Single Origin Medium Roast Fine Grind Coffee</h3><p class="chakra-text css-1yftjin" data-testid="product-package-size">340 g, $2.64/100g</p></div></a><div class="css-8keand"></div></div><div class="css-1q5omjq"><div class="css-fcebb8"><div data-testid="atc-compact" class="css-y94ivq" style="width: 45px;"><button type="button" class="chakra-button css-mudsm6" data-testid="atc-button"><svg stroke="currentColor" fill="currentColor" stroke-width="0" viewBox="0 0 24 24" focusable="false" class="chakra-icon css-1g3sp7a" data-testid="btn-icon" aria-hidden="true" height="1em" width="1em" xmlns="http://www.w3.org/2000/svg"><path d="M19 13h-6v6h-2v-6H5v-2h6V5h2v6h6v2z"></path></svg><span class="css-idkz9h">Add PC® Costa Rica Single Origin Medium Roast Fine Grind Coffee to cart</span></button></div></div></div></div></div></div><div class="css-0"><div class="css-f5i5wc"><div class="chakra-linkbox css-vhnn8v"><div data-testid="product-image" class="css-16dr4ly"><img alt="President's Choice PC® Colombian Supremo Single Origin Medium Roast Fine Grind Coffee 340 g, $2.64/100g" src="https://assets.shop.loblaws.ca/products/21380579/b3/en/front/21380579_front_a06_@2.png" srcset="https://assets.shop.loblaws.ca/products/21380579/b3/en/front/21380579_front_a06_@2.png 1x, https://assets.shop.loblaws.ca/products/21380579/b3/en/front/21380579_front_a06_@2.png 2x" loading="lazy" class="chakra-image css-oguq8l" aria-hidden="true"></div><div class="css-qoklea"><div class="css-12dchmx"></div><div data-testid="price-product-tile" class="css-8atqhb"><p class="chakra-text css-0"><span class="chakra-text css-pwnbcb" data-testid="regular-price"><span class="css-idkz9h">$8.99</span>$8.99</span></p></div><a href="/pc-colombian-supremo-single-origin-medium-roast-fi/p/21380579_EA?source=nspt" class="chakra-linkbox__overlay css-1hnz6hu"><div class="css-0"><p class="chakra-text css-1ecdp9w" data-testid="product-brand">President's Choice</p><h3 class="chakra-heading css-6qrhwc" id="21380579_EA" data-testid="product-title">PC® Colombian Supremo Single Origin Medium Roast Fine Grind Coffee</h3><p class="chakra-text css-1yftjin" data-testid="product-package-size">340 g, $2.64/100g</p></div></a><div class="css-8keand"></div></div><div class="css-1q5omjq"><div class="css-fcebb8"><div data-testid="atc-compact" class="css-y94ivq" style="width: 45px;"><button type="button" class="chakra-button css-mudsm6" data-testid="atc-button"><svg stroke="currentColor" fill="currentColor" stroke-width="0" viewBox="0 0 24 24" focusable="false" class="chakra-icon css-1g3sp7a" data-testid="btn-icon" aria-hidden="true" height="1em" width="1em" xmlns="http://www.w3.org/2000/svg"><path d="M19 13h-6v6h-2v-6H5v-2h6V5h2v6h6v2z"></path></svg><span class="css-idkz9h">Add PC® Colombian Supremo Single Origin Medium Roast Fine Grind Coffee to cart</span></button></div></div><div class="css-4saf4a"><p class="chakra-text css-py8788" data-testid="inventory-badge-text">Low Stock</p></div></div></div></div></div><div class="css-0"><div class="css-f5i5wc"><div class="chakra-linkbox css-vhnn8v"><div data-testid="product-image" class="css-16dr4ly"><img alt="Lavazza Rossa Roasted Coffee Beans 1 kg, $1.70/100g" src="https://assets.shop.loblaws.ca/products/21556082/b3/en/front/21556082_front_a06_@2.png" srcset="https://assets.shop.loblaws.ca/products/21556082/b3/en/front/21556082_front_a06_@2.png 1x, https://assets.shop.loblaws.ca/products/21556082/b3/en/front/21556082_front_a06_@2.png 2x" loading="lazy" class="chakra-image css-oguq8l" aria-hidden="true"></div><div class="css-qoklea"><div class="css-12dchmx"></div><div data-testid="price-product-tile" class="css-8atqhb"><p class="chakra-text css-0"><span class="chakra-text css-o93gbd" data-testid="sale-price"><span class="css-idkz9h">$16.99</span>$16.99</span><span class="chakra-text css-623q5h" data-testid="was-price"><span class="css-idkz9h">$22.49</span>$22.49</span></p><p class="chakra-text css-1m5a6y8" data-testid="price-descriptor">SAVE $5.50</p></div><a href="/rossa-roasted-coffee-beans/p/21556082_EA?source=nspt" class="chakra-linkbox__overlay css-1hnz6hu"><div class="css-0"><p class="chakra-text css-1ecdp9w" data-testid="product-brand">Lavazza</p><h3 class="chakra-heading css-6qrhwc" id="21556082_EA" data-testid="product-title">Rossa Roasted Coffee Beans</h3><p class="chakra-text css-1yftjin" data-testid="product-package-size">1 kg, $1.70/100g</p></div></a><div class="css-8keand"></div></div><div class="css-1q5omjq"><div class="css-fcebb8"><div data-testid="atc-compact" class="css-y94ivq" style="width: 45px;"><button type="button" class="chakra-button css-mudsm6" data-testid="atc-button"><svg stroke="currentColor" fill="currentColor" stroke-width="0" viewBox="0 0 24 24" focusable="false" class="chakra-icon css-1g3sp7a" data-testid="btn-icon" aria-hidden="true" height="1em" width="1em" xmlns="http://www.w3.org/2000/svg"><path d="M19 13h-6v6h-2v-6H5v-2h6V5h2v6h6v2z"></path></svg><span class="css-idkz9h">Add Rossa Roasted Coffee Beans to cart</span></button></div></div></div></div></div></div><div class="css-0"><div class="css-f5i5wc"><div class="chakra-linkbox css-vhnn8v"><div data-testid="product-image" class="css-16dr4ly"><img alt="Nescafe Sweet &amp; Creamy Iced Original Instant Coffee Mix 256 g, $3.12/100g" src="https://assets.shop.loblaws.ca/products/21431370/b3/en/front/21431370_front_a06_@2.png" srcset="https://assets.shop.loblaws.ca/products/21431370/b3/en/front/21431370_front_a06_@2.png 1x, https://assets.shop.loblaws.ca/products/21431370/b3/en/front/21431370_front_a06_@2.png 2x" loading="lazy" class="chakra-image css-oguq8l" aria-hidden="true"></div><div class="css-qoklea"><div class="css-12dchmx"></div><div data-testid="price-product-tile" class="css-8atqhb"><p class="chakra-text css-0"><span class="chakra-text css-pwnbcb" data-testid="regular-price"><span class="css-idkz9h">$7.99</span>$7.99</span></p></div><a href="/sweet-creamy-iced-original-instant-coffee-mix/p/21431370_EA?source=nspt" class="chakra-linkbox__overlay css-1hnz6hu"><div class="css-0"><p class="chakra-text css-1ecdp9w" data-testid="product-brand">Nescafe</p><h3 class="chakra-heading css-6qrhwc" id="21431370_EA" data-testid="product-title">Sweet &amp; Creamy Iced Original Instant Coffee Mix</h3><p class="chakra-text css-1yftjin" data-testid="product-package-size">256 g, $3.12/100g</p></div></a><div class="css-8keand"></div></div><div class="css-1q5omjq"><div class="css-fcebb8"><div data-testid="atc-compact" class="css-y94ivq" style="width: 45px;"><button type="button" class="chakra-button css-mudsm6" data-testid="atc-button"><svg stroke="currentColor" fill="currentColor" stroke-width="0" viewBox="0 0 24 24" focusable="false" class="chakra-icon css-1g3sp7a" data-testid="btn-icon" aria-hidden="true" height="1em" width="1em" xmlns="http://www.w3.org/2000/svg"><path d="M19 13h-6v6h-2v-6H5v-2h6V5h2v6h6v2z"></path></svg><span class="css-idkz9h">Add Sweet &amp; Creamy Iced Original Instant Coffee Mix to cart</span></button></div></div><div class="css-4saf4a"><p class="chakra-text css-py8788" data-testid="inventory-badge-text">Low Stock</p></div></div></div></div></div><div class="css-0"><div class="css-f5i5wc"><div class="chakra-linkbox css-vhnn8v"><div data-testid="product-image" class="css-16dr4ly"><img alt="Folgers Black Silk Ground Coffee Dark 641 g, $1.56/100g" src="https://assets.shop.loblaws.ca/products/21478257/b3/en/front/21478257_front_a06_@2.png" srcset="https://assets.shop.loblaws.ca/products/21478257/b3/en/front/21478257_front_a06_@2.png 1x, https://assets.shop.loblaws.ca/products/21478257/b3/en/front/21478257_front_a06_@2.png 2x" loading="lazy" class="chakra-image css-oguq8l" aria-hidden="true"></div><div class="css-qoklea"><div class="css-12dchmx"></div><div data-testid="price-product-tile" class="css-8atqhb"><p class="chakra-text css-0"><span class="chakra-text css-pwnbcb" data-testid="regular-price"><span class="css-idkz9h">$9.99</span>$9.99</span></p></div><a href="/black-silk-ground-coffee-dark/p/21478257_EA?source=nspt" class="chakra-linkbox__overlay css-1hnz6hu"><div class="css-0"><p class="chakra-text css-1ecdp9w" data-testid="product-brand">Folgers</p><h3 class="chakra-heading css-6qrhwc" id="21478257_EA" data-testid="product-title">Black Silk Ground Coffee Dark</h3><p class="chakra-text css-1yftjin" data-testid="product-package-size">641 g, $1.56/100g</p></div></a><div class="css-8keand"></div></div><div class="css-1q5omjq"><div class="css-fcebb8"><div data-testid="atc-compact" class="css-y94ivq" style="width: 45px;"><button type="button" class="chakra-button css-mudsm6" data-testid="atc-button"><svg stroke="currentColor" fill="currentColor" stroke-width="0" viewBox="0 0 24 24" focusable="false" class="chakra-icon css-1g3sp7a" data-testid="btn-icon" aria-hidden="true" height="1em" width="1em" xmlns="http://www.w3.org/2000/svg"><path d="M19 13h-6v6h-2v-6H5v-2h6V5h2v6h6v2z"></path></svg><span class="css-idkz9h">Add Black Silk Ground Coffee Dark to cart</span></button></div></div></div></div></div></div><div class="css-0"><div class="css-f5i5wc"><div class="chakra-linkbox css-vhnn8v"><div data-testid="product-image" class="css-16dr4ly"><img alt="President's Choice Decaffeinated Hazelnut Vanilla Naturally Flavoured Fine Grind Coffee 250 g, $2.72/100g" src="https://assets.shop.loblaws.ca/products/21478006/b3/en/front/21478006_front_a06_@2.png" srcset="https://assets.shop.loblaws.ca/products/21478006/b3/en/front/21478006_front_a06_@2.png 1x, https://assets.shop.loblaws.ca/products/21478006/b3/en/front/21478006_front_a06_@2.png 2x" loading="lazy" class="chakra-image css-oguq8l" aria-hidden="true"></div><div class="css-qoklea"><div class="css-12dchmx"></div><div data-testid="price-product-tile" class="css-8atqhb"><p class="chakra-text css-0"><span class="chakra-text css-pwnbcb" data-testid="regular-price"><span class="css-idkz9h">$6.79</span>$6.79</span></p></div><a href="/decaffeinated-hazelnut-vanilla-naturally-flavoured/p/21478006_EA?source=nspt" class="chakra-linkbox__overlay css-1hnz6hu"><div class="css-0"><p class="chakra-text css-1ecdp9w" data-testid="product-brand">President's Choice</p><h3 class="chakra-heading css-6qrhwc" id="21478006_EA" data-testid="product-title">Decaffeinated Hazelnut Vanilla Naturally Flavoured Fine Grind Coffee</h3><p class="chakra-text css-1yftjin" data-testid="product-package-size">250 g, $2.72/100g</p></div></a><div class="css-8keand"></div></div><div class="css-1q5omjq"><div class="css-fcebb8"><div data-testid="atc-compact" class="css-y94ivq" style="width: 45px;"><button type="button" class="chakra-button css-mudsm6" data-testid="atc-button"><svg stroke="currentColor" fill="currentColor" stroke-width="0" viewBox="0 0 24 24" focusable="false" class="chakra-icon css-1g3sp7a" data-testid="btn-icon" aria-hidden="true" height="1em" width="1em" xmlns="http://www.w3.org/2000/svg"><path d="M19 13h-6v6h-2v-6H5v-2h6V5h2v6h6v2z"></path></svg><span class="css-idkz9h">Add Decaffeinated Hazelnut Vanilla Naturally Flavoured Fine Grind Coffee to cart</span></button></div></div><div class="css-4saf4a"><p class="chakra-text css-py8788" data-testid="inventory-badge-text">Low Stock</p></div></div></div></div></div><div class="css-0"><div class="css-f5i5wc"><div class="chakra-linkbox css-vhnn8v"><div data-testid="product-image" class="css-16dr4ly"><img alt="Lavazza Roasted Ground Coffee Qualità Oro Perfect Symphony 250 g, $2.80/100g" src="https://assets.shop.loblaws.ca/products/20145899/b3/en/front/20145899_front_a06_@2.png" srcset="https://assets.shop.loblaws.ca/products/20145899/b3/en/front/20145899_front_a06_@2.png 1x, https://assets.shop.loblaws.ca/products/20145899/b3/en/front/20145899_front_a06_@2.png 2x" loading="lazy" class="chakra-image css-oguq8l" aria-hidden="true"></div><div class="css-qoklea"><div class="css-12dchmx"></div><div data-testid="price-product-tile" class="css-8atqhb"><p class="chakra-text css-0"><span class="chakra-text css-pwnbcb" data-testid="regular-price"><span class="css-idkz9h">$6.99</span>$6.99</span></p></div><a href="/roasted-ground-coffee-qualit-oro-perfect-symphony/p/20145899_EA?source=nspt" class="chakra-linkbox__overlay css-1hnz6hu"><div class="css-0"><p class="chakra-text css-1ecdp9w" data-testid="product-brand">Lavazza</p><h3 class="chakra-heading css-6qrhwc" id="20145899_EA" data-testid="product-title">Roasted Ground Coffee Qualità Oro Perfect Symphony</h3><p class="chakra-text css-1yftjin" data-testid="product-package-size">250 g, $2.80/100g</p></div></a><div class="css-8keand"></div></div><div class="css-1q5omjq"><div class="css-fcebb8"><div data-testid="atc-compact" class="css-y94ivq" style="width: 45px;"><button type="button" class="chakra-button css-mudsm6" data-testid="atc-button"><svg stroke="currentColor" fill="currentColor" stroke-width="0" viewBox="0 0 24 24" focusable="false" class="chakra-icon css-1g3sp7a" data-testid="btn-icon" aria-hidden="true" height="1em" width="1em" xmlns="http://www.w3.org/2000/svg"><path d="M19 13h-6v6h-2v-6H5v-2h6V5h2v6h6v2z"></path></svg><span class="css-idkz9h">Add Roasted Ground Coffee Qualità Oro Perfect Symphony to cart</span></button></div></div></div></div></div></div><div class="css-0"><div class="css-f5i5wc"><div class="chakra-linkbox css-vhnn8v"><div data-testid="product-image" class="css-16dr4ly"><img alt="President's Choice Espresso Forte Espresso Grind Coffee 250 g, $2.52/100g" src="https://assets.shop.loblaws.ca/products/21410147/b3/en/front/21410147_front_a06_@2.png" srcset="https://assets.shop.loblaws.ca/products/21410147/b3/en/front/21410147_front_a06_@2.png 1x, https://assets.shop.loblaws.ca/products/21410147/b3/en/front/21410147_front_a06_@2.png 2x" loading="lazy" class="chakra-image css-oguq8l" aria-hidden="true"></div><div class="css-qoklea"><div class="css-12dchmx"></div><div data-testid="price-product-tile" class="css-8atqhb"><p class="chakra-text css-0"><span class="chakra-text css-pwnbcb" data-testid="regular-price"><span class="css-idkz9h">$6.29</span>$6.29</span></p></div><a href="/espresso-forte-espresso-grind-coffee/p/21410147_EA?source=nspt" class="chakra-linkbox__overlay css-1hnz6hu"><div class="css-0"><p class="chakra-text css-1ecdp9w" data-testid="product-brand">President's Choice</p><h3 class="chakra-heading css-6qrhwc" id="21410147_EA" data-testid="product-title">Espresso Forte Espresso Grind Coffee</h3><p class="chakra-text css-1yftjin" data-testid="product-package-size">250 g, $2.52/100g</p></div></a><div class="css-8keand"></div></div><div class="css-1q5omjq"><div class="css-fcebb8"><div data-testid="atc-compact" class="css-y94ivq" style="width: 45px;"><button type="button" class="chakra-button css-mudsm6" data-testid="atc-button"><svg stroke="currentColor" fill="currentColor" stroke-width="0" viewBox="0 0 24 24" focusable="false" class="chakra-icon css-1g3sp7a" data-testid="btn-icon" aria-hidden="true" height="1em" width="1em" xmlns="http://www.w3.org/2000/svg"><path d="M19 13h-6v6h-2v-6H5v-2h6V5h2v6h6v2z"></path></svg><span class="css-idkz9h">Add Espresso Forte Espresso Grind Coffee to cart</span></button></div></div></div></div></div></div><div class="css-0"><div class="css-f5i5wc"><div class="chakra-linkbox css-vhnn8v"><div data-testid="product-image" class="css-16dr4ly"><img alt="No Name Medium Roast Decaf Coffee 925 g, $1.08/100g" src="https://assets.shop.loblaws.ca/products/21380594/b3/en/front/21380594_front_a06_@2.png" srcset="https://assets.shop.loblaws.ca/products/21380594/b3/en/front/21380594_front_a06_@2.png 1x, https://assets.shop.loblaws.ca/products/21380594/b3/en/front/21380594_front_a06_@2.png 2x" loading="lazy" class="chakra-image css-oguq8l" aria-hidden="true"></div><div class="css-qoklea"><div class="css-12dchmx"></div><div data-testid="price-product-tile" class="css-8atqhb"><p class="chakra-text css-0"><span class="chakra-text css-pwnbcb" data-testid="regular-price"><span class="css-idkz9h">$9.99</span>$9.99</span></p></div><a href="/medium-roast-decaf-coffee/p/21380594_EA?source=nspt" class="chakra-linkbox__overlay css-1hnz6hu"><div class="css-0"><p class="chakra-text css-1ecdp9w" data-testid="product-brand">No Name</p><h3 class="chakra-heading css-6qrhwc" id="21380594_EA" data-testid="product-title">Medium Roast Decaf Coffee</h3><p class="chakra-text css-1yftjin" data-testid="product-package-size">925 g, $1.08/100g</p></div></a><div class="css-8keand"></div></div><div class="css-1q5omjq"><div class="css-fcebb8"><div data-testid="atc-compact" class="css-y94ivq" style="width: 45px;"><button type="button" class="chakra-button css-mudsm6" data-testid="atc-button"><svg stroke="currentColor" fill="currentColor" stroke-width="0" viewBox="0 0 24 24" focusable="false" class="chakra-icon css-1g3sp7a" data-testid="btn-icon" aria-hidden="true" height="1em" width="1em" xmlns="http://www.w3.org/2000/svg"><path d="M19 13h-6v6h-2v-6H5v-2h6V5h2v6h6v2z"></path></svg><span class="css-idkz9h">Add Medium Roast Decaf Coffee to cart</span></button></div></div></div></div></div></div><div class="css-0"><div class="css-f5i5wc"><div class="chakra-linkbox css-vhnn8v"><div data-testid="product-image" class="css-16dr4ly"><img alt="Folgers Black Silk K-Cup Coffee Pods 30 Count 30 ea, $8.75/100g" src="https://assets.shop.loblaws.ca/products/21080657/b3/en/front/21080657_front_a06_@2.png" srcset="https://assets.shop.loblaws.ca/products/21080657/b3/en/front/21080657_front_a06_@2.png 1x, https://assets.shop.loblaws.ca/products/21080657/b3/en/front/21080657_front_a06_@2.png 2x" loading="lazy" class="chakra-image css-oguq8l" aria-hidden="true"></div><div class="css-qoklea"><div class="css-12dchmx"></div><div data-testid="price-product-tile" class="css-8atqhb"><p class="chakra-text css-0"><span class="chakra-text css-pwnbcb" data-testid="regular-price"><span class="css-idkz9h">$20.99</span>$20.99</span></p></div><a href="/black-silk-k-cup-coffee-pods-30-count/p/21080657_EA?source=nspt" class="chakra-linkbox__overlay css-1hnz6hu"><div class="css-0"><p class="chakra-text css-1ecdp9w" data-testid="product-brand">Folgers</p><h3 class="chakra-heading css-6qrhwc" id="21080657_EA" data-testid="product-title">Black Silk K-Cup Coffee Pods 30 Count</h3><p class="chakra-text css-1yftjin" data-testid="product-package-size">30 ea, $8.75/100g</p></div></a><div class="css-8keand"></div></div><div class="css-1q5omjq"><div class="css-fcebb8"><div data-testid="atc-compact" class="css-y94ivq" style="width: 45px;"><button type="button" class="chakra-button css-mudsm6" data-testid="atc-button"><svg stroke="currentColor" fill="currentColor" stroke-width="0" viewBox="0 0 24 24" focusable="false" class="chakra-icon css-1g3sp7a" data-testid="btn-icon" aria-hidden="true" height="1em" width="1em" xmlns="http://www.w3.org/2000/svg"><path d="M19 13h-6v6h-2v-6H5v-2h6V5h2v6h6v2z"></path></svg><span class="css-idkz9h">Add Black Silk K-Cup Coffee Pods 30 Count to cart</span></button></div></div><div class="css-4saf4a"><p class="chakra-text css-py8788" data-testid="inventory-badge-text">Low Stock</p></div></div></div></div></div><div class="css-0"><div class="css-f5i5wc"><div class="chakra-linkbox css-vhnn8v"><div data-testid="product-image" class="css-16dr4ly"><img alt="Maxwell House Original Roast Coffee 100% Compostable K Cup Coffee Pods 114 g, $9.20/100g" src="https://assets.shop.loblaws.ca/products/20975424/b3/en/front/20975424_front_a06_@2.png" srcset="https://assets.shop.loblaws.ca/products/20975424/b3/en/front/20975424_front_a06_@2.png 1x, https://assets.shop.loblaws.ca/products/20975424/b3/en/front/20975424_front_a06_@2.png 2x" loading="lazy" class="chakra-image css-oguq8l" aria-hidden="true"></div><div class="css-qoklea"><div class="css-12dchmx"></div><div data-testid="price-product-tile" class="css-8atqhb"><p class="chakra-text css-0"><span class="chakra-text css-pwnbcb" data-testid="regular-price"><span class="css-idkz9h">$10.49</span>$10.49</span></p></div><a href="/original-roast-coffee-100-compostable-k-cup-coffee/p/20975424_EA?source=nspt" class="chakra-linkbox__overlay css-1hnz6hu"><div class="css-0"><p class="chakra-text css-1ecdp9w" data-testid="product-brand">Maxwell House</p><h3 class="chakra-heading css-6qrhwc" id="20975424_EA" data-testid="product-title">Original Roast Coffee 100% Compostable K Cup Coffee Pods</h3><p class="chakra-text css-1yftjin" data-testid="product-package-size">114 g, $9.20/100g</p></div></a><div class="css-8keand"></div></div><div class="css-1q5omjq"><div class="css-fcebb8"><div data-testid="atc-compact" class="css-y94ivq" style="width: 45px;"><button type="button" class="chakra-button css-mudsm6" data-testid="atc-button"><svg stroke="currentColor" fill="currentColor" stroke-width="0" viewBox="0 0 24 24" focusable="false" class="chakra-icon css-1g3sp7a" data-testid="btn-icon" aria-hidden="true" height="1em" width="1em" xmlns="http://www.w3.org/2000/svg"><path d="M19 13h-6v6h-2v-6H5v-2h6V5h2v6h6v2z"></path></svg><span class="css-idkz9h">Add Original Roast Coffee 100% Compostable K Cup Coffee Pods to cart</span></button></div></div></div></div></div></div><div class="css-0"><div class="css-f5i5wc"><div class="chakra-linkbox css-vhnn8v"><div data-testid="product-image" class="css-16dr4ly"><img alt="Tim Hortons Instant Coffee, Light 100 g, $5.99/100g" src="https://assets.shop.loblaws.ca/products/21167590/b3/en/front/21167590_front_a06_@2.png" srcset="https://assets.shop.loblaws.ca/products/21167590/b3/en/front/21167590_front_a06_@2.png 1x, https://assets.shop.loblaws.ca/products/21167590/b3/en/front/21167590_front_a06_@2.png 2x" loading="lazy" class="chakra-image css-oguq8l" aria-hidden="true"></div><div class="css-qoklea"><div class="css-12dchmx"></div><div data-testid="price-product-tile" class="css-8atqhb"><p class="chakra-text css-0"><span class="chakra-text css-o93gbd" data-testid="sale-price"><span class="css-idkz9h">$5.99</span>$5.99</span><span class="chakra-text css-623q5h" data-testid="was-price"><span class="css-idkz9h">$8.99</span>$8.99</span></p><p class="chakra-text css-1m5a6y8" data-testid="price-descriptor">SAVE $3.00</p></div><a href="/instant-coffee-light/p/21167590_EA?source=nspt" class="chakra-linkbox__overlay css-1hnz6hu"><div class="css-0"><p class="chakra-text css-1ecdp9w" data-testid="product-brand">Tim Hortons</p><h3 class="chakra-heading css-6qrhwc" id="21167590_EA" data-testid="product-title">Instant Coffee, Light</h3><p class="chakra-text css-1yftjin" data-testid="product-package-size">100 g, $5.99/100g</p></div></a><div class="css-8keand"></div></div><div class="css-1q5omjq"><div class="css-fcebb8"><div data-testid="atc-compact" class="css-y94ivq" style="width: 45px;"><button type="button" class="chakra-button css-mudsm6" data-testid="atc-button"><svg stroke="currentColor" fill="currentColor" stroke-width="0" viewBox="0 0 24 24" focusable="false" class="chakra-icon css-1g3sp7a" data-testid="btn-icon" aria-hidden="true" height="1em" width="1em" xmlns="http://www.w3.org/2000/svg"><path d="M19 13h-6v6h-2v-6H5v-2h6V5h2v6h6v2z"></path></svg><span class="css-idkz9h">Add Instant Coffee, Light to cart</span></button></div></div></div></div></div></div><div class="css-0"><div class="css-f5i5wc"><div class="chakra-linkbox css-vhnn8v"><div data-testid="product-image" class="css-16dr4ly"><img alt="No Name Dark Roast Coffee Pods 114 g, $5.96/100g" src="https://assets.shop.loblaws.ca/products/21393594/b3/en/front/21393594_front_a06_@2.png" srcset="https://assets.shop.loblaws.ca/products/21393594/b3/en/front/21393594_front_a06_@2.png 1x, https://assets.shop.loblaws.ca/products/21393594/b3/en/front/21393594_front_a06_@2.png 2x" loading="lazy" class="chakra-image css-oguq8l" aria-hidden="true"></div><div class="css-qoklea"><div class="css-12dchmx"></div><div data-testid="price-product-tile" class="css-8atqhb"><p class="chakra-text css-0"><span class="chakra-text css-pwnbcb" data-testid="regular-price"><span class="css-idkz9h">$6.79</span>$6.79</span></p></div><a href="/dark-roast-coffee-pods/p/21393594_EA?source=nspt" class="chakra-linkbox__overlay css-1hnz6hu"><div class="css-0"><p class="chakra-text css-1ecdp9w" data-testid="product-brand">No Name</p><h3 class="chakra-heading css-6qrhwc" id="21393594_EA" data-testid="product-title">Dark Roast Coffee Pods</h3><p class="chakra-text css-1yftjin" data-testid="product-package-size">114 g, $5.96/100g</p></div></a><div class="css-8keand"></div></div><div class="css-1q5omjq"><div class="css-fcebb8"><div data-testid="atc-compact" class="css-y94ivq" style="width: 45px;"><button type="button" class="chakra-button css-mudsm6" data-testid="atc-button"><svg stroke="currentColor" fill="currentColor" stroke-width="0" viewBox="0 0 24 24" focusable="false" class="chakra-icon css-1g3sp7a" data-testid="btn-icon" aria-hidden="true" height="1em" width="1em" xmlns="http://www.w3.org/2000/svg"><path d="M19 13h-6v6h-2v-6H5v-2h6V5h2v6h6v2z"></path></svg><span class="css-idkz9h">Add Dark Roast Coffee Pods to cart</span></button></div></div></div></div></div></div><div class="css-0"><div class="css-f5i5wc"><div class="chakra-linkbox css-vhnn8v"><div data-testid="product-image" class="css-16dr4ly"><img alt="Lavazza Qualità Rossa Whole Bean Coffee 340 g, $3.53/100g" src="https://assets.shop.loblaws.ca/products/21520472/b3/en/front/21520472_front_a06_@2.png" srcset="https://assets.shop.loblaws.ca/products/21520472/b3/en/front/21520472_front_a06_@2.png 1x, https://assets.shop.loblaws.ca/products/21520472/b3/en/front/21520472_front_a06_@2.png 2x" loading="lazy" class="chakra-image css-oguq8l" aria-hidden="true"></div><div class="css-qoklea"><div class="css-12dchmx"></div><div data-testid="price-product-tile" class="css-8atqhb"><p class="chakra-text css-0"><span class="chakra-text css-pwnbcb" data-testid="regular-price"><span class="css-idkz9h">$11.99</span>$11.99</span></p></div><a href="/qualit-rossa-whole-bean-coffee/p/21520472_EA?source=nspt" class="chakra-linkbox__overlay css-1hnz6hu"><div class="css-0"><p class="chakra-text css-1ecdp9w" data-testid="product-brand">Lavazza</p><h3 class="chakra-heading css-6qrhwc" id="21520472_EA" data-testid="product-title">Qualità Rossa Whole Bean Coffee</h3><p class="chakra-text css-1yftjin" data-testid="product-package-size">340 g, $3.53/100g</p></div></a><div class="css-8keand"></div></div><div class="css-1q5omjq"><div class="css-fcebb8"><div data-testid="atc-compact" class="css-y94ivq" style="width: 45px;"><button type="button" class="chakra-button css-mudsm6" data-testid="atc-button"><svg stroke="currentColor" fill="currentColor" stroke-width="0" viewBox="0 0 24 24" focusable="false" class="chakra-icon css-1g3sp7a" data-testid="btn-icon" aria-hidden="true" height="1em" width="1em" xmlns="http://www.w3.org/2000/svg"><path d="M19 13h-6v6h-2v-6H5v-2h6V5h2v6h6v2z"></path></svg><span class="css-idkz9h">Add Qualità Rossa Whole Bean Coffee to cart</span></button></div></div><div class="css-4saf4a"><p class="chakra-text css-py8788" data-testid="inventory-badge-text">Low Stock</p></div></div></div></div></div><div class="css-0"><div class="css-f5i5wc"><div class="chakra-linkbox css-vhnn8v"><div data-testid="product-image" class="css-16dr4ly"><img alt="Folgers Lively Colombian K-Cup Coffee Pods 30 Count 30 ea, $0.70/1ea" src="https://assets.shop.loblaws.ca/products/20811386/b3/en/front/20811386_front_a06_@2.png" srcset="https://assets.shop.loblaws.ca/products/20811386/b3/en/front/20811386_front_a06_@2.png 1x, https://assets.shop.loblaws.ca/products/20811386/b3/en/front/20811386_front_a06_@2.png 2x" loading="lazy" class="chakra-image css-oguq8l" aria-hidden="true"></div><div class="css-qoklea"><div class="css-12dchmx"></div><div data-testid="price-product-tile" class="css-8atqhb"><p class="chakra-text css-0"><span class="chakra-text css-pwnbcb" data-testid="regular-price"><span class="css-idkz9h">$20.99</span>$20.99</span></p></div><a href="/lively-colombian-k-cup-coffee-pods-30-count/p/20811386_EA?source=nspt" class="chakra-linkbox__overlay css-1hnz6hu"><div class="css-0"><p class="chakra-text css-1ecdp9w" data-testid="product-brand">Folgers</p><h3 class="chakra-heading css-6qrhwc" id="20811386_EA" data-testid="product-title">Lively Colombian K-Cup Coffee Pods 30 Count</h3><p class="chakra-text css-1yftjin" data-testid="product-package-size">30 ea, $0.70/1ea</p></div></a><div class="css-8keand"></div></div><div class="css-1q5omjq"><div class="css-fcebb8"><div data-testid="atc-compact" class="css-y94ivq" style="width: 45px;"><button type="button" class="chakra-button css-mudsm6" data-testid="atc-button"><svg stroke="currentColor" fill="currentColor" stroke-width="0" viewBox="0 0 24 24" focusable="false" class="chakra-icon css-1g3sp7a" data-testid="btn-icon" aria-hidden="true" height="1em" width="1em" xmlns="http://www.w3.org/2000/svg"><path d="M19 13h-6v6h-2v-6H5v-2h6V5h2v6h6v2z"></path></svg><span class="css-idkz9h">Add Lively Colombian K-Cup Coffee Pods 30 Count to cart</span></button></div></div><div class="css-4saf4a"><p class="chakra-text css-py8788" data-testid="inventory-badge-text">Low Stock</p></div></div></div></div></div><div class="css-0"><div class="css-f5i5wc"><div class="chakra-linkbox css-vhnn8v"><div data-testid="product-image" class="css-16dr4ly"><img alt="Folgers Decaffeinated Ground Coffee Classic Decaf 544 g, $1.84/100g" src="https://assets.shop.loblaws.ca/products/21478187/b3/en/front/21478187_front_a06_@2.png" srcset="https://assets.shop.loblaws.ca/products/21478187/b3/en/front/21478187_front_a06_@2.png 1x, https://assets.shop.loblaws.ca/products/21478187/b3/en/front/21478187_front_a06_@2.png 2x" loading="lazy" class="chakra-image css-oguq8l" aria-hidden="true"></div><div class="css-qoklea"><div class="css-12dchmx"></div><div data-testid="price-product-tile" class="css-8atqhb"><p class="chakra-text css-0"><span class="chakra-text css-pwnbcb" data-testid="regular-price"><span class="css-idkz9h">$9.99</span>$9.99</span></p></div><a href="/decaffeinated-ground-coffee-classic-decaf/p/21478187_EA?source=nspt" class="chakra-linkbox__overlay css-1hnz6hu"><div class="css-0"><p class="chakra-text css-1ecdp9w" data-testid="product-brand">Folgers</p><h3 class="chakra-heading css-6qrhwc" id="21478187_EA" data-testid="product-title">Decaffeinated Ground Coffee Classic Decaf</h3><p class="chakra-text css-1yftjin" data-testid="product-package-size">544 g, $1.84/100g</p></div></a><div class="css-8keand"></div></div><div class="css-1q5omjq"><div class="css-fcebb8"><div data-testid="atc-compact" class="css-y94ivq" style="width: 45px;"><button type="button" class="chakra-button css-mudsm6" data-testid="atc-button"><svg stroke="currentColor" fill="currentColor" stroke-width="0" viewBox="0 0 24 24" focusable="false" class="chakra-icon css-1g3sp7a" data-testid="btn-icon" aria-hidden="true" height="1em" width="1em" xmlns="http://www.w3.org/2000/svg"><path d="M19 13h-6v6h-2v-6H5v-2h6V5h2v6h6v2z"></path></svg><span class="css-idkz9h">Add Decaffeinated Ground Coffee Classic Decaf to cart</span></button></div></div></div></div></div></div><div class="css-0"><div class="css-f5i5wc"><div class="chakra-linkbox css-vhnn8v"><div data-testid="product-image" class="css-16dr4ly"><img alt="McCafe Premium Medium Dark Roast, Decaf, K-Cup Coffee Pods, 30 Count 30 ea, $0.83/1ea" src="https://assets.shop.loblaws.ca/products/21363985/b3/en/front/21363985_front_a06_@2.png" srcset="https://assets.shop.loblaws.ca/products/21363985/b3/en/front/21363985_front_a06_@2.png 1x, https://assets.shop.loblaws.ca/products/21363985/b3/en/front/21363985_front_a06_@2.png 2x" loading="lazy" class="chakra-image css-oguq8l" aria-hidden="true"></div><div class="css-qoklea"><div class="css-12dchmx"></div><div data-testid="price-product-tile" class="css-8atqhb"><p class="chakra-text css-0"><span class="chakra-text css-pwnbcb" data-testid="regular-price"><span class="css-idkz9h">$24.99</span>$24.99</span></p></div><a href="/premium-medium-dark-roast-decaf-k-cup-coffee-pods/p/21363985_EA?source=nspt" class="chakra-linkbox__overlay css-1hnz6hu"><div class="css-0"><p class="chakra-text css-1ecdp9w" data-testid="product-brand">McCafe</p><h3 class="chakra-heading css-6qrhwc" id="21363985_EA" data-testid="product-title">Premium Medium Dark Roast, Decaf, K-Cup Coffee Pods, 30 Count</h3><p class="chakra-text css-1yftjin" data-testid="product-package-size">30 ea, $0.83/1ea</p></div></a><div class="css-8keand"></div></div><div class="css-1q5omjq"><div class="css-fcebb8"><div data-testid="atc-compact" class="css-y94ivq" style="width: 45px;"><button type="button" class="chakra-button css-mudsm6" data-testid="atc-button"><svg stroke="currentColor" fill="currentColor" stroke-width="0" viewBox="0 0 24 24" focusable="false" class="chakra-icon css-1g3sp7a" data-testid="btn-icon" aria-hidden="true" height="1em" width="1em" xmlns="http://www.w3.org/2000/svg"><path d="M19 13h-6v6h-2v-6H5v-2h6V5h2v6h6v2z"></path></svg><span class="css-idkz9h">Add Premium Medium Dark Roast, Decaf, K-Cup Coffee Pods, 30 Count to cart</span></button></div></div></div></div></div></div><div class="css-0"><div class="css-f5i5wc"><div class="chakra-linkbox css-vhnn8v"><div data-testid="product-image" class="css-16dr4ly"><img alt="Tim Hortons Colombian Coffee 300 g, $3.50/100g" src="https://assets.shop.loblaws.ca/products/21013366/b3/en/front/21013366_front_a06_@2.png" srcset="https://assets.shop.loblaws.ca/products/21013366/b3/en/front/21013366_front_a06_@2.png 1x, https://assets.shop.loblaws.ca/products/21013366/b3/en/front/21013366_front_a06_@2.png 2x" loading="lazy" class="chakra-image css-oguq8l" aria-hidden="true"></div><div class="css-qoklea"><div class="css-12dchmx"></div><div data-testid="price-product-tile" class="css-8atqhb"><p class="chakra-text css-0"><span class="chakra-text css-pwnbcb" data-testid="regular-price"><span class="css-idkz9h">$10.49</span>$10.49</span></p></div><a href="/colombian-coffee/p/21013366_EA?source=nspt" class="chakra-linkbox__overlay css-1hnz6hu"><div class="css-0"><p class="chakra-text css-1ecdp9w" data-testid="product-brand">Tim Hortons</p><h3 class="chakra-heading css-6qrhwc" id="21013366_EA" data-testid="product-title">Colombian Coffee</h3><p class="chakra-text css-1yftjin" data-testid="product-package-size">300 g, $3.50/100g</p></div></a><div class="css-8keand"></div></div><div class="css-1q5omjq"><div class="css-fcebb8"><div data-testid="atc-compact" class="css-y94ivq" style="width: 45px;"><button type="button" class="chakra-button css-mudsm6" data-testid="atc-button"><svg stroke="currentColor" fill="currentColor" stroke-width="0" viewBox="0 0 24 24" focusable="false" class="chakra-icon css-1g3sp7a" data-testid="btn-icon" aria-hidden="true" height="1em" width="1em" xmlns="http://www.w3.org/2000/svg"><path d="M19 13h-6v6h-2v-6H5v-2h6V5h2v6h6v2z"></path></svg><span class="css-idkz9h">Add Colombian Coffee to cart</span></button></div></div></div></div></div></div><div class="css-0"><div class="css-f5i5wc"><div class="chakra-linkbox css-vhnn8v"><div data-testid="product-image" class="css-16dr4ly"><img alt="Tim Hortons Hazelnut Coffee 300 g, $3.50/100g" src="https://assets.shop.loblaws.ca/products/21013369/b3/en/front/21013369_front_a06_@2.png" srcset="https://assets.shop.loblaws.ca/products/21013369/b3/en/front/21013369_front_a06_@2.png 1x, https://assets.shop.loblaws.ca/products/21013369/b3/en/front/21013369_front_a06_@2.png 2x" loading="lazy" class="chakra-image css-oguq8l" aria-hidden="true"></div><div class="css-qoklea"><div class="css-12dchmx"></div><div data-testid="price-product-tile" class="css-8atqhb"><p class="chakra-text css-0"><span class="chakra-text css-pwnbcb" data-testid="regular-price"><span class="css-idkz9h">$10.49</span>$10.49</span></p></div><a href="/hazelnut-coffee/p/21013369_EA?source=nspt" class="chakra-linkbox__overlay css-1hnz6hu"><div class="css-0"><p class="chakra-text css-1ecdp9w" data-testid="product-brand">Tim Hortons</p><h3 class="chakra-heading css-6qrhwc" id="21013369_EA" data-testid="product-title">Hazelnut Coffee</h3><p class="chakra-text css-1yftjin" data-testid="product-package-size">300 g, $3.50/100g</p></div></a><div class="css-8keand"></div></div><div class="css-1q5omjq"><div class="css-fcebb8"><div data-testid="atc-compact" class="css-y94ivq" style="width: 45px;"><button type="button" class="chakra-button css-mudsm6" data-testid="atc-button"><svg stroke="currentColor" fill="currentColor" stroke-width="0" viewBox="0 0 24 24" focusable="false" class="chakra-icon css-1g3sp7a" data-testid="btn-icon" aria-hidden="true" height="1em" width="1em" xmlns="http://www.w3.org/2000/svg"><path d="M19 13h-6v6h-2v-6H5v-2h6V5h2v6h6v2z"></path></svg><span class="css-idkz9h">Add Hazelnut Coffee to cart</span></button></div></div></div></div></div></div><div class="css-0"><div class="css-f5i5wc"><div class="chakra-linkbox css-vhnn8v"><div data-testid="product-image" class="css-16dr4ly"><img alt="Van Houtte Colombian Dark, Dark Roast, K-Cup Coffee Pods 30 ea, $0.83/1ea" src="https://assets.shop.loblaws.ca/products/21588231/b3/en/front/21588231_front_a06_@2.png" srcset="https://assets.shop.loblaws.ca/products/21588231/b3/en/front/21588231_front_a06_@2.png 1x, https://assets.shop.loblaws.ca/products/21588231/b3/en/front/21588231_front_a06_@2.png 2x" loading="lazy" class="chakra-image css-oguq8l" aria-hidden="true"></div><div class="css-qoklea"><div class="css-12dchmx"></div><div data-testid="price-product-tile" class="css-8atqhb"><p class="chakra-text css-0"><span class="chakra-text css-pwnbcb" data-testid="regular-price"><span class="css-idkz9h">$24.99</span>$24.99</span></p></div><a href="/colombian-dark-dark-roast-k-cup-coffee-pods/p/21588231_EA?source=nspt" class="chakra-linkbox__overlay css-1hnz6hu"><div class="css-0"><p class="chakra-text css-1ecdp9w" data-testid="product-brand">Van Houtte</p><h3 class="chakra-heading css-6qrhwc" id="21588231_EA" data-testid="product-title">Colombian Dark, Dark Roast, K-Cup Coffee Pods</h3><p class="chakra-text css-1yftjin" data-testid="product-package-size">30 ea, $0.83/1ea</p></div></a><div class="css-8keand"></div></div><div class="css-1q5omjq"><div class="css-fcebb8"><div data-testid="atc-compact" class="css-y94ivq" style="width: 45px;"><button type="button" class="chakra-button css-mudsm6" data-testid="atc-button"><svg stroke="currentColor" fill="currentColor" stroke-width="0" viewBox="0 0 24 24" focusable="false" class="chakra-icon css-1g3sp7a" data-testid="btn-icon" aria-hidden="true" height="1em" width="1em" xmlns="http://www.w3.org/2000/svg"><path d="M19 13h-6v6h-2v-6H5v-2h6V5h2v6h6v2z"></path></svg><span class="css-idkz9h">Add Colombian Dark, Dark Roast, K-Cup Coffee Pods to cart</span></button></div></div></div></div></div></div><div class="css-0"><div class="css-f5i5wc"><div class="chakra-linkbox css-vhnn8v"><div data-testid="product-image" class="css-16dr4ly"><img alt="President's Choice The Great Canadian Light to Medium Roast Single Serve Coffee Pods 30 ea, $0.57/1ea" src="https://assets.shop.loblaws.ca/products/21038677/b3/en/front/21038677_front_a06_@2.png" srcset="https://assets.shop.loblaws.ca/products/21038677/b3/en/front/21038677_front_a06_@2.png 1x, https://assets.shop.loblaws.ca/products/21038677/b3/en/front/21038677_front_a06_@2.png 2x" loading="lazy" class="chakra-image css-oguq8l" aria-hidden="true"></div><div class="css-qoklea"><div class="css-12dchmx"></div><div data-testid="price-product-tile" class="css-8atqhb"><p class="chakra-text css-0"><span class="chakra-text css-pwnbcb" data-testid="regular-price"><span class="css-idkz9h">$16.99</span>$16.99</span></p></div><a href="/the-great-canadian-light-to-medium-roast-single-se/p/21038677_EA?source=nspt" class="chakra-linkbox__overlay css-1hnz6hu"><div class="css-0"><p class="chakra-text css-1ecdp9w" data-testid="product-brand">President's Choice</p><h3 class="chakra-heading css-6qrhwc" id="21038677_EA" data-testid="product-title">The Great Canadian Light to Medium Roast Single Serve Coffee Pods</h3><p class="chakra-text css-1yftjin" data-testid="product-package-size">30 ea, $0.57/1ea</p></div></a><div class="css-8keand"></div></div><div class="css-1q5omjq"><div class="css-fcebb8"><div data-testid="atc-compact" class="css-y94ivq" style="width: 45px;"><button type="button" class="chakra-button css-mudsm6" data-testid="atc-button"><svg stroke="currentColor" fill="currentColor" stroke-width="0" viewBox="0 0 24 24" focusable="false" class="chakra-icon css-1g3sp7a" data-testid="btn-icon" aria-hidden="true" height="1em" width="1em" xmlns="http://www.w3.org/2000/svg"><path d="M19 13h-6v6h-2v-6H5v-2h6V5h2v6h6v2z"></path></svg><span class="css-idkz9h">Add The Great Canadian Light to Medium Roast Single Serve Coffee Pods to cart</span></button></div></div><div class="css-4saf4a"><p class="chakra-text css-py8788" data-testid="inventory-badge-text">Low Stock</p></div></div></div></div></div><div class="css-0"><div class="css-f5i5wc"><div class="chakra-linkbox css-vhnn8v"><div data-testid="product-image" class="css-16dr4ly"><img alt="President's Choice PC® Espresso Aromatico Lungo Single Serve Coffee Capsules 10 ea, $69.90/100ea" src="https://assets.shop.loblaws.ca/products/21213472/b3/en/front/21213472_front_a06_@2.png" srcset="https://assets.shop.loblaws.ca/products/21213472/b3/en/front/21213472_front_a06_@2.png 1x, https://assets.shop.loblaws.ca/products/21213472/b3/en/front/21213472_front_a06_@2.png 2x" loading="lazy" class="chakra-image css-oguq8l" aria-hidden="true"></div><div class="css-qoklea"><div class="css-12dchmx"></div><div data-testid="price-product-tile" class="css-8atqhb"><p class="chakra-text css-0"><span class="chakra-text css-pwnbcb" data-testid="regular-price"><span class="css-idkz9h">$6.99</span>$6.99</span></p></div><a href="/pc-espresso-aromatico-lungo-single-serve-coffee-ca/p/21213472_EA?source=nspt" class="chakra-linkbox__overlay css-1hnz6hu"><div class="css-0"><p class="chakra-text css-1ecdp9w" data-testid="product-brand">President's Choice</p><h3 class="chakra-heading css-6qrhwc" id="21213472_EA" data-testid="product-title">PC® Espresso Aromatico Lungo Single Serve Coffee Capsules</h3><p class="chakra-text css-1yftjin" data-testid="product-package-size">10 ea, $69.90/100ea</p></div></a><div class="css-8keand"></div></div><div class="css-1q5omjq"><div class="css-fcebb8"><div data-testid="atc-compact" class="css-y94ivq" style="width: 45px;"><button type="button" class="chakra-button css-mudsm6" data-testid="atc-button"><svg stroke="currentColor" fill="currentColor" stroke-width="0" viewBox="0 0 24 24" focusable="false" class="chakra-icon css-1g3sp7a" data-testid="btn-icon" aria-hidden="true" height="1em" width="1em" xmlns="http://www.w3.org/2000/svg"><path d="M19 13h-6v6h-2v-6H5v-2h6V5h2v6h6v2z"></path></svg><span class="css-idkz9h">Add PC® Espresso Aromatico Lungo Single Serve Coffee Capsules to cart</span></button></div></div></div></div></div></div><div class="css-0"><div class="css-f5i5wc"><div class="chakra-linkbox css-vhnn8v"><div data-testid="product-image" class="css-16dr4ly"><img alt="Timothy's Rainforest Espresso, Extra Dark Roast, K-Cup Coffee Pods, 30 Count 30 ea, $0.53/1ea" src="https://assets.shop.loblaws.ca/products/21433503/b3/en/front/21433503_front_a06_@2.png" srcset="https://assets.shop.loblaws.ca/products/21433503/b3/en/front/21433503_front_a06_@2.png 1x, https://assets.shop.loblaws.ca/products/21433503/b3/en/front/21433503_front_a06_@2.png 2x" loading="lazy" class="chakra-image css-oguq8l" aria-hidden="true"></div><div class="css-qoklea"><div class="css-12dchmx"></div><div data-testid="price-product-tile" class="css-8atqhb"><p class="chakra-text css-0"><span class="chakra-text css-o93gbd" data-testid="sale-price"><span class="css-idkz9h">$15.99</span>$15.99</span><span class="chakra-text css-623q5h" data-testid="was-price"><span class="css-idkz9h">$18.99</span>$18.99</span></p><p class="chakra-text css-1m5a6y8" data-testid="price-descriptor">SAVE $3.00</p></div><a href="/rainforest-espresso-extra-dark-roast-k-cup-coffee/p/21433503_EA?source=nspt" class="chakra-linkbox__overlay css-1hnz6hu"><div class="css-0"><p class="chakra-text css-1ecdp9w" data-testid="product-brand">Timothy's</p><h3 class="chakra-heading css-6qrhwc" id="21433503_EA" data-testid="product-title">Rainforest Espresso, Extra Dark Roast, K-Cup Coffee Pods, 30 Count</h3><p class="chakra-text css-1yftjin" data-testid="product-package-size">30 ea, $0.53/1ea</p></div></a><div class="css-8keand"></div></div><div class="css-1q5omjq"><div class="css-fcebb8"><div data-testid="atc-compact" class="css-y94ivq" style="width: 45px;"><button type="button" class="chakra-button css-mudsm6" data-testid="atc-button"><svg stroke="currentColor" fill="currentColor" stroke-width="0" viewBox="0 0 24 24" focusable="false" class="chakra-icon css-1g3sp7a" data-testid="btn-icon" aria-hidden="true" height="1em" width="1em" xmlns="http://www.w3.org/2000/svg"><path d="M19 13h-6v6h-2v-6H5v-2h6V5h2v6h6v2z"></path></svg><span class="css-idkz9h">Add Rainforest Espresso, Extra Dark Roast, K-Cup Coffee Pods, 30 Count to cart</span></button></div></div></div></div></div></div><div class="css-0"><div class="css-f5i5wc"><div class="chakra-linkbox css-vhnn8v"><div data-testid="product-image" class="css-16dr4ly"><img alt="McCafe Premium Medium Dark Roast, K-Cup Coffee Pods, 12 Count 12 ea, $1.08/1ea" src="https://assets.shop.loblaws.ca/products/21238598/b3/en/front/21238598_front_a06_@2.png" srcset="https://assets.shop.loblaws.ca/products/21238598/b3/en/front/21238598_front_a06_@2.png 1x, https://assets.shop.loblaws.ca/products/21238598/b3/en/front/21238598_front_a06_@2.png 2x" loading="lazy" class="chakra-image css-oguq8l" aria-hidden="true"></div><div class="css-qoklea"><div class="css-12dchmx"></div><div data-testid="price-product-tile" class="css-8atqhb"><p class="chakra-text css-0"><span class="chakra-text css-pwnbcb" data-testid="regular-price"><span class="css-idkz9h">$12.99</span>$12.99</span></p></div><a href="/premium-medium-dark-roast-k-cup-coffee-pods-12-cou/p/21238598_EA?source=nspt" class="chakra-linkbox__overlay css-1hnz6hu"><div class="css-0"><p class="chakra-text css-1ecdp9w" data-testid="product-brand">McCafe</p><h3 class="chakra-heading css-6qrhwc" id="21238598_EA" data-testid="product-title">Premium Medium Dark Roast, K-Cup Coffee Pods, 12 Count</h3><p class="chakra-text css-1yftjin" data-testid="product-package-size">12 ea, $1.08/1ea</p></div></a><div class="css-8keand"></div></div><div class="css-1q5omjq"><div class="css-fcebb8"><div data-testid="atc-compact" class="css-y94ivq" style="width: 45px;"><button type="button" class="chakra-button css-mudsm6" data-testid="atc-button"><svg stroke="currentColor" fill="currentColor" stroke-width="0" viewBox="0 0 24 24" focusable="false" class="chakra-icon css-1g3sp7a" data-testid="btn-icon" aria-hidden="true" height="1em" width="1em" xmlns="http://www.w3.org/2000/svg"><path d="M19 13h-6v6h-2v-6H5v-2h6V5h2v6h6v2z"></path></svg><span class="css-idkz9h">Add Premium Medium Dark Roast, K-Cup Coffee Pods, 12 Count to cart</span></button></div></div></div></div></div></div><div class="css-0"><div class="css-f5i5wc"><div class="chakra-linkbox css-vhnn8v"><div data-testid="product-image" class="css-16dr4ly"><img alt="President's Choice PC® Ethiopia Single Origin Medium Roast Fine Grind Coffee 340 g, $2.64/100g" src="https://assets.shop.loblaws.ca/products/21380492/b3/en/front/21380492_front_a06_@2.png" srcset="https://assets.shop.loblaws.ca/products/21380492/b3/en/front/21380492_front_a06_@2.png 1x, https://assets.shop.loblaws.ca/products/21380492/b3/en/front/21380492_front_a06_@2.png 2x" loading="lazy" class="chakra-image css-oguq8l" aria-hidden="true"></div><div class="css-qoklea"><div class="css-12dchmx"></div><div data-testid="price-product-tile" class="css-8atqhb"><p class="chakra-text css-0"><span class="chakra-text css-pwnbcb" data-testid="regular-price"><span class="css-idkz9h">$8.99</span>$8.99</span></p></div><a href="/pc-ethiopia-single-origin-medium-roast-fine-grind/p/21380492_EA?source=nspt" class="chakra-linkbox__overlay css-1hnz6hu"><div class="css-0"><p class="chakra-text css-1ecdp9w" data-testid="product-brand">President's Choice</p><h3 class="chakra-heading css-6qrhwc" id="21380492_EA" data-testid="product-title">PC® Ethiopia Single Origin Medium Roast Fine Grind Coffee</h3><p class="chakra-text css-1yftjin" data-testid="product-package-size">340 g, $2.64/100g</p></div></a><div class="css-8keand"></div></div><div class="css-1q5omjq"><div class="css-fcebb8"><div data-testid="atc-compact" class="css-y94ivq" style="width: 45px;"><button type="button" class="chakra-button css-mudsm6" data-testid="atc-button"><svg stroke="currentColor" fill="currentColor" stroke-width="0" viewBox="0 0 24 24" focusable="false" class="chakra-icon css-1g3sp7a" data-testid="btn-icon" aria-hidden="true" height="1em" width="1em" xmlns="http://www.w3.org/2000/svg"><path d="M19 13h-6v6h-2v-6H5v-2h6V5h2v6h6v2z"></path></svg><span class="css-idkz9h">Add PC® Ethiopia Single Origin Medium Roast Fine Grind Coffee to cart</span></button></div></div></div></div></div></div><div class="css-0"><div class="css-f5i5wc"><div class="chakra-linkbox css-vhnn8v"><div data-testid="product-image" class="css-16dr4ly"><img alt="Maxwell House House Blend Coffee 100% Compostable K Cup Coffee Pods 292 g, $4.79/100g" src="https://assets.shop.loblaws.ca/products/21308107/b3/en/front/21308107_front_a06_@2.png" srcset="https://assets.shop.loblaws.ca/products/21308107/b3/en/front/21308107_front_a06_@2.png 1x, https://assets.shop.loblaws.ca/products/21308107/b3/en/front/21308107_front_a06_@2.png 2x" loading="lazy" class="chakra-image css-oguq8l" aria-hidden="true"></div><div class="css-qoklea"><div class="css-12dchmx"></div><div data-testid="price-product-tile" class="css-8atqhb"><p class="chakra-text css-0"><span class="chakra-text css-o93gbd" data-testid="sale-price"><span class="css-idkz9h">$13.99</span>$13.99</span><span class="chakra-text css-623q5h" data-testid="was-price"><span class="css-idkz9h">$16.99</span>$16.99</span></p><p class="chakra-text css-1m5a6y8" data-testid="price-descriptor">SAVE $3.00</p></div><a href="/house-blend-coffee-100-compostable-k-cup-coffee-po/p/21308107_EA?source=nspt" class="chakra-linkbox__overlay css-1hnz6hu"><div class="css-0"><p class="chakra-text css-1ecdp9w" data-testid="product-brand">Maxwell House</p><h3 class="chakra-heading css-6qrhwc" id="21308107_EA" data-testid="product-title">House Blend Coffee 100% Compostable K Cup Coffee Pods</h3><p class="chakra-text css-1yftjin" data-testid="product-package-size">292 g, $4.79/100g</p></div></a><div class="css-8keand"></div></div><div class="css-1q5omjq"><div class="css-fcebb8"><div data-testid="atc-compact" class="css-y94ivq" style="width: 45px;"><button type="button" class="chakra-button css-mudsm6" data-testid="atc-button"><svg stroke="currentColor" fill="currentColor" stroke-width="0" viewBox="0 0 24 24" focusable="false" class="chakra-icon css-1g3sp7a" data-testid="btn-icon" aria-hidden="true" height="1em" width="1em" xmlns="http://www.w3.org/2000/svg"><path d="M19 13h-6v6h-2v-6H5v-2h6V5h2v6h6v2z"></path></svg><span class="css-idkz9h">Add House Blend Coffee 100% Compostable K Cup Coffee Pods to cart</span></button></div></div></div></div></div></div><div class="css-0"><div class="css-f5i5wc"><div class="chakra-linkbox css-vhnn8v"><div data-testid="product-image" class="css-16dr4ly"><img alt="Nescafe Gold Dark Roast Instant and Roast &amp; Ground Coffee 100 g, $8.49/100g" src="https://assets.shop.loblaws.ca/products/21074552/b3/en/front/21074552_front_a06_@2.png" srcset="https://assets.shop.loblaws.ca/products/21074552/b3/en/front/21074552_front_a06_@2.png 1x, https://assets.shop.loblaws.ca/products/21074552/b3/en/front/21074552_front_a06_@2.png 2x" loading="lazy" class="chakra-image css-oguq8l" aria-hidden="true"></div><div class="css-qoklea"><div class="css-12dchmx"></div><div data-testid="price-product-tile" class="css-8atqhb"><p class="chakra-text css-0"><span class="chakra-text css-pwnbcb" data-testid="regular-price"><span class="css-idkz9h">$8.49</span>$8.49</span></p></div><a href="/gold-dark-roast-instant-and-roast-ground-coffee/p/21074552_EA?source=nspt" class="chakra-linkbox__overlay css-1hnz6hu"><div class="css-0"><p class="chakra-text css-1ecdp9w" data-testid="product-brand">Nescafe</p><h3 class="chakra-heading css-6qrhwc" id="21074552_EA" data-testid="product-title">Gold Dark Roast Instant and Roast &amp; Ground Coffee</h3><p class="chakra-text css-1yftjin" data-testid="product-package-size">100 g, $8.49/100g</p></div></a><div class="css-8keand"></div></div><div class="css-1q5omjq"><div class="css-fcebb8"><div data-testid="atc-compact" class="css-y94ivq" style="width: 45px;"><button type="button" class="chakra-button css-mudsm6" data-testid="atc-button"><svg stroke="currentColor" fill="currentColor" stroke-width="0" viewBox="0 0 24 24" focusable="false" class="chakra-icon css-1g3sp7a" data-testid="btn-icon" aria-hidden="true" height="1em" width="1em" xmlns="http://www.w3.org/2000/svg"><path d="M19 13h-6v6h-2v-6H5v-2h6V5h2v6h6v2z"></path></svg><span class="css-idkz9h">Add Gold Dark Roast Instant and Roast &amp; Ground Coffee to cart</span></button></div></div></div></div></div></div><div class="css-0"><div class="css-f5i5wc"><div class="chakra-linkbox css-vhnn8v"><div data-testid="product-image" class="css-16dr4ly"><img alt="Barzula Coffee Beans      1 kg, $1.75/100g" src="https://assets.shop.loblaws.ca/products/20028651/b3/en/front/20028651_front_a06_@2.png" srcset="https://assets.shop.loblaws.ca/products/20028651/b3/en/front/20028651_front_a06_@2.png 1x, https://assets.shop.loblaws.ca/products/20028651/b3/en/front/20028651_front_a06_@2.png 2x" loading="lazy" class="chakra-image css-oguq8l" aria-hidden="true"></div><div class="css-qoklea"><div class="css-12dchmx"></div><div data-testid="price-product-tile" class="css-8atqhb"><p class="chakra-text css-0"><span class="chakra-text css-pwnbcb" data-testid="regular-price"><span class="css-idkz9h">$17.49</span>$17.49</span></p></div><a href="/coffee-beans/p/20028651_EA?source=nspt" class="chakra-linkbox__overlay css-1hnz6hu"><div class="css-0"><p class="chakra-text css-1ecdp9w" data-testid="product-brand">Barzula</p><h3 class="chakra-heading css-6qrhwc" id="20028651_EA" data-testid="product-title">Coffee Beans     </h3><p class="chakra-text css-1yftjin" data-testid="product-package-size">1 kg, $1.75/100g</p></div></a><div class="css-8keand"></div></div><div class="css-1q5omjq"><div class="css-fcebb8"><div data-testid="atc-compact" class="css-y94ivq" style="width: 45px;"><button type="button" class="chakra-button css-mudsm6" data-testid="atc-button"><svg stroke="currentColor" fill="currentColor" stroke-width="0" viewBox="0 0 24 24" focusable="false" class="chakra-icon css-1g3sp7a" data-testid="btn-icon" aria-hidden="true" height="1em" width="1em" xmlns="http://www.w3.org/2000/svg"><path d="M19 13h-6v6h-2v-6H5v-2h6V5h2v6h6v2z"></path></svg><span class="css-idkz9h">Add Coffee Beans      to cart</span></button></div></div></div></div></div></div><div class="css-0"><div class="css-f5i5wc"><div class="chakra-linkbox css-vhnn8v"><div data-testid="product-image" class="css-16dr4ly"><img alt="Folgers Ground Coffee Intensely Dark 641 g, $1.56/100g" src="https://assets.shop.loblaws.ca/products/21478258/b3/en/front/21478258_front_a06_@2.png" srcset="https://assets.shop.loblaws.ca/products/21478258/b3/en/front/21478258_front_a06_@2.png 1x, https://assets.shop.loblaws.ca/products/21478258/b3/en/front/21478258_front_a06_@2.png 2x" loading="lazy" class="chakra-image css-oguq8l" aria-hidden="true"></div><div class="css-qoklea"><div class="css-12dchmx"></div><div data-testid="price-product-tile" class="css-8atqhb"><p class="chakra-text css-0"><span class="chakra-text css-pwnbcb" data-testid="regular-price"><span class="css-idkz9h">$9.99</span>$9.99</span></p></div><a href="/ground-coffee-intensely-dark/p/21478258_EA?source=nspt" class="chakra-linkbox__overlay css-1hnz6hu"><div class="css-0"><p class="chakra-text css-1ecdp9w" data-testid="product-brand">Folgers</p><h3 class="chakra-heading css-6qrhwc" id="21478258_EA" data-testid="product-title">Ground Coffee Intensely Dark</h3><p class="chakra-text css-1yftjin" data-testid="product-package-size">641 g, $1.56/100g</p></div></a><div class="css-8keand"></div></div><div class="css-1q5omjq"><div class="css-fcebb8"><div data-testid="atc-compact" class="css-y94ivq" style="width: 45px;"><button type="button" class="chakra-button css-mudsm6" data-testid="atc-button"><svg stroke="currentColor" fill="currentColor" stroke-width="0" viewBox="0 0 24 24" focusable="false" class="chakra-icon css-1g3sp7a" data-testid="btn-icon" aria-hidden="true" height="1em" width="1em" xmlns="http://www.w3.org/2000/svg"><path d="M19 13h-6v6h-2v-6H5v-2h6V5h2v6h6v2z"></path></svg><span class="css-idkz9h">Add Ground Coffee Intensely Dark to cart</span></button></div></div></div></div></div></div><div class="css-0"><div class="css-f5i5wc"><div class="chakra-linkbox css-vhnn8v"><div data-testid="product-image" class="css-16dr4ly"><img alt="No Name Medium Roast Decaffeinated Coffee Pods 114 g, $5.96/100g" src="https://assets.shop.loblaws.ca/products/21393583/b3/en/front/21393583_front_a06_@2.png" srcset="https://assets.shop.loblaws.ca/products/21393583/b3/en/front/21393583_front_a06_@2.png 1x, https://assets.shop.loblaws.ca/products/21393583/b3/en/front/21393583_front_a06_@2.png 2x" loading="lazy" class="chakra-image css-oguq8l" aria-hidden="true"></div><div class="css-qoklea"><div class="css-12dchmx"></div><div data-testid="price-product-tile" class="css-8atqhb"><p class="chakra-text css-0"><span class="chakra-text css-pwnbcb" data-testid="regular-price"><span class="css-idkz9h">$6.79</span>$6.79</span></p></div><a href="/medium-roast-decaffeinated-coffee-pods/p/21393583_EA?source=nspt" class="chakra-linkbox__overlay css-1hnz6hu"><div class="css-0"><p class="chakra-text css-1ecdp9w" data-testid="product-brand">No Name</p><h3 class="chakra-heading css-6qrhwc" id="21393583_EA" data-testid="product-title">Medium Roast Decaffeinated Coffee Pods</h3><p class="chakra-text css-1yftjin" data-testid="product-package-size">114 g, $5.96/100g</p></div></a><div class="css-8keand"></div></div><div class="css-1q5omjq"><div class="css-fcebb8"><div data-testid="atc-compact" class="css-y94ivq" style="width: 45px;"><button type="button" class="chakra-button css-mudsm6" data-testid="atc-button"><svg stroke="currentColor" fill="currentColor" stroke-width="0" viewBox="0 0 24 24" focusable="false" class="chakra-icon css-1g3sp7a" data-testid="btn-icon" aria-hidden="true" height="1em" width="1em" xmlns="http://www.w3.org/2000/svg"><path d="M19 13h-6v6h-2v-6H5v-2h6V5h2v6h6v2z"></path></svg><span class="css-idkz9h">Add Medium Roast Decaffeinated Coffee Pods to cart</span></button></div></div></div></div></div></div><div class="css-0"><div class="css-f5i5wc"><div class="chakra-linkbox css-vhnn8v"><div data-testid="product-image" class="css-16dr4ly"><img alt="Tim Hortons Instant Coffee, Medium 100 g, $5.99/100g" src="https://assets.shop.loblaws.ca/products/21167584/b3/en/front/21167584_front_a06_@2.png" srcset="https://assets.shop.loblaws.ca/products/21167584/b3/en/front/21167584_front_a06_@2.png 1x, https://assets.shop.loblaws.ca/products/21167584/b3/en/front/21167584_front_a06_@2.png 2x" loading="lazy" class="chakra-image css-oguq8l" aria-hidden="true"></div><div class="css-qoklea"><div class="css-12dchmx"></div><div data-testid="price-product-tile" class="css-8atqhb"><p class="chakra-text css-0"><span class="chakra-text css-o93gbd" data-testid="sale-price"><span class="css-idkz9h">$5.99</span>$5.99</span><span class="chakra-text css-623q5h" data-testid="was-price"><span class="css-idkz9h">$8.99</span>$8.99</span></p><p class="chakra-text css-1m5a6y8" data-testid="price-descriptor">SAVE $3.00</p></div><a href="/instant-coffee-medium/p/21167584_EA?source=nspt" class="chakra-linkbox__overlay css-1hnz6hu"><div class="css-0"><p class="chakra-text css-1ecdp9w" data-testid="product-brand">Tim Hortons</p><h3 class="chakra-heading css-6qrhwc" id="21167584_EA" data-testid="product-title">Instant Coffee, Medium</h3><p class="chakra-text css-1yftjin" data-testid="product-package-size">100 g, $5.99/100g</p></div></a><div class="css-8keand"></div></div><div class="css-1q5omjq"><div class="css-fcebb8"><div data-testid="atc-compact" class="css-y94ivq" style="width: 45px;"><button type="button" class="chakra-button css-mudsm6" data-testid="atc-button"><svg stroke="currentColor" fill="currentColor" stroke-width="0" viewBox="0 0 24 24" focusable="false" class="chakra-icon css-1g3sp7a" data-testid="btn-icon" aria-hidden="true" height="1em" width="1em" xmlns="http://www.w3.org/2000/svg"><path d="M19 13h-6v6h-2v-6H5v-2h6V5h2v6h6v2z"></path></svg><span class="css-idkz9h">Add Instant Coffee, Medium to cart</span></button></div></div></div></div></div></div><div class="css-0"><div class="css-f5i5wc"><div class="chakra-linkbox css-vhnn8v"><div data-testid="product-image" class="css-16dr4ly"><img alt="McCafe Premium Medium Dark Roast, Ground Coffee 340 g, $4.11/100g" src="https://assets.shop.loblaws.ca/products/21238495/b3/en/front/21238495_front_a06_@2.png" srcset="https://assets.shop.loblaws.ca/products/21238495/b3/en/front/21238495_front_a06_@2.png 1x, https://assets.shop.loblaws.ca/products/21238495/b3/en/front/21238495_front_a06_@2.png 2x" loading="lazy" class="chakra-image css-oguq8l" aria-hidden="true"></div><div class="css-qoklea"><div class="css-12dchmx"></div><div data-testid="price-product-tile" class="css-8atqhb"><p class="chakra-text css-0"><span class="chakra-text css-pwnbcb" data-testid="regular-price"><span class="css-idkz9h">$13.99</span>$13.99</span></p></div><a href="/premium-medium-dark-roast-ground-coffee/p/21238495_EA?source=nspt" class="chakra-linkbox__overlay css-1hnz6hu"><div class="css-0"><p class="chakra-text css-1ecdp9w" data-testid="product-brand">McCafe</p><h3 class="chakra-heading css-6qrhwc" id="21238495_EA" data-testid="product-title">Premium Medium Dark Roast, Ground Coffee</h3><p class="chakra-text css-1yftjin" data-testid="product-package-size">340 g, $4.11/100g</p></div></a><div class="css-8keand"></div></div><div class="css-1q5omjq"><div class="css-fcebb8"><div data-testid="atc-compact" class="css-y94ivq" style="width: 45px;"><button type="button" class="chakra-button css-mudsm6" data-testid="atc-button"><svg stroke="currentColor" fill="currentColor" stroke-width="0" viewBox="0 0 24 24" focusable="false" class="chakra-icon css-1g3sp7a" data-testid="btn-icon" aria-hidden="true" height="1em" width="1em" xmlns="http://www.w3.org/2000/svg"><path d="M19 13h-6v6h-2v-6H5v-2h6V5h2v6h6v2z"></path></svg><span class="css-idkz9h">Add Premium Medium Dark Roast, Ground Coffee to cart</span></button></div></div></div></div></div></div><div class="css-0"><div class="css-f5i5wc"><div class="chakra-linkbox css-vhnn8v"><div data-testid="product-image" class="css-16dr4ly"><img alt="McCafe Premium Medium Dark Roast, Whole Bean Coffee 900 g, $2.67/100g" src="https://assets.shop.loblaws.ca/products/21238547/b3/en/front/21238547_front_a06_@2.png" srcset="https://assets.shop.loblaws.ca/products/21238547/b3/en/front/21238547_front_a06_@2.png 1x, https://assets.shop.loblaws.ca/products/21238547/b3/en/front/21238547_front_a06_@2.png 2x" loading="lazy" class="chakra-image css-oguq8l" aria-hidden="true"></div><div class="css-qoklea"><div class="css-12dchmx"></div><div data-testid="price-product-tile" class="css-8atqhb"><p class="chakra-text css-0"><span class="chakra-text css-pwnbcb" data-testid="regular-price"><span class="css-idkz9h">$23.99</span>$23.99</span></p></div><a href="/premium-medium-dark-roast-whole-bean-coffee/p/21238547_EA?source=nspt" class="chakra-linkbox__overlay css-1hnz6hu"><div class="css-0"><p class="chakra-text css-1ecdp9w" data-testid="product-brand">McCafe</p><h3 class="chakra-heading css-6qrhwc" id="21238547_EA" data-testid="product-title">Premium Medium Dark Roast, Whole Bean Coffee</h3><p class="chakra-text css-1yftjin" data-testid="product-package-size">900 g, $2.67/100g</p></div></a><div class="css-8keand"></div></div><div class="css-1q5omjq"><div class="css-fcebb8"><div data-testid="atc-compact" class="css-y94ivq" style="width: 45px;"><button type="button" class="chakra-button css-mudsm6" data-testid="atc-button"><svg stroke="currentColor" fill="currentColor" stroke-width="0" viewBox="0 0 24 24" focusable="false" class="chakra-icon css-1g3sp7a" data-testid="btn-icon" aria-hidden="true" height="1em" width="1em" xmlns="http://www.w3.org/2000/svg"><path d="M19 13h-6v6h-2v-6H5v-2h6V5h2v6h6v2z"></path></svg><span class="css-idkz9h">Add Premium Medium Dark Roast, Whole Bean Coffee to cart</span></button></div></div></div></div></div></div><div class="css-0"><div class="css-f5i5wc"><div class="chakra-linkbox css-vhnn8v"><div data-testid="product-image" class="css-16dr4ly"><img alt="Tim Hortons Columbian K-Cup Coffee Pods 30 ea, $0.70/1ea" src="https://assets.shop.loblaws.ca/products/21166714/b3/en/front/21166714_front_a06_@2.png" srcset="https://assets.shop.loblaws.ca/products/21166714/b3/en/front/21166714_front_a06_@2.png 1x, https://assets.shop.loblaws.ca/products/21166714/b3/en/front/21166714_front_a06_@2.png 2x" loading="lazy" class="chakra-image css-oguq8l" aria-hidden="true"></div><div class="css-qoklea"><div class="css-12dchmx"></div><div data-testid="price-product-tile" class="css-8atqhb"><p class="chakra-text css-0"><span class="chakra-text css-o93gbd" data-testid="sale-price"><span class="css-idkz9h">$20.99</span>$20.99</span><span class="chakra-text css-623q5h" data-testid="was-price"><span class="css-idkz9h">$24.99</span>$24.99</span></p><p class="chakra-text css-1m5a6y8" data-testid="price-descriptor">SAVE $4.00</p></div><a href="/columbian-k-cup-coffee-pods/p/21166714_EA?source=nspt" class="chakra-linkbox__overlay css-1hnz6hu"><div class="css-0"><p class="chakra-text css-1ecdp9w" data-testid="product-brand">Tim Hortons</p><h3 class="chakra-heading css-6qrhwc" id="21166714_EA" data-testid="product-title">Columbian K-Cup Coffee Pods</h3><p class="chakra-text css-1yftjin" data-testid="product-package-size">30 ea, $0.70/1ea</p></div></a><div class="css-8keand"></div></div><div class="css-1q5omjq"><div class="css-fcebb8"><div data-testid="atc-compact" class="css-y94ivq" style="width: 45px;"><button type="button" class="chakra-button css-mudsm6" data-testid="atc-button"><svg stroke="currentColor" fill="currentColor" stroke-width="0" viewBox="0 0 24 24" focusable="false" class="chakra-icon css-1g3sp7a" data-testid="btn-icon" aria-hidden="true" height="1em" width="1em" xmlns="http://www.w3.org/2000/svg"><path d="M19 13h-6v6h-2v-6H5v-2h6V5h2v6h6v2z"></path></svg><span class="css-idkz9h">Add Columbian K-Cup Coffee Pods to cart</span></button></div></div></div></div></div></div><div class="css-0"><div class="css-f5i5wc"><div class="chakra-linkbox css-vhnn8v"><div data-testid="product-image" class="css-16dr4ly"><img alt="Nescafe Gold Smooth Instant Coffee 100 g, $8.49/100g" src="https://assets.shop.loblaws.ca/products/21521456/b3/en/front/21521456_front_a06_@2.png" srcset="https://assets.shop.loblaws.ca/products/21521456/b3/en/front/21521456_front_a06_@2.png 1x, https://assets.shop.loblaws.ca/products/21521456/b3/en/front/21521456_front_a06_@2.png 2x" loading="lazy" class="chakra-image css-oguq8l" aria-hidden="true"></div><div class="css-qoklea"><div class="css-12dchmx"></div><div data-testid="price-product-tile" class="css-8atqhb"><p class="chakra-text css-0"><span class="chakra-text css-pwnbcb" data-testid="regular-price"><span class="css-idkz9h">$8.49</span>$8.49</span></p></div><a href="/gold-smooth-instant-coffee/p/21521456_EA?source=nspt" class="chakra-linkbox__overlay css-1hnz6hu"><div class="css-0"><p class="chakra-text css-1ecdp9w" data-testid="product-brand">Nescafe</p><h3 class="chakra-heading css-6qrhwc" id="21521456_EA" data-testid="product-title">Gold Smooth Instant Coffee</h3><p class="chakra-text css-1yftjin" data-testid="product-package-size">100 g, $8.49/100g</p></div></a><div class="css-8keand"></div></div><div class="css-1q5omjq"><div class="css-fcebb8"><div data-testid="atc-compact" class="css-y94ivq" style="width: 45px;"><button type="button" class="chakra-button css-mudsm6" data-testid="atc-button"><svg stroke="currentColor" fill="currentColor" stroke-width="0" viewBox="0 0 24 24" focusable="false" class="chakra-icon css-1g3sp7a" data-testid="btn-icon" aria-hidden="true" height="1em" width="1em" xmlns="http://www.w3.org/2000/svg"><path d="M19 13h-6v6h-2v-6H5v-2h6V5h2v6h6v2z"></path></svg><span class="css-idkz9h">Add Gold Smooth Instant Coffee to cart</span></button></div></div></div></div></div></div></div><div data-testid="product-grid" class="css-epcqr3"><div class="css-0"><div class="css-f5i5wc"><div class="chakra-linkbox css-vhnn8v"><div data-testid="product-image" class="css-16dr4ly"><img alt="President's Choice Gourmet West Coast Dark Roast Single Serve Coffee Pods 12 ea, $0.65/1ea" src="https://assets.shop.loblaws.ca/products/20585365/b3/en/front/20585365_front_a06_@2.png" srcset="https://assets.shop.loblaws.ca/products/20585365/b3/en/front/20585365_front_a06_@2.png 1x, https://assets.shop.loblaws.ca/products/20585365/b3/en/front/20585365_front_a06_@2.png 2x" loading="lazy" class="chakra-image css-oguq8l" aria-hidden="true"></div><div class="css-qoklea"><div class="css-12dchmx"></div><div data-testid="price-product-tile" class="css-8atqhb"><p class="chakra-text css-0"><span class="chakra-text css-pwnbcb" data-testid="regular-price"><span class="css-idkz9h">$7.79</span>$7.79</span></p></div><a href="/gourmet-west-coast-dark-roast-single-serve-coffee/p/20585365_EA?source=nspt" class="chakra-linkbox__overlay css-1hnz6hu"><div class="css-0"><p class="chakra-text css-1ecdp9w" data-testid="product-brand">President's Choice</p><h3 class="chakra-heading css-6qrhwc" id="20585365_EA" data-testid="product-title">Gourmet West Coast Dark Roast Single Serve Coffee Pods</h3><p class="chakra-text css-1yftjin" data-testid="product-package-size">12 ea, $0.65/1ea</p></div></a><div class="css-8keand"></div></div><div class="css-1q5omjq"><div class="css-fcebb8"><div data-testid="atc-compact" class="css-y94ivq" style="width: 45px;"><button type="button" class="chakra-button css-mudsm6" data-testid="atc-button"><svg stroke="currentColor" fill="currentColor" stroke-width="0" viewBox="0 0 24 24" focusable="false" class="chakra-icon css-1g3sp7a" data-testid="btn-icon" aria-hidden="true" height="1em" width="1em" xmlns="http://www.w3.org/2000/svg"><path d="M19 13h-6v6h-2v-6H5v-2h6V5h2v6h6v2z"></path></svg><span class="css-idkz9h">Add Gourmet West Coast Dark Roast Single Serve Coffee Pods to cart</span></button></div></div></div></div></div></div><div class="css-0"><div class="css-f5i5wc"><div class="chakra-linkbox css-vhnn8v"><div data-testid="product-image" class="css-16dr4ly"><img alt="President's Choice The Great Canadian Light to Medium Roast Single Serve Coffee Pods 12 ea, $0.65/1ea" src="https://assets.shop.loblaws.ca/products/20585545/b3/en/front/20585545_front_a06_@2.png" srcset="https://assets.shop.loblaws.ca/products/20585545/b3/en/front/20585545_front_a06_@2.png 1x, https://assets.shop.loblaws.ca/products/20585545/b3/en/front/20585545_front_a06_@2.png 2x" loading="lazy" class="chakra-image css-oguq8l" aria-hidden="true"></div><div class="css-qoklea"><div class="css-12dchmx"></div><div data-testid="price-product-tile" class="css-8atqhb"><p class="chakra-text css-0"><span class="chakra-text css-pwnbcb" data-testid="regular-price"><span class="css-idkz9h">$7.79</span>$7.79</span></p></div><a href="/the-great-canadian-light-to-medium-roast-single-se/p/20585545_EA?source=nspt" class="chakra-linkbox__overlay css-1hnz6hu"><div class="css-0"><p class="chakra-text css-1ecdp9w" data-testid="product-brand">President's Choice</p><h3 class="chakra-heading css-6qrhwc" id="20585545_EA" data-testid="product-title">The Great Canadian Light to Medium Roast Single Serve Coffee Pods</h3><p class="chakra-text css-1yftjin" data-testid="product-package-size">12 ea, $0.65/1ea</p></div></a><div class="css-8keand"></div></div><div class="css-1q5omjq"><div class="css-fcebb8"><div data-testid="atc-compact" class="css-y94ivq" style="width: 45px;"><button type="button" class="chakra-button css-mudsm6" data-testid="atc-button"><svg stroke="currentColor" fill="currentColor" stroke-width="0" viewBox="0 0 24 24" focusable="false" class="chakra-icon css-1g3sp7a" data-testid="btn-icon" aria-hidden="true" height="1em" width="1em" xmlns="http://www.w3.org/2000/svg"><path d="M19 13h-6v6h-2v-6H5v-2h6V5h2v6h6v2z"></path></svg><span class="css-idkz9h">Add The Great Canadian Light to Medium Roast Single Serve Coffee Pods to cart</span></button></div></div></div></div></div></div><div class="css-0"><div class="css-f5i5wc"><div class="chakra-linkbox css-vhnn8v"><div data-testid="product-image" class="css-16dr4ly"><img alt="Tassimo Maxwell House House Blend Coffee Single Serve T-Discs 16 ea, $0.44/1ea" src="https://assets.shop.loblaws.ca/products/20026954001/b3/en/front/20026954001_front_a06_@2.png" srcset="https://assets.shop.loblaws.ca/products/20026954001/b3/en/front/20026954001_front_a06_@2.png 1x, https://assets.shop.loblaws.ca/products/20026954001/b3/en/front/20026954001_front_a06_@2.png 2x" loading="lazy" class="chakra-image css-oguq8l" aria-hidden="true"></div><div class="css-qoklea"><div class="css-12dchmx"></div><div data-testid="price-product-tile" class="css-8atqhb"><p class="chakra-text css-0"><span class="chakra-text css-o93gbd" data-testid="sale-price"><span class="css-idkz9h">$6.99</span>$6.99</span><span class="chakra-text css-623q5h" data-testid="was-price"><span class="css-idkz9h">$7.99</span>$7.99</span></p><p class="chakra-text css-1m5a6y8" data-testid="price-descriptor">SAVE $1.00</p></div><a href="/maxwell-house-house-blend-coffee-single-serve-t-di/p/20026954001_EA?source=nspt" class="chakra-linkbox__overlay css-1hnz6hu"><div class="css-0"><p class="chakra-text css-1ecdp9w" data-testid="product-brand">Tassimo</p><h3 class="chakra-heading css-6qrhwc" id="20026954001_EA" data-testid="product-title">Maxwell House House Blend Coffee Single Serve T-Discs</h3><p class="chakra-text css-1yftjin" data-testid="product-package-size">16 ea, $0.44/1ea</p></div></a><div class="css-8keand"></div></div><div class="css-1q5omjq"><div class="css-fcebb8"><div data-testid="atc-compact" class="css-y94ivq" style="width: 45px;"><button type="button" class="chakra-button css-mudsm6" data-testid="atc-button"><svg stroke="currentColor" fill="currentColor" stroke-width="0" viewBox="0 0 24 24" focusable="false" class="chakra-icon css-1g3sp7a" data-testid="btn-icon" aria-hidden="true" height="1em" width="1em" xmlns="http://www.w3.org/2000/svg"><path d="M19 13h-6v6h-2v-6H5v-2h6V5h2v6h6v2z"></path></svg><span class="css-idkz9h">Add Maxwell House House Blend Coffee Single Serve T-Discs to cart</span></button></div></div></div></div></div></div><div class="css-0"><div class="css-f5i5wc"><div class="chakra-linkbox css-vhnn8v"><div data-testid="product-image" class="css-16dr4ly"><img alt="Nescafe Gold Smooth Instant Coffee 100 g, $8.49/100g" src="https://assets.shop.loblaws.ca/products/21521456/b3/en/front/21521456_front_a06_@2.png" srcset="https://assets.shop.loblaws.ca/products/21521456/b3/en/front/21521456_front_a06_@2.png 1x, https://assets.shop.loblaws.ca/products/21521456/b3/en/front/21521456_front_a06_@2.png 2x" loading="lazy" class="chakra-image css-oguq8l" aria-hidden="true"></div><div class="css-qoklea"><div class="css-12dchmx"></div><div data-testid="price-product-tile" class="css-8atqhb"><p class="chakra-text css-0"><span class="chakra-text css-pwnbcb" data-testid="regular-price"><span class="css-idkz9h">$8.49</span>$8.49</span></p></div><a href="/gold-smooth-instant-coffee/p/21521456_EA?source=nspt" class="chakra-linkbox__overlay css-1hnz6hu"><div class="css-0"><p class="chakra-text css-1ecdp9w" data-testid="product-brand">Nescafe</p><h3 class="chakra-heading css-6qrhwc" id="21521456_EA" data-testid="product-title">Gold Smooth Instant Coffee</h3><p class="chakra-text css-1yftjin" data-testid="product-package-size">100 g, $8.49/100g</p></div></a><div class="css-8keand"></div></div><div class="css-1q5omjq"><div class="css-fcebb8"><div data-testid="atc-compact" class="css-y94ivq" style="width: 45px;"><button type="button" class="chakra-button css-mudsm6" data-testid="atc-button"><svg stroke="currentColor" fill="currentColor" stroke-width="0" viewBox="0 0 24 24" focusable="false" class="chakra-icon css-1g3sp7a" data-testid="btn-icon" aria-hidden="true" height="1em" width="1em" xmlns="http://www.w3.org/2000/svg"><path d="M19 13h-6v6h-2v-6H5v-2h6V5h2v6h6v2z"></path></svg><span class="css-idkz9h">Add Gold Smooth Instant Coffee to cart</span></button></div></div></div></div></div></div><div class="css-0"><div class="css-f5i5wc"><div class="chakra-linkbox css-vhnn8v"><div data-testid="product-image" class="css-16dr4ly"><img alt="Tim Hortons Dark Coffee 48 ea, $0.77/1ea" src="https://assets.shop.loblaws.ca/products/21239208/b3/en/front/21239208_front_a06_@2.png" srcset="https://assets.shop.loblaws.ca/products/21239208/b3/en/front/21239208_front_a06_@2.png 1x, https://assets.shop.loblaws.ca/products/21239208/b3/en/front/21239208_front_a06_@2.png 2x" loading="lazy" class="chakra-image css-oguq8l" aria-hidden="true"></div><div class="css-qoklea"><div class="css-12dchmx"></div><div data-testid="price-product-tile" class="css-8atqhb"><p class="chakra-text css-0"><span class="chakra-text css-pwnbcb" data-testid="regular-price"><span class="css-idkz9h">$36.99</span>$36.99</span></p></div><a href="/dark-coffee/p/21239208_EA?source=nspt" class="chakra-linkbox__overlay css-1hnz6hu"><div class="css-0"><p class="chakra-text css-1ecdp9w" data-testid="product-brand">Tim Hortons</p><h3 class="chakra-heading css-6qrhwc" id="21239208_EA" data-testid="product-title">Dark Coffee</h3><p class="chakra-text css-1yftjin" data-testid="product-package-size">48 ea, $0.77/1ea</p></div></a><div class="css-8keand"></div></div><div class="css-1q5omjq"><div class="css-fcebb8"><div data-testid="atc-compact" class="css-y94ivq" style="width: 45px;"><button type="button" class="chakra-button css-mudsm6" data-testid="atc-button"><svg stroke="currentColor" fill="currentColor" stroke-width="0" viewBox="0 0 24 24" focusable="false" class="chakra-icon css-1g3sp7a" data-testid="btn-icon" aria-hidden="true" height="1em" width="1em" xmlns="http://www.w3.org/2000/svg"><path d="M19 13h-6v6h-2v-6H5v-2h6V5h2v6h6v2z"></path></svg><span class="css-idkz9h">Add Dark Coffee to cart</span></button></div></div></div></div></div></div><div class="css-0"><div class="css-f5i5wc"><div class="chakra-linkbox css-vhnn8v"><div data-testid="product-image" class="css-16dr4ly"><img alt="Tim Hortons Columbian K-Cup Coffee Pods 30 ea, $0.70/1ea" src="https://assets.shop.loblaws.ca/products/21166714/b3/en/front/21166714_front_a06_@2.png" srcset="https://assets.shop.loblaws.ca/products/21166714/b3/en/front/21166714_front_a06_@2.png 1x, https://assets.shop.loblaws.ca/products/21166714/b3/en/front/21166714_front_a06_@2.png 2x" loading="lazy" class="chakra-image css-oguq8l" aria-hidden="true"></div><div class="css-qoklea"><div class="css-12dchmx"></div><div data-testid="price-product-tile" class="css-8atqhb"><p class="chakra-text css-0"><span class="chakra-text css-o93gbd" data-testid="sale-price"><span class="css-idkz9h">$20.99</span>$20.99</span><span class="chakra-text css-623q5h" data-testid="was-price"><span class="css-idkz9h">$24.99</span>$24.99</span></p><p class="chakra-text css-1m5a6y8" data-testid="price-descriptor">SAVE $4.00</p></div><a href="/columbian-k-cup-coffee-pods/p/21166714_EA?source=nspt" class="chakra-linkbox__overlay css-1hnz6hu"><div class="css-0"><p class="chakra-text css-1ecdp9w" data-testid="product-brand">Tim Hortons</p><h3 class="chakra-heading css-6qrhwc" id="21166714_EA" data-testid="product-title">Columbian K-Cup Coffee Pods</h3><p class="chakra-text css-1yftjin" data-testid="product-package-size">30 ea, $0.70/1ea</p></div></a><div class="css-8keand"></div></div><div class="css-1q5omjq"><div class="css-fcebb8"><div data-testid="atc-compact" class="css-y94ivq" style="width: 45px;"><button type="button" class="chakra-button css-mudsm6" data-testid="atc-button"><svg stroke="currentColor" fill="currentColor" stroke-width="0" viewBox="0 0 24 24" focusable="false" class="chakra-icon css-1g3sp7a" data-testid="btn-icon" aria-hidden="true" height="1em" width="1em" xmlns="http://www.w3.org/2000/svg"><path d="M19 13h-6v6h-2v-6H5v-2h6V5h2v6h6v2z"></path></svg><span class="css-idkz9h">Add Columbian K-Cup Coffee Pods to cart</span></button></div></div></div></div></div></div><div class="css-0"><div class="css-f5i5wc"><div class="chakra-linkbox css-vhnn8v"><div data-testid="product-image" class="css-16dr4ly"><img alt="Starbucks By Nespresso Pike Place Roast Coffee Pods 53 g, $16.02/100g" src="https://assets.shop.loblaws.ca/products/21241271/b3/en/front/21241271_front_a06_@2.png" srcset="https://assets.shop.loblaws.ca/products/21241271/b3/en/front/21241271_front_a06_@2.png 1x, https://assets.shop.loblaws.ca/products/21241271/b3/en/front/21241271_front_a06_@2.png 2x" loading="lazy" class="chakra-image css-oguq8l" aria-hidden="true"></div><div class="css-qoklea"><div class="css-12dchmx"></div><div data-testid="price-product-tile" class="css-8atqhb"><p class="chakra-text css-0"><span class="chakra-text css-pwnbcb" data-testid="regular-price"><span class="css-idkz9h">$8.49</span>$8.49</span></p></div><a href="/by-nespresso-pike-place-roast-coffee-pods/p/21241271_EA?source=nspt" class="chakra-linkbox__overlay css-1hnz6hu"><div class="css-0"><p class="chakra-text css-1ecdp9w" data-testid="product-brand">Starbucks</p><h3 class="chakra-heading css-6qrhwc" id="21241271_EA" data-testid="product-title">By Nespresso Pike Place Roast Coffee Pods</h3><p class="chakra-text css-1yftjin" data-testid="product-package-size">53 g, $16.02/100g</p></div></a><div class="css-8keand"></div></div><div class="css-1q5omjq"><div class="css-fcebb8"><div data-testid="atc-compact" class="css-y94ivq" style="width: 45px;"><button type="button" class="chakra-button css-mudsm6" data-testid="atc-button"><svg stroke="currentColor" fill="currentColor" stroke-width="0" viewBox="0 0 24 24" focusable="false" class="chakra-icon css-1g3sp7a" data-testid="btn-icon" aria-hidden="true" height="1em" width="1em" xmlns="http://www.w3.org/2000/svg"><path d="M19 13h-6v6h-2v-6H5v-2h6V5h2v6h6v2z"></path></svg><span class="css-idkz9h">Add By Nespresso Pike Place Roast Coffee Pods to cart</span></button></div></div></div></div></div></div><div class="css-0"><div class="css-f5i5wc"><div class="chakra-linkbox css-vhnn8v"><div data-testid="product-image" class="css-16dr4ly"><img alt="Van Houtte Original House Blend, Medium Roast, K-Cup Coffee Pods 30 ea, $0.83/1ea" src="https://assets.shop.loblaws.ca/products/20743469/b3/en/front/20743469_front_a06_@2.png" srcset="https://assets.shop.loblaws.ca/products/20743469/b3/en/front/20743469_front_a06_@2.png 1x, https://assets.shop.loblaws.ca/products/20743469/b3/en/front/20743469_front_a06_@2.png 2x" loading="lazy" class="chakra-image css-oguq8l" aria-hidden="true"></div><div class="css-qoklea"><div class="css-12dchmx"></div><div data-testid="price-product-tile" class="css-8atqhb"><p class="chakra-text css-0"><span class="chakra-text css-pwnbcb" data-testid="regular-price"><span class="css-idkz9h">$24.99</span>$24.99</span></p></div><a href="/original-house-blend-medium-roast-k-cup-coffee-pod/p/20743469_EA?source=nspt" class="chakra-linkbox__overlay css-1hnz6hu"><div class="css-0"><p class="chakra-text css-1ecdp9w" data-testid="product-brand">Van Houtte</p><h3 class="chakra-heading css-6qrhwc" id="20743469_EA" data-testid="product-title">Original House Blend, Medium Roast, K-Cup Coffee Pods</h3><p class="chakra-text css-1yftjin" data-testid="product-package-size">30 ea, $0.83/1ea</p></div></a><div class="css-8keand"></div></div><div class="css-1q5omjq"><div class="css-fcebb8"><div data-testid="atc-compact" class="css-y94ivq" style="width: 45px;"><button type="button" class="chakra-button css-mudsm6" data-testid="atc-button"><svg stroke="currentColor" fill="currentColor" stroke-width="0" viewBox="0 0 24 24" focusable="false" class="chakra-icon css-1g3sp7a" data-testid="btn-icon" aria-hidden="true" height="1em" width="1em" xmlns="http://www.w3.org/2000/svg"><path d="M19 13h-6v6h-2v-6H5v-2h6V5h2v6h6v2z"></path></svg><span class="css-idkz9h">Add Original House Blend, Medium Roast, K-Cup Coffee Pods to cart</span></button></div></div></div></div></div></div><div class="css-0"><div class="css-f5i5wc"><div class="chakra-linkbox css-vhnn8v"><div data-testid="product-image" class="css-16dr4ly"><img alt="Papagalos Greek Coffee      194 g, $5.15/100g" src="https://assets.shop.loblaws.ca/products/20994222/b3/en/front/20994222_front_a06_@2.png" srcset="https://assets.shop.loblaws.ca/products/20994222/b3/en/front/20994222_front_a06_@2.png 1x, https://assets.shop.loblaws.ca/products/20994222/b3/en/front/20994222_front_a06_@2.png 2x" loading="lazy" class="chakra-image css-oguq8l" aria-hidden="true"></div><div class="css-qoklea"><div class="css-12dchmx"></div><div data-testid="price-product-tile" class="css-8atqhb"><p class="chakra-text css-0"><span class="chakra-text css-pwnbcb" data-testid="regular-price"><span class="css-idkz9h">$9.99</span>$9.99</span></p></div><a href="/greek-coffee/p/20994222_EA?source=nspt" class="chakra-linkbox__overlay css-1hnz6hu"><div class="css-0"><p class="chakra-text css-1ecdp9w" data-testid="product-brand">Papagalos</p><h3 class="chakra-heading css-6qrhwc" id="20994222_EA" data-testid="product-title">Greek Coffee     </h3><p class="chakra-text css-1yftjin" data-testid="product-package-size">194 g, $5.15/100g</p></div></a><div class="css-8keand"></div></div><div class="css-1q5omjq"><div class="css-fcebb8"><div data-testid="atc-compact" class="css-y94ivq" style="width: 45px;"><button type="button" class="chakra-button css-mudsm6" data-testid="atc-button"><svg stroke="currentColor" fill="currentColor" stroke-width="0" viewBox="0 0 24 24" focusable="false" class="chakra-icon css-1g3sp7a" data-testid="btn-icon" aria-hidden="true" height="1em" width="1em" xmlns="http://www.w3.org/2000/svg"><path d="M19 13h-6v6h-2v-6H5v-2h6V5h2v6h6v2z"></path></svg><span class="css-idkz9h">Add Greek Coffee      to cart</span></button></div></div></div></div></div></div><div class="css-0"><div class="css-f5i5wc"><div class="chakra-linkbox css-vhnn8v"><div data-testid="product-image" class="css-16dr4ly"><img alt="Gioia Espresso Coffee 250 g, $1.80/100g" src="https://assets.shop.loblaws.ca/products/20011981/b3/en/front/20011981_front_a06_@2.png" srcset="https://assets.shop.loblaws.ca/products/20011981/b3/en/front/20011981_front_a06_@2.png 1x, https://assets.shop.loblaws.ca/products/20011981/b3/en/front/20011981_front_a06_@2.png 2x" loading="lazy" class="chakra-image css-oguq8l" aria-hidden="true"></div><div class="css-qoklea"><div class="css-12dchmx"></div><div data-testid="price-product-tile" class="css-8atqhb"><p class="chakra-text css-0"><span class="chakra-text css-pwnbcb" data-testid="regular-price"><span class="css-idkz9h">$4.49</span>$4.49</span></p></div><a href="/espresso-coffee/p/20011981_EA?source=nspt" class="chakra-linkbox__overlay css-1hnz6hu"><div class="css-0"><p class="chakra-text css-1ecdp9w" data-testid="product-brand">Gioia</p><h3 class="chakra-heading css-6qrhwc" id="20011981_EA" data-testid="product-title">Espresso Coffee</h3><p class="chakra-text css-1yftjin" data-testid="product-package-size">250 g, $1.80/100g</p></div></a><div class="css-8keand"></div></div><div class="css-1q5omjq"><div class="css-fcebb8"><div data-testid="atc-compact" class="css-y94ivq" style="width: 45px;"><button type="button" class="chakra-button css-mudsm6" data-testid="atc-button"><svg stroke="currentColor" fill="currentColor" stroke-width="0" viewBox="0 0 24 24" focusable="false" class="chakra-icon css-1g3sp7a" data-testid="btn-icon" aria-hidden="true" height="1em" width="1em" xmlns="http://www.w3.org/2000/svg"><path d="M19 13h-6v6h-2v-6H5v-2h6V5h2v6h6v2z"></path></svg><span class="css-idkz9h">Add Espresso Coffee to cart</span></button></div></div></div></div></div></div><div class="css-0"><div class="css-f5i5wc"><div class="chakra-linkbox css-vhnn8v"><div data-testid="product-image" class="css-16dr4ly"><img alt="President's Choice Medium Roast Instant and Microground Coffee 100 g, $5.99/100g" src="https://assets.shop.loblaws.ca/products/21500188/b3/en/front/21500188_front_a06_@2.png" srcset="https://assets.shop.loblaws.ca/products/21500188/b3/en/front/21500188_front_a06_@2.png 1x, https://assets.shop.loblaws.ca/products/21500188/b3/en/front/21500188_front_a06_@2.png 2x" loading="lazy" class="chakra-image css-oguq8l" aria-hidden="true"></div><div class="css-qoklea"><div class="css-12dchmx"></div><div data-testid="price-product-tile" class="css-8atqhb"><p class="chakra-text css-0"><span class="chakra-text css-pwnbcb" data-testid="regular-price"><span class="css-idkz9h">$5.99</span>$5.99</span></p></div><a href="/medium-roast-instant-and-microground-coffee/p/21500188_EA?source=nspt" class="chakra-linkbox__overlay css-1hnz6hu"><div class="css-0"><p class="chakra-text css-1ecdp9w" data-testid="product-brand">President's Choice</p><h3 class="chakra-heading css-6qrhwc" id="21500188_EA" data-testid="product-title">Medium Roast Instant and Microground Coffee</h3><p class="chakra-text css-1yftjin" data-testid="product-package-size">100 g, $5.99/100g</p></div></a><div class="css-8keand"></div></div><div class="css-1q5omjq"><div class="css-fcebb8"><div data-testid="atc-compact" class="css-y94ivq" style="width: 45px;"><button type="button" class="chakra-button css-mudsm6" data-testid="atc-button"><svg stroke="currentColor" fill="currentColor" stroke-width="0" viewBox="0 0 24 24" focusable="false" class="chakra-icon css-1g3sp7a" data-testid="btn-icon" aria-hidden="true" height="1em" width="1em" xmlns="http://www.w3.org/2000/svg"><path d="M19 13h-6v6h-2v-6H5v-2h6V5h2v6h6v2z"></path></svg><span class="css-idkz9h">Add Medium Roast Instant and Microground Coffee to cart</span></button></div></div></div></div></div></div><div class="css-0"><div class="css-f5i5wc"><div class="chakra-linkbox css-vhnn8v"><div data-testid="product-image" class="css-16dr4ly"><img alt="Maxwell House Dark Roast Coffee 100% Compostable Pods 117 g, $8.97/100g" src="https://assets.shop.loblaws.ca/products/20975425/b3/en/front/20975425_front_a06_@2.png" srcset="https://assets.shop.loblaws.ca/products/20975425/b3/en/front/20975425_front_a06_@2.png 1x, https://assets.shop.loblaws.ca/products/20975425/b3/en/front/20975425_front_a06_@2.png 2x" loading="lazy" class="chakra-image css-oguq8l" aria-hidden="true"></div><div class="css-qoklea"><div class="css-12dchmx"></div><div data-testid="price-product-tile" class="css-8atqhb"><p class="chakra-text css-0"><span class="chakra-text css-pwnbcb" data-testid="regular-price"><span class="css-idkz9h">$10.49</span>$10.49</span></p></div><a href="/dark-roast-coffee-100-compostable-pods/p/20975425_EA?source=nspt" class="chakra-linkbox__overlay css-1hnz6hu"><div class="css-0"><p class="chakra-text css-1ecdp9w" data-testid="product-brand">Maxwell House</p><h3 class="chakra-heading css-6qrhwc" id="20975425_EA" data-testid="product-title">Dark Roast Coffee 100% Compostable Pods</h3><p class="chakra-text css-1yftjin" data-testid="product-package-size">117 g, $8.97/100g</p></div></a><div class="css-8keand"></div></div><div class="css-1q5omjq"><div class="css-fcebb8"><div data-testid="atc-compact" class="css-y94ivq" style="width: 45px;"><button type="button" class="chakra-button css-mudsm6" data-testid="atc-button"><svg stroke="currentColor" fill="currentColor" stroke-width="0" viewBox="0 0 24 24" focusable="false" class="chakra-icon css-1g3sp7a" data-testid="btn-icon" aria-hidden="true" height="1em" width="1em" xmlns="http://www.w3.org/2000/svg"><path d="M19 13h-6v6h-2v-6H5v-2h6V5h2v6h6v2z"></path></svg><span class="css-idkz9h">Add Dark Roast Coffee 100% Compostable Pods to cart</span></button></div></div></div></div></div></div><div class="css-0"><div class="css-f5i5wc"><div class="chakra-linkbox css-vhnn8v"><div data-testid="product-image" class="css-16dr4ly"><img alt="Donut House Regular Coffee, K-Cup 30 ea, $0.53/1ea" src="https://assets.shop.loblaws.ca/products/20899892/b3/en/front/20899892_front_a06_@2.png" srcset="https://assets.shop.loblaws.ca/products/20899892/b3/en/front/20899892_front_a06_@2.png 1x, https://assets.shop.loblaws.ca/products/20899892/b3/en/front/20899892_front_a06_@2.png 2x" loading="lazy" class="chakra-image css-oguq8l" aria-hidden="true"></div><div class="css-qoklea"><div class="css-12dchmx"></div><div data-testid="price-product-tile" class="css-8atqhb"><p class="chakra-text css-0"><span class="chakra-text css-o93gbd" data-testid="sale-price"><span class="css-idkz9h">$15.99</span>$15.99</span><span class="chakra-text css-623q5h" data-testid="was-price"><span class="css-idkz9h">$18.99</span>$18.99</span></p><p class="chakra-text css-1m5a6y8" data-testid="price-descriptor">SAVE $3.00</p></div><a href="/regular-coffee-k-cup/p/20899892_EA?source=nspt" class="chakra-linkbox__overlay css-1hnz6hu"><div class="css-0"><p class="chakra-text css-1ecdp9w" data-testid="product-brand">Donut House</p><h3 class="chakra-heading css-6qrhwc" id="20899892_EA" data-testid="product-title">Regular Coffee, K-Cup</h3><p class="chakra-text css-1yftjin" data-testid="product-package-size">30 ea, $0.53/1ea</p></div></a><div class="css-8keand"></div></div><div class="css-1q5omjq"><div class="css-fcebb8"><div data-testid="atc-compact" class="css-y94ivq" style="width: 45px;"><button type="button" class="chakra-button css-mudsm6" data-testid="atc-button"><svg stroke="currentColor" fill="currentColor" stroke-width="0" viewBox="0 0 24 24" focusable="false" class="chakra-icon css-1g3sp7a" data-testid="btn-icon" aria-hidden="true" height="1em" width="1em" xmlns="http://www.w3.org/2000/svg"><path d="M19 13h-6v6h-2v-6H5v-2h6V5h2v6h6v2z"></path></svg><span class="css-idkz9h">Add Regular Coffee, K-Cup to cart</span></button></div></div></div></div></div></div><div class="css-0"><div class="css-f5i5wc"><div class="chakra-linkbox css-vhnn8v"><div data-testid="product-image" class="css-16dr4ly"><img alt="President's Choice French Vanilla Naturally Flavoured Fine Grind Coffee 250 g, $2.72/100g" src="https://assets.shop.loblaws.ca/products/21478010/b3/en/front/21478010_front_a06_@2.png" srcset="https://assets.shop.loblaws.ca/products/21478010/b3/en/front/21478010_front_a06_@2.png 1x, https://assets.shop.loblaws.ca/products/21478010/b3/en/front/21478010_front_a06_@2.png 2x" loading="lazy" class="chakra-image css-oguq8l" aria-hidden="true"></div><div class="css-qoklea"><div class="css-12dchmx"></div><div data-testid="price-product-tile" class="css-8atqhb"><p class="chakra-text css-0"><span class="chakra-text css-pwnbcb" data-testid="regular-price"><span class="css-idkz9h">$6.79</span>$6.79</span></p></div><a href="/french-vanilla-naturally-flavoured-fine-grind-coff/p/21478010_EA?source=nspt" class="chakra-linkbox__overlay css-1hnz6hu"><div class="css-0"><p class="chakra-text css-1ecdp9w" data-testid="product-brand">President's Choice</p><h3 class="chakra-heading css-6qrhwc" id="21478010_EA" data-testid="product-title">French Vanilla Naturally Flavoured Fine Grind Coffee</h3><p class="chakra-text css-1yftjin" data-testid="product-package-size">250 g, $2.72/100g</p></div></a><div class="css-8keand"></div></div><div class="css-1q5omjq"><div class="css-fcebb8"><div data-testid="atc-compact" class="css-y94ivq" style="width: 45px;"><button type="button" class="chakra-button css-mudsm6" data-testid="atc-button"><svg stroke="currentColor" fill="currentColor" stroke-width="0" viewBox="0 0 24 24" focusable="false" class="chakra-icon css-1g3sp7a" data-testid="btn-icon" aria-hidden="true" height="1em" width="1em" xmlns="http://www.w3.org/2000/svg"><path d="M19 13h-6v6h-2v-6H5v-2h6V5h2v6h6v2z"></path></svg><span class="css-idkz9h">Add French Vanilla Naturally Flavoured Fine Grind Coffee to cart</span></button></div></div><div class="css-4saf4a"><p class="chakra-text css-py8788" data-testid="inventory-badge-text">Low Stock</p></div></div></div></div></div><div class="css-0"><div class="css-f5i5wc"><div class="chakra-linkbox css-vhnn8v"><div data-testid="product-image" class="css-16dr4ly"><img alt="No Name Medium Roast Coffee Pods 114 g, $5.96/100g" src="https://assets.shop.loblaws.ca/products/21393587/b3/en/front/21393587_front_a06_@2.png" srcset="https://assets.shop.loblaws.ca/products/21393587/b3/en/front/21393587_front_a06_@2.png 1x, https://assets.shop.loblaws.ca/products/21393587/b3/en/front/21393587_front_a06_@2.png 2x" loading="lazy" class="chakra-image css-oguq8l" aria-hidden="true"></div><div class="css-qoklea"><div class="css-12dchmx"></div><div data-testid="price-product-tile" class="css-8atqhb"><p class="chakra-text css-0"><span class="chakra-text css-pwnbcb" data-testid="regular-price"><span class="css-idkz9h">$6.79</span>$6.79</span></p></div><a href="/medium-roast-coffee-pods/p/21393587_EA?source=nspt" class="chakra-linkbox__overlay css-1hnz6hu"><div class="css-0"><p class="chakra-text css-1ecdp9w" data-testid="product-brand">No Name</p><h3 class="chakra-heading css-6qrhwc" id="21393587_EA" data-testid="product-title">Medium Roast Coffee Pods</h3><p class="chakra-text css-1yftjin" data-testid="product-package-size">114 g, $5.96/100g</p></div></a><div class="css-8keand"></div></div><div class="css-1q5omjq"><div class="css-fcebb8"><div data-testid="atc-compact" class="css-y94ivq" style="width: 45px;"><button type="button" class="chakra-button css-mudsm6" data-testid="atc-button"><svg stroke="currentColor" fill="currentColor" stroke-width="0" viewBox="0 0 24 24" focusable="false" class="chakra-icon css-1g3sp7a" data-testid="btn-icon" aria-hidden="true" height="1em" width="1em" xmlns="http://www.w3.org/2000/svg"><path d="M19 13h-6v6h-2v-6H5v-2h6V5h2v6h6v2z"></path></svg><span class="css-idkz9h">Add Medium Roast Coffee Pods to cart</span></button></div></div></div></div></div></div><div class="css-0"><div class="css-f5i5wc"><div class="chakra-linkbox css-vhnn8v"><div data-testid="product-image" class="css-16dr4ly"><img alt="President's Choice Cappuccino TASSIMO T DISCs 8 ea, $0.87/1ea" src="https://assets.shop.loblaws.ca/products/21010129/b3/en/front/21010129_front_a06_@2.png" srcset="https://assets.shop.loblaws.ca/products/21010129/b3/en/front/21010129_front_a06_@2.png 1x, https://assets.shop.loblaws.ca/products/21010129/b3/en/front/21010129_front_a06_@2.png 2x" loading="lazy" class="chakra-image css-oguq8l" aria-hidden="true"></div><div class="css-qoklea"><div class="css-12dchmx"></div><div data-testid="price-product-tile" class="css-8atqhb"><p class="chakra-text css-0"><span class="chakra-text css-o93gbd" data-testid="sale-price"><span class="css-idkz9h">$6.99</span>$6.99</span><span class="chakra-text css-623q5h" data-testid="was-price"><span class="css-idkz9h">$7.99</span>$7.99</span></p><p class="chakra-text css-1m5a6y8" data-testid="price-descriptor">SAVE $1.00</p></div><a href="/cappuccino-tassimo-t-discs/p/21010129_EA?source=nspt" class="chakra-linkbox__overlay css-1hnz6hu"><div class="css-0"><p class="chakra-text css-1ecdp9w" data-testid="product-brand">President's Choice</p><h3 class="chakra-heading css-6qrhwc" id="21010129_EA" data-testid="product-title">Cappuccino TASSIMO T DISCs</h3><p class="chakra-text css-1yftjin" data-testid="product-package-size">8 ea, $0.87/1ea</p></div></a><div class="css-8keand"></div></div><div class="css-1q5omjq"><div class="css-fcebb8"><div data-testid="atc-compact" class="css-y94ivq" style="width: 45px;"><button type="button" class="chakra-button css-mudsm6" data-testid="atc-button"><svg stroke="currentColor" fill="currentColor" stroke-width="0" viewBox="0 0 24 24" focusable="false" class="chakra-icon css-1g3sp7a" data-testid="btn-icon" aria-hidden="true" height="1em" width="1em" xmlns="http://www.w3.org/2000/svg"><path d="M19 13h-6v6h-2v-6H5v-2h6V5h2v6h6v2z"></path></svg><span class="css-idkz9h">Add Cappuccino TASSIMO T DISCs to cart</span></button></div></div></div></div></div></div><div class="css-0"><div class="css-f5i5wc"><div class="chakra-linkbox css-vhnn8v"><div data-testid="product-image" class="css-16dr4ly"><img alt="Tim Hortons French Vanilla Coffee 300 g, $3.50/100g" src="https://assets.shop.loblaws.ca/products/21008933/b3/en/front/21008933_front_a06_@2.png" srcset="https://assets.shop.loblaws.ca/products/21008933/b3/en/front/21008933_front_a06_@2.png 1x, https://assets.shop.loblaws.ca/products/21008933/b3/en/front/21008933_front_a06_@2.png 2x" loading="lazy" class="chakra-image css-oguq8l" aria-hidden="true"></div><div class="css-qoklea"><div class="css-12dchmx"></div><div data-testid="price-product-tile" class="css-8atqhb"><p class="chakra-text css-0"><span class="chakra-text css-pwnbcb" data-testid="regular-price"><span class="css-idkz9h">$10.49</span>$10.49</span></p></div><a href="/french-vanilla-coffee/p/21008933_EA?source=nspt" class="chakra-linkbox__overlay css-1hnz6hu"><div class="css-0"><p class="chakra-text css-1ecdp9w" data-testid="product-brand">Tim Hortons</p><h3 class="chakra-heading css-6qrhwc" id="21008933_EA" data-testid="product-title">French Vanilla Coffee</h3><p class="chakra-text css-1yftjin" data-testid="product-package-size">300 g, $3.50/100g</p></div></a><div class="css-8keand"></div></div><div class="css-1q5omjq"><div class="css-fcebb8"><div data-testid="atc-compact" class="css-y94ivq" style="width: 45px;"><button type="button" class="chakra-button css-mudsm6" data-testid="atc-button"><svg stroke="currentColor" fill="currentColor" stroke-width="0" viewBox="0 0 24 24" focusable="false" class="chakra-icon css-1g3sp7a" data-testid="btn-icon" aria-hidden="true" height="1em" width="1em" xmlns="http://www.w3.org/2000/svg"><path d="M19 13h-6v6h-2v-6H5v-2h6V5h2v6h6v2z"></path></svg><span class="css-idkz9h">Add French Vanilla Coffee to cart</span></button></div></div></div></div></div></div><div class="css-0"><div class="css-f5i5wc"><div class="chakra-linkbox css-vhnn8v"><div data-testid="product-image" class="css-16dr4ly"><img alt="Timothy's Breakfast Blend, Light Roast, K-Cup Coffee Pods, 30 Count 30 ea, $0.53/1ea" src="https://assets.shop.loblaws.ca/products/21433555/b3/en/front/21433555_front_a06_@2.png" srcset="https://assets.shop.loblaws.ca/products/21433555/b3/en/front/21433555_front_a06_@2.png 1x, https://assets.shop.loblaws.ca/products/21433555/b3/en/front/21433555_front_a06_@2.png 2x" loading="lazy" class="chakra-image css-oguq8l" aria-hidden="true"></div><div class="css-qoklea"><div class="css-12dchmx"></div><div data-testid="price-product-tile" class="css-8atqhb"><p class="chakra-text css-0"><span class="chakra-text css-o93gbd" data-testid="sale-price"><span class="css-idkz9h">$15.99</span>$15.99</span><span class="chakra-text css-623q5h" data-testid="was-price"><span class="css-idkz9h">$18.99</span>$18.99</span></p><p class="chakra-text css-1m5a6y8" data-testid="price-descriptor">SAVE $3.00</p></div><a href="/breakfast-blend-light-roast-k-cup-coffee-pods-30-c/p/21433555_EA?source=nspt" class="chakra-linkbox__overlay css-1hnz6hu"><div class="css-0"><p class="chakra-text css-1ecdp9w" data-testid="product-brand">Timothy's</p><h3 class="chakra-heading css-6qrhwc" id="21433555_EA" data-testid="product-title">Breakfast Blend, Light Roast, K-Cup Coffee Pods, 30 Count</h3><p class="chakra-text css-1yftjin" data-testid="product-package-size">30 ea, $0.53/1ea</p></div></a><div class="css-8keand"></div></div><div class="css-1q5omjq"><div class="css-fcebb8"><div data-testid="atc-compact" class="css-y94ivq" style="width: 45px;"><button type="button" class="chakra-button css-mudsm6" data-testid="atc-button"><svg stroke="currentColor" fill="currentColor" stroke-width="0" viewBox="0 0 24 24" focusable="false" class="chakra-icon css-1g3sp7a" data-testid="btn-icon" aria-hidden="true" height="1em" width="1em" xmlns="http://www.w3.org/2000/svg"><path d="M19 13h-6v6h-2v-6H5v-2h6V5h2v6h6v2z"></path></svg><span class="css-idkz9h">Add Breakfast Blend, Light Roast, K-Cup Coffee Pods, 30 Count to cart</span></button></div></div></div></div></div></div><div class="css-0"><div class="css-f5i5wc"><div class="chakra-linkbox css-vhnn8v"><div data-testid="product-image" class="css-16dr4ly"><img alt="Tim Hortons Dark Roast K-Cup Compatible 30 ea, $0.70/1ea" src="https://assets.shop.loblaws.ca/products/21166700/b3/en/front/21166700_front_a06_@2.png" srcset="https://assets.shop.loblaws.ca/products/21166700/b3/en/front/21166700_front_a06_@2.png 1x, https://assets.shop.loblaws.ca/products/21166700/b3/en/front/21166700_front_a06_@2.png 2x" loading="lazy" class="chakra-image css-oguq8l" aria-hidden="true"></div><div class="css-qoklea"><div class="css-12dchmx"></div><div data-testid="price-product-tile" class="css-8atqhb"><p class="chakra-text css-0"><span class="chakra-text css-o93gbd" data-testid="sale-price"><span class="css-idkz9h">$20.99</span>$20.99</span><span class="chakra-text css-623q5h" data-testid="was-price"><span class="css-idkz9h">$24.99</span>$24.99</span></p><p class="chakra-text css-1m5a6y8" data-testid="price-descriptor">SAVE $4.00</p></div><a href="/dark-roast-k-cup-compatible/p/21166700_EA?source=nspt" class="chakra-linkbox__overlay css-1hnz6hu"><div class="css-0"><p class="chakra-text css-1ecdp9w" data-testid="product-brand">Tim Hortons</p><h3 class="chakra-heading css-6qrhwc" id="21166700_EA" data-testid="product-title">Dark Roast K-Cup Compatible</h3><p class="chakra-text css-1yftjin" data-testid="product-package-size">30 ea, $0.70/1ea</p></div></a><div class="css-8keand"></div></div><div class="css-1q5omjq"><div class="css-fcebb8"><div data-testid="atc-compact" class="css-y94ivq" style="width: 45px;"><button type="button" class="chakra-button css-mudsm6" data-testid="atc-button"><svg stroke="currentColor" fill="currentColor" stroke-width="0" viewBox="0 0 24 24" focusable="false" class="chakra-icon css-1g3sp7a" data-testid="btn-icon" aria-hidden="true" height="1em" width="1em" xmlns="http://www.w3.org/2000/svg"><path d="M19 13h-6v6h-2v-6H5v-2h6V5h2v6h6v2z"></path></svg><span class="css-idkz9h">Add Dark Roast K-Cup Compatible to cart</span></button></div></div></div></div></div></div><div class="css-0"><div class="css-f5i5wc"><div class="chakra-linkbox css-vhnn8v"><div data-testid="product-image" class="css-16dr4ly"><img alt="President's Choice Gourmet Swiss Water Process Decaffeinated Medium Roast Single Serve Coffee Pods 30 ea, $0.57/1ea" src="https://assets.shop.loblaws.ca/products/21035959/b3/en/front/21035959_front_a06_@2.png" srcset="https://assets.shop.loblaws.ca/products/21035959/b3/en/front/21035959_front_a06_@2.png 1x, https://assets.shop.loblaws.ca/products/21035959/b3/en/front/21035959_front_a06_@2.png 2x" loading="lazy" class="chakra-image css-oguq8l" aria-hidden="true"></div><div class="css-qoklea"><div class="css-12dchmx"></div><div data-testid="price-product-tile" class="css-8atqhb"><p class="chakra-text css-0"><span class="chakra-text css-pwnbcb" data-testid="regular-price"><span class="css-idkz9h">$16.99</span>$16.99</span></p></div><a href="/gourmet-swiss-water-process-decaffeinated-medium-r/p/21035959_EA?source=nspt" class="chakra-linkbox__overlay css-1hnz6hu"><div class="css-0"><p class="chakra-text css-1ecdp9w" data-testid="product-brand">President's Choice</p><h3 class="chakra-heading css-6qrhwc" id="21035959_EA" data-testid="product-title">Gourmet Swiss Water Process Decaffeinated Medium Roast Single Serve Coffee Pods</h3><p class="chakra-text css-1yftjin" data-testid="product-package-size">30 ea, $0.57/1ea</p></div></a><div class="css-8keand"></div></div><div class="css-1q5omjq"><div class="css-fcebb8"><div data-testid="atc-compact" class="css-y94ivq" style="width: 45px;"><button type="button" class="chakra-button css-mudsm6" data-testid="atc-button"><svg stroke="currentColor" fill="currentColor" stroke-width="0" viewBox="0 0 24 24" focusable="false" class="chakra-icon css-1g3sp7a" data-testid="btn-icon" aria-hidden="true" height="1em" width="1em" xmlns="http://www.w3.org/2000/svg"><path d="M19 13h-6v6h-2v-6H5v-2h6V5h2v6h6v2z"></path></svg><span class="css-idkz9h">Add Gourmet Swiss Water Process Decaffeinated Medium Roast Single Serve Coffee Pods to cart</span></button></div></div></div></div></div></div><div class="css-0"><div class="css-f5i5wc"><div class="chakra-linkbox css-vhnn8v"><div data-testid="product-image" class="css-16dr4ly"><img alt="President's Choice PC® Espresso Forte Whole Bean Coffee 907 g, $1.87/100g" src="https://assets.shop.loblaws.ca/products/21393271/b3/en/front/21393271_front_a06_@2.png" srcset="https://assets.shop.loblaws.ca/products/21393271/b3/en/front/21393271_front_a06_@2.png 1x, https://assets.shop.loblaws.ca/products/21393271/b3/en/front/21393271_front_a06_@2.png 2x" loading="lazy" class="chakra-image css-oguq8l" aria-hidden="true"></div><div class="css-qoklea"><div class="css-12dchmx"></div><div data-testid="price-product-tile" class="css-8atqhb"><p class="chakra-text css-0"><span class="chakra-text css-pwnbcb" data-testid="regular-price"><span class="css-idkz9h">$16.99</span>$16.99</span></p></div><a href="/pc-espresso-forte-whole-bean-coffee/p/21393271_EA?source=nspt" class="chakra-linkbox__overlay css-1hnz6hu"><div class="css-0"><p class="chakra-text css-1ecdp9w" data-testid="product-brand">President's Choice</p><h3 class="chakra-heading css-6qrhwc" id="21393271_EA" data-testid="product-title">PC® Espresso Forte Whole Bean Coffee</h3><p class="chakra-text css-1yftjin" data-testid="product-package-size">907 g, $1.87/100g</p></div></a><div class="css-8keand"></div></div><div class="css-1q5omjq"><div class="css-fcebb8"><div data-testid="atc-compact" class="css-y94ivq" style="width: 45px;"><button type="button" class="chakra-button css-mudsm6" data-testid="atc-button"><svg stroke="currentColor" fill="currentColor" stroke-width="0" viewBox="0 0 24 24" focusable="false" class="chakra-icon css-1g3sp7a" data-testid="btn-icon" aria-hidden="true" height="1em" width="1em" xmlns="http://www.w3.org/2000/svg"><path d="M19 13h-6v6h-2v-6H5v-2h6V5h2v6h6v2z"></path></svg><span class="css-idkz9h">Add PC® Espresso Forte Whole Bean Coffee to cart</span></button></div></div></div></div></div></div><div class="css-0"><div class="css-f5i5wc"><div class="chakra-linkbox css-vhnn8v"><div data-testid="product-image" class="css-16dr4ly"><img alt="Tim Hortons K-Cup, French Vanilla 126 g, $11.24/100g" src="https://assets.shop.loblaws.ca/products/21004843/b3/en/front/21004843_front_a06_@2.png" srcset="https://assets.shop.loblaws.ca/products/21004843/b3/en/front/21004843_front_a06_@2.png 1x, https://assets.shop.loblaws.ca/products/21004843/b3/en/front/21004843_front_a06_@2.png 2x" loading="lazy" class="chakra-image css-oguq8l" aria-hidden="true"></div><div class="css-qoklea"><div class="css-12dchmx"></div><div data-testid="price-product-tile" class="css-8atqhb"><p class="chakra-text css-0"><span class="chakra-text css-pwnbcb" data-testid="regular-price"><span class="css-idkz9h">$13.49</span>$13.49</span></p></div><a href="/k-cup-french-vanilla/p/21004843_EA?source=nspt" class="chakra-linkbox__overlay css-1hnz6hu"><div class="css-0"><p class="chakra-text css-1ecdp9w" data-testid="product-brand">Tim Hortons</p><h3 class="chakra-heading css-6qrhwc" id="21004843_EA" data-testid="product-title">K-Cup, French Vanilla</h3><p class="chakra-text css-1yftjin" data-testid="product-package-size">126 g, $11.24/100g</p></div></a><div class="css-8keand"></div></div><div class="css-1q5omjq"><div class="css-fcebb8"><div data-testid="atc-compact" class="css-y94ivq" style="width: 45px;"><button type="button" class="chakra-button css-mudsm6" data-testid="atc-button"><svg stroke="currentColor" fill="currentColor" stroke-width="0" viewBox="0 0 24 24" focusable="false" class="chakra-icon css-1g3sp7a" data-testid="btn-icon" aria-hidden="true" height="1em" width="1em" xmlns="http://www.w3.org/2000/svg"><path d="M19 13h-6v6h-2v-6H5v-2h6V5h2v6h6v2z"></path></svg><span class="css-idkz9h">Add K-Cup, French Vanilla to cart</span></button></div></div></div></div></div></div><div class="css-0"><div class="css-f5i5wc"><div class="chakra-linkbox css-vhnn8v"><div data-testid="product-image" class="css-16dr4ly"><img alt="Tim Hortons Coffee, Dark Roast 875 g, $2.28/100g" src="https://assets.shop.loblaws.ca/products/20986028/b3/en/front/20986028_front_a06_@2.png" srcset="https://assets.shop.loblaws.ca/products/20986028/b3/en/front/20986028_front_a06_@2.png 1x, https://assets.shop.loblaws.ca/products/20986028/b3/en/front/20986028_front_a06_@2.png 2x" loading="lazy" class="chakra-image css-oguq8l" aria-hidden="true"></div><div class="css-qoklea"><div class="css-12dchmx"></div><div data-testid="price-product-tile" class="css-8atqhb"><p class="chakra-text css-0"><span class="chakra-text css-o93gbd" data-testid="sale-price"><span class="css-idkz9h">$19.99</span>$19.99</span><span class="chakra-text css-623q5h" data-testid="was-price"><span class="css-idkz9h">$24.99</span>$24.99</span></p><p class="chakra-text css-1m5a6y8" data-testid="price-descriptor">SAVE $5.00</p></div><a href="/coffee-dark-roast/p/20986028_EA?source=nspt" class="chakra-linkbox__overlay css-1hnz6hu"><div class="css-0"><p class="chakra-text css-1ecdp9w" data-testid="product-brand">Tim Hortons</p><h3 class="chakra-heading css-6qrhwc" id="20986028_EA" data-testid="product-title">Coffee, Dark Roast</h3><p class="chakra-text css-1yftjin" data-testid="product-package-size">875 g, $2.28/100g</p></div></a><div class="css-8keand"></div></div><div class="css-1q5omjq"><div class="css-fcebb8"><div data-testid="atc-compact" class="css-y94ivq" style="width: 45px;"><button type="button" class="chakra-button css-mudsm6" data-testid="atc-button"><svg stroke="currentColor" fill="currentColor" stroke-width="0" viewBox="0 0 24 24" focusable="false" class="chakra-icon css-1g3sp7a" data-testid="btn-icon" aria-hidden="true" height="1em" width="1em" xmlns="http://www.w3.org/2000/svg"><path d="M19 13h-6v6h-2v-6H5v-2h6V5h2v6h6v2z"></path></svg><span class="css-idkz9h">Add Coffee, Dark Roast to cart</span></button></div></div></div></div></div></div><div class="css-0"><div class="css-f5i5wc"><div class="chakra-linkbox css-vhnn8v"><div data-testid="product-image" class="css-16dr4ly"><img alt="President's Choice PC® Gourmet Medium Roast Single Serve Coffee Pods 72 ea, $0.49/1ea" src="https://assets.shop.loblaws.ca/products/21406937/b3/en/front/21406937_front_a06_@2.png" srcset="https://assets.shop.loblaws.ca/products/21406937/b3/en/front/21406937_front_a06_@2.png 1x, https://assets.shop.loblaws.ca/products/21406937/b3/en/front/21406937_front_a06_@2.png 2x" loading="lazy" class="chakra-image css-oguq8l" aria-hidden="true"></div><div class="css-qoklea"><div class="css-12dchmx"></div><div data-testid="price-product-tile" class="css-8atqhb"><p class="chakra-text css-0"><span class="chakra-text css-pwnbcb" data-testid="regular-price"><span class="css-idkz9h">$34.99</span>$34.99</span></p></div><a href="/pc-gourmet-medium-roast-single-serve-coffee-pods/p/21406937_EA?source=nspt" class="chakra-linkbox__overlay css-1hnz6hu"><div class="css-0"><p class="chakra-text css-1ecdp9w" data-testid="product-brand">President's Choice</p><h3 class="chakra-heading css-6qrhwc" id="21406937_EA" data-testid="product-title">PC® Gourmet Medium Roast Single Serve Coffee Pods</h3><p class="chakra-text css-1yftjin" data-testid="product-package-size">72 ea, $0.49/1ea</p></div></a><div class="css-8keand"></div></div><div class="css-1q5omjq"><div class="css-fcebb8"><div data-testid="atc-compact" class="css-y94ivq" style="width: 45px;"><button disabled="" type="button" class="chakra-button css-mudsm6" data-testid="atc-button"><svg stroke="currentColor" fill="currentColor" stroke-width="0" viewBox="0 0 24 24" focusable="false" class="chakra-icon css-1g3sp7a" data-testid="btn-icon" aria-hidden="true" height="1em" width="1em" xmlns="http://www.w3.org/2000/svg"><path d="M19 13h-6v6h-2v-6H5v-2h6V5h2v6h6v2z"></path></svg><span class="css-idkz9h">Add PC® Gourmet Medium Roast Single Serve Coffee Pods to cart</span></button></div></div><div class="css-4saf4a"><p class="chakra-text css-py8788" data-testid="inventory-badge-text">Out of Stock</p></div></div></div></div></div><div class="css-0"><div class="css-f5i5wc"><div class="chakra-linkbox css-vhnn8v"><div data-testid="product-image" class="css-16dr4ly"><img alt="Excelsior Decaffeinated Coffee Espresso Ground 200 g, $2.25/100g" src="https://assets.shop.loblaws.ca/products/20031853/b3/en/front/20031853_front_a06_@2.png" srcset="https://assets.shop.loblaws.ca/products/20031853/b3/en/front/20031853_front_a06_@2.png 1x, https://assets.shop.loblaws.ca/products/20031853/b3/en/front/20031853_front_a06_@2.png 2x" loading="lazy" class="chakra-image css-oguq8l" aria-hidden="true"></div><div class="css-qoklea"><div class="css-12dchmx"></div><div data-testid="price-product-tile" class="css-8atqhb"><p class="chakra-text css-0"><span class="chakra-text css-pwnbcb" data-testid="regular-price"><span class="css-idkz9h">$4.49</span>$4.49</span></p></div><a href="/decaffeinated-coffee-espresso-ground/p/20031853_EA?source=nspt" class="chakra-linkbox__overlay css-1hnz6hu"><div class="css-0"><p class="chakra-text css-1ecdp9w" data-testid="product-brand">Excelsior</p><h3 class="chakra-heading css-6qrhwc" id="20031853_EA" data-testid="product-title">Decaffeinated Coffee Espresso Ground</h3><p class="chakra-text css-1yftjin" data-testid="product-package-size">200 g, $2.25/100g</p></div></a><div class="css-8keand"></div></div><div class="css-1q5omjq"><div class="css-fcebb8"><div data-testid="atc-compact" class="css-y94ivq" style="width: 45px;"><button type="button" class="chakra-button css-mudsm6" data-testid="atc-button"><svg stroke="currentColor" fill="currentColor" stroke-width="0" viewBox="0 0 24 24" focusable="false" class="chakra-icon css-1g3sp7a" data-testid="btn-icon" aria-hidden="true" height="1em" width="1em" xmlns="http://www.w3.org/2000/svg"><path d="M19 13h-6v6h-2v-6H5v-2h6V5h2v6h6v2z"></path></svg><span class="css-idkz9h">Add Decaffeinated Coffee Espresso Ground to cart</span></button></div></div></div></div></div></div><div class="css-0"><div class="css-f5i5wc"><div class="chakra-linkbox css-vhnn8v"><div data-testid="product-image" class="css-16dr4ly"><img alt="Nescafe Rich Original Coffee Capsules 477 g, $4.40/100g" src="https://assets.shop.loblaws.ca/products/21168528/b3/en/front/21168528_front_a06_@2.png" srcset="https://assets.shop.loblaws.ca/products/21168528/b3/en/front/21168528_front_a06_@2.png 1x, https://assets.shop.loblaws.ca/products/21168528/b3/en/front/21168528_front_a06_@2.png 2x" loading="lazy" class="chakra-image css-oguq8l" aria-hidden="true"></div><div class="css-qoklea"><div class="css-12dchmx"></div><div data-testid="price-product-tile" class="css-8atqhb"><p class="chakra-text css-0"><span class="chakra-text css-pwnbcb" data-testid="regular-price"><span class="css-idkz9h">$20.99</span>$20.99</span></p></div><a href="/rich-original-coffee-capsules/p/21168528_EA?source=nspt" class="chakra-linkbox__overlay css-1hnz6hu"><div class="css-0"><p class="chakra-text css-1ecdp9w" data-testid="product-brand">Nescafe</p><h3 class="chakra-heading css-6qrhwc" id="21168528_EA" data-testid="product-title">Rich Original Coffee Capsules</h3><p class="chakra-text css-1yftjin" data-testid="product-package-size">477 g, $4.40/100g</p></div></a><div class="css-8keand"></div></div><div class="css-1q5omjq"><div class="css-fcebb8"><div data-testid="atc-compact" class="css-y94ivq" style="width: 45px;"><button type="button" class="chakra-button css-mudsm6" data-testid="atc-button"><svg stroke="currentColor" fill="currentColor" stroke-width="0" viewBox="0 0 24 24" focusable="false" class="chakra-icon css-1g3sp7a" data-testid="btn-icon" aria-hidden="true" height="1em" width="1em" xmlns="http://www.w3.org/2000/svg"><path d="M19 13h-6v6h-2v-6H5v-2h6V5h2v6h6v2z"></path></svg><span class="css-idkz9h">Add Rich Original Coffee Capsules to cart</span></button></div></div></div></div></div></div><div class="css-0"><div class="css-f5i5wc"><div class="chakra-linkbox css-vhnn8v"><div data-testid="product-image" class="css-16dr4ly"><img alt="President's Choice Light Roast Instant Coffee 100 g, $5.99/100g" src="https://assets.shop.loblaws.ca/products/21501032/b3/en/front/21501032_front_a06_@2.png" srcset="https://assets.shop.loblaws.ca/products/21501032/b3/en/front/21501032_front_a06_@2.png 1x, https://assets.shop.loblaws.ca/products/21501032/b3/en/front/21501032_front_a06_@2.png 2x" loading="lazy" class="chakra-image css-oguq8l" aria-hidden="true"></div><div class="css-qoklea"><div class="css-12dchmx"></div><div data-testid="price-product-tile" class="css-8atqhb"><p class="chakra-text css-0"><span class="chakra-text css-pwnbcb" data-testid="regular-price"><span class="css-idkz9h">$5.99</span>$5.99</span></p></div><a href="/light-roast-instant-coffee/p/21501032_EA?source=nspt" class="chakra-linkbox__overlay css-1hnz6hu"><div class="css-0"><p class="chakra-text css-1ecdp9w" data-testid="product-brand">President's Choice</p><h3 class="chakra-heading css-6qrhwc" id="21501032_EA" data-testid="product-title">Light Roast Instant Coffee</h3><p class="chakra-text css-1yftjin" data-testid="product-package-size">100 g, $5.99/100g</p></div></a><div class="css-8keand"></div></div><div class="css-1q5omjq"><div class="css-fcebb8"><div data-testid="atc-compact" class="css-y94ivq" style="width: 45px;"><button type="button" class="chakra-button css-mudsm6" data-testid="atc-button"><svg stroke="currentColor" fill="currentColor" stroke-width="0" viewBox="0 0 24 24" focusable="false" class="chakra-icon css-1g3sp7a" data-testid="btn-icon" aria-hidden="true" height="1em" width="1em" xmlns="http://www.w3.org/2000/svg"><path d="M19 13h-6v6h-2v-6H5v-2h6V5h2v6h6v2z"></path></svg><span class="css-idkz9h">Add Light Roast Instant Coffee to cart</span></button></div></div></div></div></div></div><div class="css-0"><div class="css-f5i5wc"><div class="chakra-linkbox css-vhnn8v"><div data-testid="product-image" class="css-16dr4ly"><img alt="Tim Hortons Ground Coffee Bright Espresso 10 ea, $0.65/1ea" src="https://assets.shop.loblaws.ca/products/21498998/b3/en/front/21498998_front_a06_@2.png" srcset="https://assets.shop.loblaws.ca/products/21498998/b3/en/front/21498998_front_a06_@2.png 1x, https://assets.shop.loblaws.ca/products/21498998/b3/en/front/21498998_front_a06_@2.png 2x" loading="lazy" class="chakra-image css-oguq8l" aria-hidden="true"></div><div class="css-qoklea"><div class="css-12dchmx"></div><div data-testid="price-product-tile" class="css-8atqhb"><p class="chakra-text css-0"><span class="chakra-text css-o93gbd" data-testid="sale-price"><span class="css-idkz9h">$6.49</span>$6.49</span><span class="chakra-text css-623q5h" data-testid="was-price"><span class="css-idkz9h">$7.99</span>$7.99</span></p><p class="chakra-text css-1m5a6y8" data-testid="price-descriptor">SAVE $1.50</p></div><a href="/ground-coffee-bright-espresso/p/21498998_EA?source=nspt" class="chakra-linkbox__overlay css-1hnz6hu"><div class="css-0"><p class="chakra-text css-1ecdp9w" data-testid="product-brand">Tim Hortons</p><h3 class="chakra-heading css-6qrhwc" id="21498998_EA" data-testid="product-title">Ground Coffee Bright Espresso</h3><p class="chakra-text css-1yftjin" data-testid="product-package-size">10 ea, $0.65/1ea</p></div></a><div class="css-8keand"></div></div><div class="css-1q5omjq"><div class="css-fcebb8"><div data-testid="atc-compact" class="css-y94ivq" style="width: 45px;"><button type="button" class="chakra-button css-mudsm6" data-testid="atc-button"><svg stroke="currentColor" fill="currentColor" stroke-width="0" viewBox="0 0 24 24" focusable="false" class="chakra-icon css-1g3sp7a" data-testid="btn-icon" aria-hidden="true" height="1em" width="1em" xmlns="http://www.w3.org/2000/svg"><path d="M19 13h-6v6h-2v-6H5v-2h6V5h2v6h6v2z"></path></svg><span class="css-idkz9h">Add Ground Coffee Bright Espresso to cart</span></button></div></div></div></div></div></div><div class="css-0"><div class="css-f5i5wc"><div class="chakra-linkbox css-vhnn8v"><div data-testid="product-image" class="css-16dr4ly"><img alt="McCafe Premium Medium Dark Roast, Decaf, Ground Coffee 340 g, $4.11/100g" src="https://assets.shop.loblaws.ca/products/21238498/b3/en/front/21238498_front_a06_@2.png" srcset="https://assets.shop.loblaws.ca/products/21238498/b3/en/front/21238498_front_a06_@2.png 1x, https://assets.shop.loblaws.ca/products/21238498/b3/en/front/21238498_front_a06_@2.png 2x" loading="lazy" class="chakra-image css-oguq8l" aria-hidden="true"></div><div class="css-qoklea"><div class="css-12dchmx"></div><div data-testid="price-product-tile" class="css-8atqhb"><p class="chakra-text css-0"><span class="chakra-text css-pwnbcb" data-testid="regular-price"><span class="css-idkz9h">$13.99</span>$13.99</span></p></div><a href="/premium-medium-dark-roast-decaf-ground-coffee/p/21238498_EA?source=nspt" class="chakra-linkbox__overlay css-1hnz6hu"><div class="css-0"><p class="chakra-text css-1ecdp9w" data-testid="product-brand">McCafe</p><h3 class="chakra-heading css-6qrhwc" id="21238498_EA" data-testid="product-title">Premium Medium Dark Roast, Decaf, Ground Coffee</h3><p class="chakra-text css-1yftjin" data-testid="product-package-size">340 g, $4.11/100g</p></div></a><div class="css-8keand"></div></div><div class="css-1q5omjq"><div class="css-fcebb8"><div data-testid="atc-compact" class="css-y94ivq" style="width: 45px;"><button type="button" class="chakra-button css-mudsm6" data-testid="atc-button"><svg stroke="currentColor" fill="currentColor" stroke-width="0" viewBox="0 0 24 24" focusable="false" class="chakra-icon css-1g3sp7a" data-testid="btn-icon" aria-hidden="true" height="1em" width="1em" xmlns="http://www.w3.org/2000/svg"><path d="M19 13h-6v6h-2v-6H5v-2h6V5h2v6h6v2z"></path></svg><span class="css-idkz9h">Add Premium Medium Dark Roast, Decaf, Ground Coffee to cart</span></button></div></div></div></div></div></div><div class="css-0"><div class="css-f5i5wc"><div class="chakra-linkbox css-vhnn8v"><div data-testid="product-image" class="css-16dr4ly"><img alt="Krispy Kreme Doughnuts Value Pack Light Roast Coffee 30 K-Cup Pods 30 ea, $0.53/1ea" src="https://assets.shop.loblaws.ca/products/21007380/b3/en/front/21007380_front_a06_@2.png" srcset="https://assets.shop.loblaws.ca/products/21007380/b3/en/front/21007380_front_a06_@2.png 1x, https://assets.shop.loblaws.ca/products/21007380/b3/en/front/21007380_front_a06_@2.png 2x" loading="lazy" class="chakra-image css-oguq8l" aria-hidden="true"></div><div class="css-qoklea"><div class="css-12dchmx"></div><div data-testid="price-product-tile" class="css-8atqhb"><p class="chakra-text css-0"><span class="chakra-text css-o93gbd" data-testid="sale-price"><span class="css-idkz9h">$15.99</span>$15.99</span><span class="chakra-text css-623q5h" data-testid="was-price"><span class="css-idkz9h">$18.99</span>$18.99</span></p><p class="chakra-text css-1m5a6y8" data-testid="price-descriptor">SAVE $3.00</p></div><a href="/doughnuts-value-pack-light-roast-coffee-30-k-cup-p/p/21007380_EA?source=nspt" class="chakra-linkbox__overlay css-1hnz6hu"><div class="css-0"><p class="chakra-text css-1ecdp9w" data-testid="product-brand">Krispy Kreme</p><h3 class="chakra-heading css-6qrhwc" id="21007380_EA" data-testid="product-title">Doughnuts Value Pack Light Roast Coffee 30 K-Cup Pods</h3><p class="chakra-text css-1yftjin" data-testid="product-package-size">30 ea, $0.53/1ea</p></div></a><div class="css-8keand"></div></div><div class="css-1q5omjq"><div class="css-fcebb8"><div data-testid="atc-compact" class="css-y94ivq" style="width: 45px;"><button type="button" class="chakra-button css-mudsm6" data-testid="atc-button"><svg stroke="currentColor" fill="currentColor" stroke-width="0" viewBox="0 0 24 24" focusable="false" class="chakra-icon css-1g3sp7a" data-testid="btn-icon" aria-hidden="true" height="1em" width="1em" xmlns="http://www.w3.org/2000/svg"><path d="M19 13h-6v6h-2v-6H5v-2h6V5h2v6h6v2z"></path></svg><span class="css-idkz9h">Add Doughnuts Value Pack Light Roast Coffee 30 K-Cup Pods to cart</span></button></div></div></div></div></div></div><div class="css-0"><div class="css-f5i5wc"><div class="chakra-linkbox css-vhnn8v"><div data-testid="product-image" class="css-16dr4ly"><img alt="President's Choice Dark Roast Instant &amp; Microground Coffee 100 g, $5.99/100g" src="https://assets.shop.loblaws.ca/products/21501027/b3/en/front/21501027_front_a06_@2.png" srcset="https://assets.shop.loblaws.ca/products/21501027/b3/en/front/21501027_front_a06_@2.png 1x, https://assets.shop.loblaws.ca/products/21501027/b3/en/front/21501027_front_a06_@2.png 2x" loading="lazy" class="chakra-image css-oguq8l" aria-hidden="true"></div><div class="css-qoklea"><div class="css-12dchmx"></div><div data-testid="price-product-tile" class="css-8atqhb"><p class="chakra-text css-0"><span class="chakra-text css-pwnbcb" data-testid="regular-price"><span class="css-idkz9h">$5.99</span>$5.99</span></p></div><a href="/dark-roast-instant-microground-coffee/p/21501027_EA?source=nspt" class="chakra-linkbox__overlay css-1hnz6hu"><div class="css-0"><p class="chakra-text css-1ecdp9w" data-testid="product-brand">President's Choice</p><h3 class="chakra-heading css-6qrhwc" id="21501027_EA" data-testid="product-title">Dark Roast Instant &amp; Microground Coffee</h3><p class="chakra-text css-1yftjin" data-testid="product-package-size">100 g, $5.99/100g</p></div></a><div class="css-8keand"></div></div><div class="css-1q5omjq"><div class="css-fcebb8"><div data-testid="atc-compact" class="css-y94ivq" style="width: 45px;"><button type="button" class="chakra-button css-mudsm6" data-testid="atc-button"><svg stroke="currentColor" fill="currentColor" stroke-width="0" viewBox="0 0 24 24" focusable="false" class="chakra-icon css-1g3sp7a" data-testid="btn-icon" aria-hidden="true" height="1em" width="1em" xmlns="http://www.w3.org/2000/svg"><path d="M19 13h-6v6h-2v-6H5v-2h6V5h2v6h6v2z"></path></svg><span class="css-idkz9h">Add Dark Roast Instant &amp; Microground Coffee to cart</span></button></div></div></div></div></div></div><div class="css-0"><div class="css-f5i5wc"><div class="chakra-linkbox css-vhnn8v"><div data-testid="product-image" class="css-16dr4ly"><img alt="No Name Instant Coffee 150 g, $3.33/100g" src="https://assets.shop.loblaws.ca/products/21180125/b3/en/front/21180125_front_a06_@2.png" srcset="https://assets.shop.loblaws.ca/products/21180125/b3/en/front/21180125_front_a06_@2.png 1x, https://assets.shop.loblaws.ca/products/21180125/b3/en/front/21180125_front_a06_@2.png 2x" loading="lazy" class="chakra-image css-oguq8l" aria-hidden="true"></div><div class="css-qoklea"><div class="css-12dchmx"></div><div data-testid="price-product-tile" class="css-8atqhb"><p class="chakra-text css-0"><span class="chakra-text css-pwnbcb" data-testid="regular-price"><span class="css-idkz9h">$4.99</span>$4.99</span></p></div><a href="/instant-coffee/p/21180125_EA?source=nspt" class="chakra-linkbox__overlay css-1hnz6hu"><div class="css-0"><p class="chakra-text css-1ecdp9w" data-testid="product-brand">No Name</p><h3 class="chakra-heading css-6qrhwc" id="21180125_EA" data-testid="product-title">Instant Coffee</h3><p class="chakra-text css-1yftjin" data-testid="product-package-size">150 g, $3.33/100g</p></div></a><div class="css-8keand"></div></div><div class="css-1q5omjq"><div class="css-fcebb8"><div data-testid="atc-compact" class="css-y94ivq" style="width: 45px;"><button type="button" class="chakra-button css-mudsm6" data-testid="atc-button"><svg stroke="currentColor" fill="currentColor" stroke-width="0" viewBox="0 0 24 24" focusable="false" class="chakra-icon css-1g3sp7a" data-testid="btn-icon" aria-hidden="true" height="1em" width="1em" xmlns="http://www.w3.org/2000/svg"><path d="M19 13h-6v6h-2v-6H5v-2h6V5h2v6h6v2z"></path></svg><span class="css-idkz9h">Add Instant Coffee to cart</span></button></div></div></div></div></div></div><div class="css-0"><div class="css-f5i5wc"><div class="chakra-linkbox css-vhnn8v"><div data-testid="product-image" class="css-16dr4ly"><img alt="Folgers Classic Roast K-Cup Coffee Pods 12 Count 12 ea, $0.87/1ea" src="https://assets.shop.loblaws.ca/products/20416619005/b3/en/front/20416619005_front_a06_@2.png" srcset="https://assets.shop.loblaws.ca/products/20416619005/b3/en/front/20416619005_front_a06_@2.png 1x, https://assets.shop.loblaws.ca/products/20416619005/b3/en/front/20416619005_front_a06_@2.png 2x" loading="lazy" class="chakra-image css-oguq8l" aria-hidden="true"></div><div class="css-qoklea"><div class="css-12dchmx"></div><div data-testid="price-product-tile" class="css-8atqhb"><p class="chakra-text css-0"><span class="chakra-text css-pwnbcb" data-testid="regular-price"><span class="css-idkz9h">$10.49</span>$10.49</span></p></div><a href="/classic-roast-k-cup-coffee-pods-12-count/p/20416619005_EA?source=nspt" class="chakra-linkbox__overlay css-1hnz6hu"><div class="css-0"><p class="chakra-text css-1ecdp9w" data-testid="product-brand">Folgers</p><h3 class="chakra-heading css-6qrhwc" id="20416619005_EA" data-testid="product-title">Classic Roast K-Cup Coffee Pods 12 Count</h3><p class="chakra-text css-1yftjin" data-testid="product-package-size">12 ea, $0.87/1ea</p></div></a><div class="css-8keand"></div></div><div class="css-1q5omjq"><div class="css-fcebb8"><div data-testid="atc-compact" class="css-y94ivq" style="width: 45px;"><button type="button" class="chakra-button css-mudsm6" data-testid="atc-button"><svg stroke="currentColor" fill="currentColor" stroke-width="0" viewBox="0 0 24 24" focusable="false" class="chakra-icon css-1g3sp7a" data-testid="btn-icon" aria-hidden="true" height="1em" width="1em" xmlns="http://www.w3.org/2000/svg"><path d="M19 13h-6v6h-2v-6H5v-2h6V5h2v6h6v2z"></path></svg><span class="css-idkz9h">Add Classic Roast K-Cup Coffee Pods 12 Count to cart</span></button></div></div></div></div></div></div><div class="css-0"><div class="css-f5i5wc"><div class="chakra-linkbox css-vhnn8v"><div data-testid="product-image" class="css-16dr4ly"><img alt="President's Choice Gourmet Medium Roast Single Serve Coffee Pods 30 ea, $0.57/1ea" src="https://assets.shop.loblaws.ca/products/21033681/b3/en/front/21033681_front_a06_@2.png" srcset="https://assets.shop.loblaws.ca/products/21033681/b3/en/front/21033681_front_a06_@2.png 1x, https://assets.shop.loblaws.ca/products/21033681/b3/en/front/21033681_front_a06_@2.png 2x" loading="lazy" class="chakra-image css-oguq8l" aria-hidden="true"></div><div class="css-qoklea"><div class="css-12dchmx"></div><div data-testid="price-product-tile" class="css-8atqhb"><p class="chakra-text css-0"><span class="chakra-text css-pwnbcb" data-testid="regular-price"><span class="css-idkz9h">$16.99</span>$16.99</span></p></div><a href="/gourmet-medium-roast-single-serve-coffee-pods/p/21033681_EA?source=nspt" class="chakra-linkbox__overlay css-1hnz6hu"><div class="css-0"><p class="chakra-text css-1ecdp9w" data-testid="product-brand">President's Choice</p><h3 class="chakra-heading css-6qrhwc" id="21033681_EA" data-testid="product-title">Gourmet Medium Roast Single Serve Coffee Pods</h3><p class="chakra-text css-1yftjin" data-testid="product-package-size">30 ea, $0.57/1ea</p></div></a><div class="css-8keand"></div></div><div class="css-1q5omjq"><div class="css-fcebb8"><div data-testid="atc-compact" class="css-y94ivq" style="width: 45px;"><button type="button" class="chakra-button css-mudsm6" data-testid="atc-button"><svg stroke="currentColor" fill="currentColor" stroke-width="0" viewBox="0 0 24 24" focusable="false" class="chakra-icon css-1g3sp7a" data-testid="btn-icon" aria-hidden="true" height="1em" width="1em" xmlns="http://www.w3.org/2000/svg"><path d="M19 13h-6v6h-2v-6H5v-2h6V5h2v6h6v2z"></path></svg><span class="css-idkz9h">Add Gourmet Medium Roast Single Serve Coffee Pods to cart</span></button></div></div></div></div></div></div><div class="css-0"><div class="css-f5i5wc"><div class="chakra-linkbox css-vhnn8v"><div data-testid="product-image" class="css-16dr4ly"><img alt="Maxwell House Original Roast Coffee 100% Compostable K Cup Coffee Pods 285 g, $4.91/100g" src="https://assets.shop.loblaws.ca/products/21308076/b3/en/front/21308076_front_a06_@2.png" srcset="https://assets.shop.loblaws.ca/products/21308076/b3/en/front/21308076_front_a06_@2.png 1x, https://assets.shop.loblaws.ca/products/21308076/b3/en/front/21308076_front_a06_@2.png 2x" loading="lazy" class="chakra-image css-oguq8l" aria-hidden="true"></div><div class="css-qoklea"><div class="css-12dchmx"></div><div data-testid="price-product-tile" class="css-8atqhb"><p class="chakra-text css-0"><span class="chakra-text css-o93gbd" data-testid="sale-price"><span class="css-idkz9h">$13.99</span>$13.99</span><span class="chakra-text css-623q5h" data-testid="was-price"><span class="css-idkz9h">$16.99</span>$16.99</span></p><p class="chakra-text css-1m5a6y8" data-testid="price-descriptor">SAVE $3.00</p></div><a href="/original-roast-coffee-100-compostable-k-cup-coffee/p/21308076_EA?source=nspt" class="chakra-linkbox__overlay css-1hnz6hu"><div class="css-0"><p class="chakra-text css-1ecdp9w" data-testid="product-brand">Maxwell House</p><h3 class="chakra-heading css-6qrhwc" id="21308076_EA" data-testid="product-title">Original Roast Coffee 100% Compostable K Cup Coffee Pods</h3><p class="chakra-text css-1yftjin" data-testid="product-package-size">285 g, $4.91/100g</p></div></a><div class="css-8keand"></div></div><div class="css-1q5omjq"><div class="css-fcebb8"><div data-testid="atc-compact" class="css-y94ivq" style="width: 45px;"><button type="button" class="chakra-button css-mudsm6" data-testid="atc-button"><svg stroke="currentColor" fill="currentColor" stroke-width="0" viewBox="0 0 24 24" focusable="false" class="chakra-icon css-1g3sp7a" data-testid="btn-icon" aria-hidden="true" height="1em" width="1em" xmlns="http://www.w3.org/2000/svg"><path d="M19 13h-6v6h-2v-6H5v-2h6V5h2v6h6v2z"></path></svg><span class="css-idkz9h">Add Original Roast Coffee 100% Compostable K Cup Coffee Pods to cart</span></button></div></div></div></div></div></div><div class="css-0"><div class="css-f5i5wc"><div class="chakra-linkbox css-vhnn8v"><div data-testid="product-image" class="css-16dr4ly"><img alt="Tassimo Nabob Café Crema Coffee Single Serve T-Discs 14 ea, $6.35/100g" src="https://assets.shop.loblaws.ca/products/20306771/b3/en/front/20306771_front_a06_@2.png" srcset="https://assets.shop.loblaws.ca/products/20306771/b3/en/front/20306771_front_a06_@2.png 1x, https://assets.shop.loblaws.ca/products/20306771/b3/en/front/20306771_front_a06_@2.png 2x" loading="lazy" class="chakra-image css-oguq8l" aria-hidden="true"></div><div class="css-qoklea"><div class="css-12dchmx"></div><div data-testid="price-product-tile" class="css-8atqhb"><p class="chakra-text css-0"><span class="chakra-text css-o93gbd" data-testid="sale-price"><span class="css-idkz9h">$6.99</span>$6.99</span><span class="chakra-text css-623q5h" data-testid="was-price"><span class="css-idkz9h">$7.99</span>$7.99</span></p><p class="chakra-text css-1m5a6y8" data-testid="price-descriptor">SAVE $1.00</p></div><a href="/nabob-caf-crema-coffee-single-serve-t-discs/p/20306771_EA?source=nspt" class="chakra-linkbox__overlay css-1hnz6hu"><div class="css-0"><p class="chakra-text css-1ecdp9w" data-testid="product-brand">Tassimo</p><h3 class="chakra-heading css-6qrhwc" id="20306771_EA" data-testid="product-title">Nabob Café Crema Coffee Single Serve T-Discs</h3><p class="chakra-text css-1yftjin" data-testid="product-package-size">14 ea, $6.35/100g</p></div></a><div class="css-8keand"></div></div><div class="css-1q5omjq"><div class="css-fcebb8"><div data-testid="atc-compact" class="css-y94ivq" style="width: 45px;"><button type="button" class="chakra-button css-mudsm6" data-testid="atc-button"><svg stroke="currentColor" fill="currentColor" stroke-width="0" viewBox="0 0 24 24" focusable="false" class="chakra-icon css-1g3sp7a" data-testid="btn-icon" aria-hidden="true" height="1em" width="1em" xmlns="http://www.w3.org/2000/svg"><path d="M19 13h-6v6h-2v-6H5v-2h6V5h2v6h6v2z"></path></svg><span class="css-idkz9h">Add Nabob Café Crema Coffee Single Serve T-Discs to cart</span></button></div></div></div></div></div></div><div class="css-0"><div class="css-f5i5wc"><div class="chakra-linkbox css-vhnn8v"><div data-testid="product-image" class="css-16dr4ly"><img alt="Maxwell House Pure Ground Coffee Breakfast Blend 900 g, $1.22/100g" src="https://assets.shop.loblaws.ca/products/21479230/b3/en/front/21479230_front_a06_@2.png" srcset="https://assets.shop.loblaws.ca/products/21479230/b3/en/front/21479230_front_a06_@2.png 1x, https://assets.shop.loblaws.ca/products/21479230/b3/en/front/21479230_front_a06_@2.png 2x" loading="lazy" class="chakra-image css-oguq8l" aria-hidden="true"></div><div class="css-qoklea"><div class="css-12dchmx"></div><div data-testid="price-product-tile" class="css-8atqhb"><p class="chakra-text css-0"><span class="chakra-text css-pwnbcb" data-testid="regular-price"><span class="css-idkz9h">$10.99</span>$10.99</span></p></div><a href="/pure-ground-coffee-breakfast-blend/p/21479230_EA?source=nspt" class="chakra-linkbox__overlay css-1hnz6hu"><div class="css-0"><p class="chakra-text css-1ecdp9w" data-testid="product-brand">Maxwell House</p><h3 class="chakra-heading css-6qrhwc" id="21479230_EA" data-testid="product-title">Pure Ground Coffee Breakfast Blend</h3><p class="chakra-text css-1yftjin" data-testid="product-package-size">900 g, $1.22/100g</p></div></a><div class="css-8keand"></div></div><div class="css-1q5omjq"><div class="css-fcebb8"><div data-testid="atc-compact" class="css-y94ivq" style="width: 45px;"><button type="button" class="chakra-button css-mudsm6" data-testid="atc-button"><svg stroke="currentColor" fill="currentColor" stroke-width="0" viewBox="0 0 24 24" focusable="false" class="chakra-icon css-1g3sp7a" data-testid="btn-icon" aria-hidden="true" height="1em" width="1em" xmlns="http://www.w3.org/2000/svg"><path d="M19 13h-6v6h-2v-6H5v-2h6V5h2v6h6v2z"></path></svg><span class="css-idkz9h">Add Pure Ground Coffee Breakfast Blend to cart</span></button></div></div></div></div></div></div><div class="css-0"><div class="css-f5i5wc"><div class="chakra-linkbox css-vhnn8v"><div data-testid="product-image" class="css-16dr4ly"><img alt="Starbucks True North Blend Blonde Roast Ground Coffee K-Cup Pods 24 ea, $0.96/1ea" src="https://assets.shop.loblaws.ca/products/21013199/b3/en/front/21013199_front_a06_@2.png" srcset="https://assets.shop.loblaws.ca/products/21013199/b3/en/front/21013199_front_a06_@2.png 1x, https://assets.shop.loblaws.ca/products/21013199/b3/en/front/21013199_front_a06_@2.png 2x" loading="lazy" class="chakra-image css-oguq8l" aria-hidden="true"></div><div class="css-qoklea"><div class="css-12dchmx"></div><div data-testid="price-product-tile" class="css-8atqhb"><p class="chakra-text css-0"><span class="chakra-text css-pwnbcb" data-testid="regular-price"><span class="css-idkz9h">$22.99</span>$22.99</span></p></div><a href="/true-north-blend-blonde-roast-ground-coffee-k-cup/p/21013199_EA?source=nspt" class="chakra-linkbox__overlay css-1hnz6hu"><div class="css-0"><p class="chakra-text css-1ecdp9w" data-testid="product-brand">Starbucks</p><h3 class="chakra-heading css-6qrhwc" id="21013199_EA" data-testid="product-title">True North Blend Blonde Roast Ground Coffee K-Cup Pods</h3><p class="chakra-text css-1yftjin" data-testid="product-package-size">24 ea, $0.96/1ea</p></div></a><div class="css-8keand"></div></div><div class="css-1q5omjq"><div class="css-fcebb8"><div data-testid="atc-compact" class="css-y94ivq" style="width: 45px;"><button type="button" class="chakra-button css-mudsm6" data-testid="atc-button"><svg stroke="currentColor" fill="currentColor" stroke-width="0" viewBox="0 0 24 24" focusable="false" class="chakra-icon css-1g3sp7a" data-testid="btn-icon" aria-hidden="true" height="1em" width="1em" xmlns="http://www.w3.org/2000/svg"><path d="M19 13h-6v6h-2v-6H5v-2h6V5h2v6h6v2z"></path></svg><span class="css-idkz9h">Add True North Blend Blonde Roast Ground Coffee K-Cup Pods to cart</span></button></div></div></div></div></div></div><div class="css-0"><div class="css-f5i5wc"><div class="chakra-linkbox css-vhnn8v"><div data-testid="product-image" class="css-16dr4ly"><img alt="Al Rifai Premium Ground Brazilian Coffee 450 g, $1.78/100g" src="https://assets.shop.loblaws.ca/products/20830271/b3/en/front/20830271_front_a06_@2.png" srcset="https://assets.shop.loblaws.ca/products/20830271/b3/en/front/20830271_front_a06_@2.png 1x, https://assets.shop.loblaws.ca/products/20830271/b3/en/front/20830271_front_a06_@2.png 2x" loading="lazy" class="chakra-image css-oguq8l" aria-hidden="true"></div><div class="css-qoklea"><div class="css-12dchmx"></div><div data-testid="price-product-tile" class="css-8atqhb"><p class="chakra-text css-0"><span class="chakra-text css-pwnbcb" data-testid="regular-price"><span class="css-idkz9h">$7.99</span>$7.99</span></p></div><a href="/premium-ground-brazilian-coffee/p/20830271_EA?source=nspt" class="chakra-linkbox__overlay css-1hnz6hu"><div class="css-0"><p class="chakra-text css-1ecdp9w" data-testid="product-brand">Al Rifai</p><h3 class="chakra-heading css-6qrhwc" id="20830271_EA" data-testid="product-title">Premium Ground Brazilian Coffee</h3><p class="chakra-text css-1yftjin" data-testid="product-package-size">450 g, $1.78/100g</p></div></a><div class="css-8keand"></div></div><div class="css-1q5omjq"><div class="css-fcebb8"><div data-testid="atc-compact" class="css-y94ivq" style="width: 45px;"><button type="button" class="chakra-button css-mudsm6" data-testid="atc-button"><svg stroke="currentColor" fill="currentColor" stroke-width="0" viewBox="0 0 24 24" focusable="false" class="chakra-icon css-1g3sp7a" data-testid="btn-icon" aria-hidden="true" height="1em" width="1em" xmlns="http://www.w3.org/2000/svg"><path d="M19 13h-6v6h-2v-6H5v-2h6V5h2v6h6v2z"></path></svg><span class="css-idkz9h">Add Premium Ground Brazilian Coffee to cart</span></button></div></div></div></div></div></div><div class="css-0"><div class="css-f5i5wc"><div class="chakra-linkbox css-vhnn8v"><div data-testid="product-image" class="css-16dr4ly"><img alt="Starbucks Cold Brew Coffee Concentrate, Signature Black 946 ml, $1.06/100ml" src="https://assets.shop.loblaws.ca/products/21295438/b3/en/front/21295438_front_a06_@2.png" srcset="https://assets.shop.loblaws.ca/products/21295438/b3/en/front/21295438_front_a06_@2.png 1x, https://assets.shop.loblaws.ca/products/21295438/b3/en/front/21295438_front_a06_@2.png 2x" loading="lazy" class="chakra-image css-oguq8l" aria-hidden="true"></div><div class="css-qoklea"><div class="css-12dchmx"></div><div data-testid="price-product-tile" class="css-8atqhb"><p class="chakra-text css-0"><span class="chakra-text css-pwnbcb" data-testid="regular-price"><span class="css-idkz9h">$9.99</span>$9.99</span></p></div><a href="/cold-brew-coffee-concentrate-signature-black/p/21295438_EA?source=nspt" class="chakra-linkbox__overlay css-1hnz6hu"><div class="css-0"><p class="chakra-text css-1ecdp9w" data-testid="product-brand">Starbucks</p><h3 class="chakra-heading css-6qrhwc" id="21295438_EA" data-testid="product-title">Cold Brew Coffee Concentrate, Signature Black</h3><p class="chakra-text css-1yftjin" data-testid="product-package-size">946 ml, $1.06/100ml</p></div></a><div class="css-8keand"></div></div><div class="css-1q5omjq"><div class="css-fcebb8"><div data-testid="atc-compact" class="css-y94ivq" style="width: 45px;"><button type="button" class="chakra-button css-mudsm6" data-testid="atc-button"><svg stroke="currentColor" fill="currentColor" stroke-width="0" viewBox="0 0 24 24" focusable="false" class="chakra-icon css-1g3sp7a" data-testid="btn-icon" aria-hidden="true" height="1em" width="1em" xmlns="http://www.w3.org/2000/svg"><path d="M19 13h-6v6h-2v-6H5v-2h6V5h2v6h6v2z"></path></svg><span class="css-idkz9h">Add Cold Brew Coffee Concentrate, Signature Black to cart</span></button></div></div><div class="css-4saf4a"><p class="chakra-text css-py8788" data-testid="inventory-badge-text">Low Stock</p></div></div></div></div></div><div class="css-0"><div class="css-f5i5wc"><div class="chakra-linkbox css-vhnn8v"><div data-testid="product-image" class="css-16dr4ly"><img alt="Tassimo Nabob 100% Colombian Coffee Single Serve T-Discs 14 ea, $6.35/100g" src="https://assets.shop.loblaws.ca/products/20317830/b3/en/front/20317830_front_a06_@2.png" srcset="https://assets.shop.loblaws.ca/products/20317830/b3/en/front/20317830_front_a06_@2.png 1x, https://assets.shop.loblaws.ca/products/20317830/b3/en/front/20317830_front_a06_@2.png 2x" loading="lazy" class="chakra-image css-oguq8l" aria-hidden="true"></div><div class="css-qoklea"><div class="css-12dchmx"></div><div data-testid="price-product-tile" class="css-8atqhb"><p class="chakra-text css-0"><span class="chakra-text css-o93gbd" data-testid="sale-price"><span class="css-idkz9h">$6.99</span>$6.99</span><span class="chakra-text css-623q5h" data-testid="was-price"><span class="css-idkz9h">$7.99</span>$7.99</span></p><p class="chakra-text css-1m5a6y8" data-testid="price-descriptor">SAVE $1.00</p></div><a href="/nabob-100-colombian-coffee-single-serve-t-discs/p/20317830_EA?source=nspt" class="chakra-linkbox__overlay css-1hnz6hu"><div class="css-0"><p class="chakra-text css-1ecdp9w" data-testid="product-brand">Tassimo</p><h3 class="chakra-heading css-6qrhwc" id="20317830_EA" data-testid="product-title">Nabob 100% Colombian Coffee Single Serve T-Discs</h3><p class="chakra-text css-1yftjin" data-testid="product-package-size">14 ea, $6.35/100g</p></div></a><div class="css-8keand"></div></div><div class="css-1q5omjq"><div class="css-fcebb8"><div data-testid="atc-compact" class="css-y94ivq" style="width: 45px;"><button type="button" class="chakra-button css-mudsm6" data-testid="atc-button"><svg stroke="currentColor" fill="currentColor" stroke-width="0" viewBox="0 0 24 24" focusable="false" class="chakra-icon css-1g3sp7a" data-testid="btn-icon" aria-hidden="true" height="1em" width="1em" xmlns="http://www.w3.org/2000/svg"><path d="M19 13h-6v6h-2v-6H5v-2h6V5h2v6h6v2z"></path></svg><span class="css-idkz9h">Add Nabob 100% Colombian Coffee Single Serve T-Discs to cart</span></button></div></div></div></div></div></div><div class="css-0"><div class="css-f5i5wc"><div class="chakra-linkbox css-vhnn8v"><div data-testid="product-image" class="css-16dr4ly"><img alt="Tim Hortons Fine Grain Coffee, Decaffeinated 300 g, $3.50/100g" src="https://assets.shop.loblaws.ca/products/20902304/b3/en/front/20902304_front_a06_@2.png" srcset="https://assets.shop.loblaws.ca/products/20902304/b3/en/front/20902304_front_a06_@2.png 1x, https://assets.shop.loblaws.ca/products/20902304/b3/en/front/20902304_front_a06_@2.png 2x" loading="lazy" class="chakra-image css-oguq8l" aria-hidden="true"></div><div class="css-qoklea"><div class="css-12dchmx"></div><div data-testid="price-product-tile" class="css-8atqhb"><p class="chakra-text css-0"><span class="chakra-text css-pwnbcb" data-testid="regular-price"><span class="css-idkz9h">$10.49</span>$10.49</span></p></div><a href="/fine-grain-coffee-decaffeinated/p/20902304_EA?source=nspt" class="chakra-linkbox__overlay css-1hnz6hu"><div class="css-0"><p class="chakra-text css-1ecdp9w" data-testid="product-brand">Tim Hortons</p><h3 class="chakra-heading css-6qrhwc" id="20902304_EA" data-testid="product-title">Fine Grain Coffee, Decaffeinated</h3><p class="chakra-text css-1yftjin" data-testid="product-package-size">300 g, $3.50/100g</p></div></a><div class="css-8keand"></div></div><div class="css-1q5omjq"><div class="css-fcebb8"><div data-testid="atc-compact" class="css-y94ivq" style="width: 45px;"><button type="button" class="chakra-button css-mudsm6" data-testid="atc-button"><svg stroke="currentColor" fill="currentColor" stroke-width="0" viewBox="0 0 24 24" focusable="false" class="chakra-icon css-1g3sp7a" data-testid="btn-icon" aria-hidden="true" height="1em" width="1em" xmlns="http://www.w3.org/2000/svg"><path d="M19 13h-6v6h-2v-6H5v-2h6V5h2v6h6v2z"></path></svg><span class="css-idkz9h">Add Fine Grain Coffee, Decaffeinated to cart</span></button></div></div></div></div></div></div><div class="css-0"><div class="css-f5i5wc"><div class="chakra-linkbox css-vhnn8v"><div data-testid="product-image" class="css-16dr4ly"><img alt="Nescafe Origins Colombia Coffee 95 g, $8.94/100g" src="https://assets.shop.loblaws.ca/products/21237266/b3/en/front/21237266_front_a06_@2.png" srcset="https://assets.shop.loblaws.ca/products/21237266/b3/en/front/21237266_front_a06_@2.png 1x, https://assets.shop.loblaws.ca/products/21237266/b3/en/front/21237266_front_a06_@2.png 2x" loading="lazy" class="chakra-image css-oguq8l" aria-hidden="true"></div><div class="css-qoklea"><div class="css-12dchmx"></div><div data-testid="price-product-tile" class="css-8atqhb"><p class="chakra-text css-0"><span class="chakra-text css-pwnbcb" data-testid="regular-price"><span class="css-idkz9h">$8.49</span>$8.49</span></p></div><a href="/origins-colombia-coffee/p/21237266_EA?source=nspt" class="chakra-linkbox__overlay css-1hnz6hu"><div class="css-0"><p class="chakra-text css-1ecdp9w" data-testid="product-brand">Nescafe</p><h3 class="chakra-heading css-6qrhwc" id="21237266_EA" data-testid="product-title">Origins Colombia Coffee</h3><p class="chakra-text css-1yftjin" data-testid="product-package-size">95 g, $8.94/100g</p></div></a><div class="css-8keand"></div></div><div class="css-1q5omjq"><div class="css-fcebb8"><div data-testid="atc-compact" class="css-y94ivq" style="width: 45px;"><button type="button" class="chakra-button css-mudsm6" data-testid="atc-button"><svg stroke="currentColor" fill="currentColor" stroke-width="0" viewBox="0 0 24 24" focusable="false" class="chakra-icon css-1g3sp7a" data-testid="btn-icon" aria-hidden="true" height="1em" width="1em" xmlns="http://www.w3.org/2000/svg"><path d="M19 13h-6v6h-2v-6H5v-2h6V5h2v6h6v2z"></path></svg><span class="css-idkz9h">Add Origins Colombia Coffee to cart</span></button></div></div></div></div></div></div></div>