<div data-testid="product-grid" class="css-epcqr3"><div class="css-0"><div class="css-f5i5wc"><div class="chakra-linkbox css-vhnn8v"><div data-testid="product-image" class="css-16dr4ly"><img alt="Natrel Lactose Free 2% Dairy Product 2 l, $0.33/100ml" src="https://assets.shop.loblaws.ca/products/20077874001/b3/en/front/20077874001_front_a06_@2.png" srcset="https://assets.shop.loblaws.ca/products/20077874001/b3/en/front/20077874001_front_a06_@2.png 1x, https://assets.shop.loblaws.ca/products/20077874001/b3/en/front/20077874001_front_a06_@2.png 2x" loading="lazy" class="chakra-image css-oguq8l" aria-hidden="true"></div><div class="css-qoklea"><div class="css-12dchmx"></div><div data-testid="price-product-tile" class="css-8atqhb"><p class="chakra-text css-0"><span class="chakra-text css-pwnbcb" data-testid="regular-price"><span class="css-idkz9h">$6.69</span>$6.69</span></p></div><a href="/lactose-free-2-dairy-product/p/20077874001_EA?source=nspt" class="chakra-linkbox__overlay css-1hnz6hu"><div class="css-0"><p class="chakra-text css-1ecdp9w" data-testid="product-brand">Natrel</p><h3 class="chakra-heading css-6qrhwc" id="20077874001_EA" data-testid="product-title">Lactose Free 2% Dairy Product</h3><p class="chakra-text css-1yftjin" data-testid="product-package-size">2 l, $0.33/100ml</p></div></a><div class="css-8keand"></div></div><div class="css-1q5omjq"><div class="css-fcebb8"><div data-testid="atc-compact" class="css-y94ivq" style="width: 45px;"><button type="button" class="chakra-button css-mudsm6" data-testid="atc-button"><svg stroke="currentColor" fill="currentColor" stroke-width="0" viewBox="0 0 24 24" focusable="false" class="chakra-icon css-1g3sp7a" data-testid="btn-icon" aria-hidden="true" height="1em" width="1em" xmlns="http://www.w3.org/2000/svg"><path d="M19 13h-6v6h-2v-6H5v-2h6V5h2v6h6v2z"></path></svg><span class="css-idkz9h">Add Lactose Free 2% Dairy Product to cart</span></button></div></div></div></div></div></div><div class="css-0"><div class="css-f5i5wc"><div class="chakra-linkbox css-vhnn8v"><div data-testid="product-image" class="css-16dr4ly"><img alt="Fairlife Chocolate Lactose Free 2% Partly Skimmed Ultrafiltered Milk 1.5 l, $0.43/100ml" src="https://assets.shop.loblaws.ca/products/21128371/b3/en/front/21128371_front_a06_@2.png" srcset="https://assets.shop.loblaws.ca/products/21128371/b3/en/front/21128371_front_a06_@2.png 1x, https://assets.shop.loblaws.ca/products/21128371/b3/en/front/21128371_front_a06_@2.png 2x" loading="lazy" class="chakra-image css-oguq8l" aria-hidden="true"></div><div class="css-qoklea"><div class="css-12dchmx"></div><div data-testid="price-product-tile" class="css-8atqhb"><p class="chakra-text css-0"><span class="chakra-text css-pwnbcb" data-testid="regular-price"><span class="css-idkz9h">$6.49</span>$6.49</span></p></div><a href="/chocolate-lactose-free-2-partly-skimmed-ultrafilte/p/21128371_EA?source=nspt" class="chakra-linkbox__overlay css-1hnz6hu"><div class="css-0"><p class="chakra-text css-1ecdp9w" data-testid="product-brand">Fairlife</p><h3 class="chakra-heading css-6qrhwc" id="21128371_EA" data-testid="product-title">Chocolate Lactose Free 2% Partly Skimmed Ultrafiltered Milk</h3><p class="chakra-text css-1yftjin" data-testid="product-package-size">1.5 l, $0.43/100ml</p></div></a><div class="css-8keand"></div></div><div class="css-1q5omjq"><div class="css-fcebb8"><div data-testid="atc-compact" class="css-y94ivq" style="width: 45px;"><button type="button" class="chakra-button css-mudsm6" data-testid="atc-button"><svg stroke="currentColor" fill="currentColor" stroke-width="0" viewBox="0 0 24 24" focusable="false" class="chakra-icon css-1g3sp7a" data-testid="btn-icon" aria-hidden="true" height="1em" width="1em" xmlns="http://www.w3.org/2000/svg"><path d="M19 13h-6v6h-2v-6H5v-2h6V5h2v6h6v2z"></path></svg><span class="css-idkz9h">Add Chocolate Lactose Free 2% Partly Skimmed Ultrafiltered Milk to cart</span></button></div></div></div></div></div></div><div class="css-0"><div class="css-f5i5wc"><div class="chakra-linkbox css-vhnn8v"><div data-testid="product-image" class="css-16dr4ly"><img alt="Fairlife Lactose Free 2% Partly Skimmed Ultrafiltered Milk 1.5 l, $0.43/100ml" src="https://assets.shop.loblaws.ca/products/21128369/b3/en/front/21128369_front_a06_@2.png" srcset="https://assets.shop.loblaws.ca/products/21128369/b3/en/front/21128369_front_a06_@2.png 1x, https://assets.shop.loblaws.ca/products/21128369/b3/en/front/21128369_front_a06_@2.png 2x" loading="lazy" class="chakra-image css-oguq8l" aria-hidden="true"></div><div class="css-qoklea"><div class="css-12dchmx"></div><div data-testid="price-product-tile" class="css-8atqhb"><p class="chakra-text css-0"><span class="chakra-text css-pwnbcb" data-testid="regular-price"><span class="css-idkz9h">$6.49</span>$6.49</span></p></div><a href="/lactose-free-2-partly-skimmed-ultrafiltered-milk/p/21128369_EA?source=nspt" class="chakra-linkbox__overlay css-1hnz6hu"><div class="css-0"><p class="chakra-text css-1ecdp9w" data-testid="product-brand">Fairlife</p><h3 class="chakra-heading css-6qrhwc" id="21128369_EA" data-testid="product-title">Lactose Free 2% Partly Skimmed Ultrafiltered Milk</h3><p class="chakra-text css-1yftjin" data-testid="product-package-size">1.5 l, $0.43/100ml</p></div></a><div class="css-8keand"></div></div><div class="css-1q5omjq"><div class="css-fcebb8"><div data-testid="atc-compact" class="css-y94ivq" style="width: 45px;"><button type="button" class="chakra-button css-mudsm6" data-testid="atc-button"><svg stroke="currentColor" fill="currentColor" stroke-width="0" viewBox="0 0 24 24" focusable="false" class="chakra-icon css-1g3sp7a" data-testid="btn-icon" aria-hidden="true" height="1em" width="1em" xmlns="http://www.w3.org/2000/svg"><path d="M19 13h-6v6h-2v-6H5v-2h6V5h2v6h6v2z"></path></svg><span class="css-idkz9h">Add Lactose Free 2% Partly Skimmed Ultrafiltered Milk to cart</span></button></div></div></div></div></div></div><div class="css-0"><div class="css-f5i5wc"><div class="chakra-linkbox css-vhnn8v"><div data-testid="product-image" class="css-16dr4ly"><img alt="International Delight French Vanilla Flavoured Coffee Creamer, 63 Servings 946 ml, $0.47/100ml" src="https://assets.shop.loblaws.ca/products/20895480002/b3/en/front/20895480002_front_a06_@2.png" srcset="https://assets.shop.loblaws.ca/products/20895480002/b3/en/front/20895480002_front_a06_@2.png 1x, https://assets.shop.loblaws.ca/products/20895480002/b3/en/front/20895480002_front_a06_@2.png 2x" loading="lazy" class="chakra-image css-oguq8l" aria-hidden="true"></div><div class="css-qoklea"><div class="css-12dchmx"></div><div data-testid="price-product-tile" class="css-8atqhb"><p class="chakra-text css-0"><span class="chakra-text css-o93gbd" data-testid="sale-price"><span class="css-idkz9h">$4.49</span>$4.49</span><span class="chakra-text css-623q5h" data-testid="was-price"><span class="css-idkz9h">$5.49</span>$5.49</span></p><p class="chakra-text css-1m5a6y8" data-testid="price-descriptor">SAVE $1.00</p></div><a href="/french-vanilla-flavoured-coffee-creamer-63-serving/p/20895480002_EA?source=nspt" class="chakra-linkbox__overlay css-1hnz6hu"><div class="css-0"><p class="chakra-text css-1ecdp9w" data-testid="product-brand">International Delight</p><h3 class="chakra-heading css-6qrhwc" id="20895480002_EA" data-testid="product-title">French Vanilla Flavoured Coffee Creamer, 63 Servings</h3><p class="chakra-text css-1yftjin" data-testid="product-package-size">946 ml, $0.47/100ml</p></div></a><div class="css-8keand"></div></div><div class="css-1q5omjq"><div class="css-fcebb8"><div data-testid="atc-compact" class="css-y94ivq" style="width: 45px;"><button type="button" class="chakra-button css-mudsm6" data-testid="atc-button"><svg stroke="currentColor" fill="currentColor" stroke-width="0" viewBox="0 0 24 24" focusable="false" class="chakra-icon css-1g3sp7a" data-testid="btn-icon" aria-hidden="true" height="1em" width="1em" xmlns="http://www.w3.org/2000/svg"><path d="M19 13h-6v6h-2v-6H5v-2h6V5h2v6h6v2z"></path></svg><span class="css-idkz9h">Add French Vanilla Flavoured Coffee Creamer, 63 Servings to cart</span></button></div></div></div></div></div></div><div class="css-0"><div class="css-f5i5wc"><div class="chakra-linkbox css-vhnn8v"><div data-testid="product-image" class="css-16dr4ly"><img alt="Natrel Lactose Free 1% Dairy Product 2 l, $0.33/100ml" src="https://assets.shop.loblaws.ca/products/20077874003/b3/en/front/20077874003_front_a06_@2.png" srcset="https://assets.shop.loblaws.ca/products/20077874003/b3/en/front/20077874003_front_a06_@2.png 1x, https://assets.shop.loblaws.ca/products/20077874003/b3/en/front/20077874003_front_a06_@2.png 2x" loading="lazy" class="chakra-image css-oguq8l" aria-hidden="true"></div><div class="css-qoklea"><div class="css-12dchmx"></div><div data-testid="price-product-tile" class="css-8atqhb"><p class="chakra-text css-0"><span class="chakra-text css-pwnbcb" data-testid="regular-price"><span class="css-idkz9h">$6.69</span>$6.69</span></p></div><a href="/lactose-free-1-dairy-product/p/20077874003_EA?source=nspt" class="chakra-linkbox__overlay css-1hnz6hu"><div class="css-0"><p class="chakra-text css-1ecdp9w" data-testid="product-brand">Natrel</p><h3 class="chakra-heading css-6qrhwc" id="20077874003_EA" data-testid="product-title">Lactose Free 1% Dairy Product</h3><p class="chakra-text css-1yftjin" data-testid="product-package-size">2 l, $0.33/100ml</p></div></a><div class="css-8keand"></div></div><div class="css-1q5omjq"><div class="css-fcebb8"><div data-testid="atc-compact" class="css-y94ivq" style="width: 45px;"><button type="button" class="chakra-button css-mudsm6" data-testid="atc-button"><svg stroke="currentColor" fill="currentColor" stroke-width="0" viewBox="0 0 24 24" focusable="false" class="chakra-icon css-1g3sp7a" data-testid="btn-icon" aria-hidden="true" height="1em" width="1em" xmlns="http://www.w3.org/2000/svg"><path d="M19 13h-6v6h-2v-6H5v-2h6V5h2v6h6v2z"></path></svg><span class="css-idkz9h">Add Lactose Free 1% Dairy Product to cart</span></button></div></div></div></div></div></div><div class="css-0"><div class="css-f5i5wc"><div class="chakra-linkbox css-vhnn8v"><div data-testid="product-image" class="css-16dr4ly"><img alt="Silk Almond For Coffee, Vanilla Flavour, Plant Based Dairy Free Coffee Creamer 890 ml, $0.62/100ml" src="https://assets.shop.loblaws.ca/products/21245360/b3/en/front/21245360_front_a06_@2.png" srcset="https://assets.shop.loblaws.ca/products/21245360/b3/en/front/21245360_front_a06_@2.png 1x, https://assets.shop.loblaws.ca/products/21245360/b3/en/front/21245360_front_a06_@2.png 2x" loading="lazy" class="chakra-image css-oguq8l" aria-hidden="true"></div><div class="css-qoklea"><div class="css-12dchmx"></div><div data-testid="price-product-tile" class="css-8atqhb"><p class="chakra-text css-0"><span class="chakra-text css-pwnbcb" data-testid="regular-price"><span class="css-idkz9h">$5.49</span>$5.49</span></p></div><a href="/almond-for-coffee-vanilla-flavour-plant-based-dair/p/21245360_EA?source=nspt" class="chakra-linkbox__overlay css-1hnz6hu"><div class="css-0"><p class="chakra-text css-1ecdp9w" data-testid="product-brand">Silk</p><h3 class="chakra-heading css-6qrhwc" id="21245360_EA" data-testid="product-title">Almond For Coffee, Vanilla Flavour, Plant Based Dairy Free Coffee Creamer</h3><p class="chakra-text css-1yftjin" data-testid="product-package-size">890 ml, $0.62/100ml</p></div></a><div class="css-8keand"></div></div><div class="css-1q5omjq"><div class="css-fcebb8"><div data-testid="atc-compact" class="css-y94ivq" style="width: 45px;"><button type="button" class="chakra-button css-mudsm6" data-testid="atc-button"><svg stroke="currentColor" fill="currentColor" stroke-width="0" viewBox="0 0 24 24" focusable="false" class="chakra-icon css-1g3sp7a" data-testid="btn-icon" aria-hidden="true" height="1em" width="1em" xmlns="http://www.w3.org/2000/svg"><path d="M19 13h-6v6h-2v-6H5v-2h6V5h2v6h6v2z"></path></svg><span class="css-idkz9h">Add Almond For Coffee, Vanilla Flavour, Plant Based Dairy Free Coffee Creamer to cart</span></button></div></div></div></div></div></div><div class="css-0"><div class="css-f5i5wc"><div class="chakra-linkbox css-vhnn8v"><div data-testid="product-image" class="css-16dr4ly"><img alt="Natrel Lactose Free Homogenized Milk 2 l, $0.33/100ml" src="https://assets.shop.loblaws.ca/products/20838388/b3/en/front/20838388_front_a06_@2.png" srcset="https://assets.shop.loblaws.ca/products/20838388/b3/en/front/20838388_front_a06_@2.png 1x, https://assets.shop.loblaws.ca/products/20838388/b3/en/front/20838388_front_a06_@2.png 2x" loading="lazy" class="chakra-image css-oguq8l" aria-hidden="true"></div><div class="css-qoklea"><div class="css-12dchmx"></div><div data-testid="price-product-tile" class="css-8atqhb"><p class="chakra-text css-0"><span class="chakra-text css-pwnbcb" data-testid="regular-price"><span class="css-idkz9h">$6.69</span>$6.69</span></p></div><a href="/lactose-free-homogenized-milk/p/20838388_EA?source=nspt" class="chakra-linkbox__overlay css-1hnz6hu"><div class="css-0"><p class="chakra-text css-1ecdp9w" data-testid="product-brand">Natrel</p><h3 class="chakra-heading css-6qrhwc" id="20838388_EA" data-testid="product-title">Lactose Free Homogenized Milk</h3><p class="chakra-text css-1yftjin" data-testid="product-package-size">2 l, $0.33/100ml</p></div></a><div class="css-8keand"></div></div><div class="css-1q5omjq"><div class="css-fcebb8"><div data-testid="atc-compact" class="css-y94ivq" style="width: 45px;"><button type="button" class="chakra-button css-mudsm6" data-testid="atc-button"><svg stroke="currentColor" fill="currentColor" stroke-width="0" viewBox="0 0 24 24" focusable="false" class="chakra-icon css-1g3sp7a" data-testid="btn-icon" aria-hidden="true" height="1em" width="1em" xmlns="http://www.w3.org/2000/svg"><path d="M19 13h-6v6h-2v-6H5v-2h6V5h2v6h6v2z"></path></svg><span class="css-idkz9h">Add Lactose Free Homogenized Milk to cart</span></button></div></div></div></div></div></div><div class="css-0"><div class="css-f5i5wc"><div class="chakra-linkbox css-vhnn8v"><div data-testid="product-image" class="css-16dr4ly"><img alt="International Delight Hazelnut Flavoured Coffee Creamer, 63 Servings 946 ml, $0.47/100ml" src="https://assets.shop.loblaws.ca/products/20895480003/b3/en/front/20895480003_front_a06_@2.png" srcset="https://assets.shop.loblaws.ca/products/20895480003/b3/en/front/20895480003_front_a06_@2.png 1x, https://assets.shop.loblaws.ca/products/20895480003/b3/en/front/20895480003_front_a06_@2.png 2x" loading="lazy" class="chakra-image css-oguq8l" aria-hidden="true"></div><div class="css-qoklea"><div class="css-12dchmx"></div><div data-testid="price-product-tile" class="css-8atqhb"><p class="chakra-text css-0"><span class="chakra-text css-o93gbd" data-testid="sale-price"><span class="css-idkz9h">$4.49</span>$4.49</span><span class="chakra-text css-623q5h" data-testid="was-price"><span class="css-idkz9h">$5.49</span>$5.49</span></p><p class="chakra-text css-1m5a6y8" data-testid="price-descriptor">SAVE $1.00</p></div><a href="/hazelnut-flavoured-coffee-creamer-63-servings/p/20895480003_EA?source=nspt" class="chakra-linkbox__overlay css-1hnz6hu"><div class="css-0"><p class="chakra-text css-1ecdp9w" data-testid="product-brand">International Delight</p><h3 class="chakra-heading css-6qrhwc" id="20895480003_EA" data-testid="product-title">Hazelnut Flavoured Coffee Creamer, 63 Servings</h3><p class="chakra-text css-1yftjin" data-testid="product-package-size">946 ml, $0.47/100ml</p></div></a><div class="css-8keand"></div></div><div class="css-1q5omjq"><div class="css-fcebb8"><div data-testid="atc-compact" class="css-y94ivq" style="width: 45px;"><button type="button" class="chakra-button css-mudsm6" data-testid="atc-button"><svg stroke="currentColor" fill="currentColor" stroke-width="0" viewBox="0 0 24 24" focusable="false" class="chakra-icon css-1g3sp7a" data-testid="btn-icon" aria-hidden="true" height="1em" width="1em" xmlns="http://www.w3.org/2000/svg"><path d="M19 13h-6v6h-2v-6H5v-2h6V5h2v6h6v2z"></path></svg><span class="css-idkz9h">Add Hazelnut Flavoured Coffee Creamer, 63 Servings to cart</span></button></div></div></div></div></div></div><div class="css-0"><div class="css-f5i5wc"><div class="chakra-linkbox css-vhnn8v"><div data-testid="product-image" class="css-16dr4ly"><img alt="Fairlife Lactose Free Skim Ultrafiltered Milk 1.5 l, $0.43/100ml" src="https://assets.shop.loblaws.ca/products/21128364/b3/en/front/21128364_front_a06_@2.png" srcset="https://assets.shop.loblaws.ca/products/21128364/b3/en/front/21128364_front_a06_@2.png 1x, https://assets.shop.loblaws.ca/products/21128364/b3/en/front/21128364_front_a06_@2.png 2x" loading="lazy" class="chakra-image css-oguq8l" aria-hidden="true"></div><div class="css-qoklea"><div class="css-12dchmx"></div><div data-testid="price-product-tile" class="css-8atqhb"><p class="chakra-text css-0"><span class="chakra-text css-pwnbcb" data-testid="regular-price"><span class="css-idkz9h">$6.49</span>$6.49</span></p></div><a href="/lactose-free-skim-ultrafiltered-milk/p/21128364_EA?source=nspt" class="chakra-linkbox__overlay css-1hnz6hu"><div class="css-0"><p class="chakra-text css-1ecdp9w" data-testid="product-brand">Fairlife</p><h3 class="chakra-heading css-6qrhwc" id="21128364_EA" data-testid="product-title">Lactose Free Skim Ultrafiltered Milk</h3><p class="chakra-text css-1yftjin" data-testid="product-package-size">1.5 l, $0.43/100ml</p></div></a><div class="css-8keand"></div></div><div class="css-1q5omjq"><div class="css-fcebb8"><div data-testid="atc-compact" class="css-y94ivq" style="width: 45px;"><button type="button" class="chakra-button css-mudsm6" data-testid="atc-button"><svg stroke="currentColor" fill="currentColor" stroke-width="0" viewBox="0 0 24 24" focusable="false" class="chakra-icon css-1g3sp7a" data-testid="btn-icon" aria-hidden="true" height="1em" width="1em" xmlns="http://www.w3.org/2000/svg"><path d="M19 13h-6v6h-2v-6H5v-2h6V5h2v6h6v2z"></path></svg><span class="css-idkz9h">Add Lactose Free Skim Ultrafiltered Milk to cart</span></button></div></div></div></div></div></div><div class="css-0"><div class="css-f5i5wc"><div class="chakra-linkbox css-vhnn8v"><div data-testid="product-image" class="css-16dr4ly"><img alt="Fairlife Milk 1% Bottle 1.5 l, $0.43/100ml" src="https://assets.shop.loblaws.ca/products/21358817/b3/en/front/21358817_front_a06_@2.png" srcset="https://assets.shop.loblaws.ca/products/21358817/b3/en/front/21358817_front_a06_@2.png 1x, https://assets.shop.loblaws.ca/products/21358817/b3/en/front/21358817_front_a06_@2.png 2x" loading="lazy" class="chakra-image css-oguq8l" aria-hidden="true"></div><div class="css-qoklea"><div class="css-12dchmx"></div><div data-testid="price-product-tile" class="css-8atqhb"><p class="chakra-text css-0"><span class="chakra-text css-pwnbcb" data-testid="regular-price"><span class="css-idkz9h">$6.49</span>$6.49</span></p></div><a href="/milk-1-bottle/p/21358817_EA?source=nspt" class="chakra-linkbox__overlay css-1hnz6hu"><div class="css-0"><p class="chakra-text css-1ecdp9w" data-testid="product-brand">Fairlife</p><h3 class="chakra-heading css-6qrhwc" id="21358817_EA" data-testid="product-title">Milk 1% Bottle</h3><p class="chakra-text css-1yftjin" data-testid="product-package-size">1.5 l, $0.43/100ml</p></div></a><div class="css-8keand"></div></div><div class="css-1q5omjq"><div class="css-fcebb8"><div data-testid="atc-compact" class="css-y94ivq" style="width: 45px;"><button type="button" class="chakra-button css-mudsm6" data-testid="atc-button"><svg stroke="currentColor" fill="currentColor" stroke-width="0" viewBox="0 0 24 24" focusable="false" class="chakra-icon css-1g3sp7a" data-testid="btn-icon" aria-hidden="true" height="1em" width="1em" xmlns="http://www.w3.org/2000/svg"><path d="M19 13h-6v6h-2v-6H5v-2h6V5h2v6h6v2z"></path></svg><span class="css-idkz9h">Add Milk 1% Bottle to cart</span></button></div></div></div></div></div></div><div class="css-0"><div class="css-f5i5wc"><div class="chakra-linkbox css-vhnn8v"><div data-testid="product-image" class="css-16dr4ly"><img alt="Fairlife Lactose Free Whole Ultrafiltered Milk 1.5 l, $0.43/100ml" src="https://assets.shop.loblaws.ca/products/21128348/b3/en/front/21128348_front_a06_@2.png" srcset="https://assets.shop.loblaws.ca/products/21128348/b3/en/front/21128348_front_a06_@2.png 1x, https://assets.shop.loblaws.ca/products/21128348/b3/en/front/21128348_front_a06_@2.png 2x" loading="lazy" class="chakra-image css-oguq8l" aria-hidden="true"></div><div class="css-qoklea"><div class="css-12dchmx"></div><div data-testid="price-product-tile" class="css-8atqhb"><p class="chakra-text css-0"><span class="chakra-text css-pwnbcb" data-testid="regular-price"><span class="css-idkz9h">$6.49</span>$6.49</span></p></div><a href="/lactose-free-whole-ultrafiltered-milk/p/21128348_EA?source=nspt" class="chakra-linkbox__overlay css-1hnz6hu"><div class="css-0"><p class="chakra-text css-1ecdp9w" data-testid="product-brand">Fairlife</p><h3 class="chakra-heading css-6qrhwc" id="21128348_EA" data-testid="product-title">Lactose Free Whole Ultrafiltered Milk</h3><p class="chakra-text css-1yftjin" data-testid="product-package-size">1.5 l, $0.43/100ml</p></div></a><div class="css-8keand"></div></div><div class="css-1q5omjq"><div class="css-fcebb8"><div data-testid="atc-compact" class="css-y94ivq" style="width: 45px;"><button type="button" class="chakra-button css-mudsm6" data-testid="atc-button"><svg stroke="currentColor" fill="currentColor" stroke-width="0" viewBox="0 0 24 24" focusable="false" class="chakra-icon css-1g3sp7a" data-testid="btn-icon" aria-hidden="true" height="1em" width="1em" xmlns="http://www.w3.org/2000/svg"><path d="M19 13h-6v6h-2v-6H5v-2h6V5h2v6h6v2z"></path></svg><span class="css-idkz9h">Add Lactose Free Whole Ultrafiltered Milk to cart</span></button></div></div></div></div></div></div><div class="css-0"><div class="css-f5i5wc"><div class="chakra-linkbox css-vhnn8v"><div data-testid="product-image" class="css-16dr4ly"><img alt="International Delight Caramel Macchiato Coffee Creamer, 946 ml, $0.47/100ml" src="https://assets.shop.loblaws.ca/products/21439782/b3/en/front/21439782_front_a06_@2.png" srcset="https://assets.shop.loblaws.ca/products/21439782/b3/en/front/21439782_front_a06_@2.png 1x, https://assets.shop.loblaws.ca/products/21439782/b3/en/front/21439782_front_a06_@2.png 2x" loading="lazy" class="chakra-image css-oguq8l" aria-hidden="true"></div><div class="css-qoklea"><div class="css-12dchmx"></div><div data-testid="price-product-tile" class="css-8atqhb"><p class="chakra-text css-0"><span class="chakra-text css-o93gbd" data-testid="sale-price"><span class="css-idkz9h">$4.49</span>$4.49</span><span class="chakra-text css-623q5h" data-testid="was-price"><span class="css-idkz9h">$5.49</span>$5.49</span></p><p class="chakra-text css-1m5a6y8" data-testid="price-descriptor">SAVE $1.00</p></div><a href="/caramel-macchiato-coffee-creamer/p/21439782_EA?source=nspt" class="chakra-linkbox__overlay css-1hnz6hu"><div class="css-0"><p class="chakra-text css-1ecdp9w" data-testid="product-brand">International Delight</p><h3 class="chakra-heading css-6qrhwc" id="21439782_EA" data-testid="product-title">Caramel Macchiato Coffee Creamer,</h3><p class="chakra-text css-1yftjin" data-testid="product-package-size">946 ml, $0.47/100ml</p></div></a><div class="css-8keand"></div></div><div class="css-1q5omjq"><div class="css-fcebb8"><div data-testid="atc-compact" class="css-y94ivq" style="width: 45px;"><button type="button" class="chakra-button css-mudsm6" data-testid="atc-button"><svg stroke="currentColor" fill="currentColor" stroke-width="0" viewBox="0 0 24 24" focusable="false" class="chakra-icon css-1g3sp7a" data-testid="btn-icon" aria-hidden="true" height="1em" width="1em" xmlns="http://www.w3.org/2000/svg"><path d="M19 13h-6v6h-2v-6H5v-2h6V5h2v6h6v2z"></path></svg><span class="css-idkz9h">Add Caramel Macchiato Coffee Creamer, to cart</span></button></div></div></div></div></div></div><div class="css-0"><div class="css-f5i5wc"><div class="chakra-linkbox css-vhnn8v"><div data-testid="product-image" class="css-16dr4ly"><img alt="Neilson Partly Skimmed Milk 2% MF 4 l, $0.15/100ml" src="https://assets.shop.loblaws.ca/products/20188873/b3/en/front/20188873_front_a06_@2.png" srcset="https://assets.shop.loblaws.ca/products/20188873/b3/en/front/20188873_front_a06_@2.png 1x, https://assets.shop.loblaws.ca/products/20188873/b3/en/front/20188873_front_a06_@2.png 2x" loading="lazy" class="chakra-image css-oguq8l" aria-hidden="true"></div><div class="css-qoklea"><div class="css-12dchmx"></div><div data-testid="price-product-tile" class="css-8atqhb"><p class="chakra-text css-0"><span class="chakra-text css-pwnbcb" data-testid="regular-price"><span class="css-idkz9h">$6.08</span>$6.08</span></p></div><a href="/partly-skimmed-milk-2-mf/p/20188873_EA?source=nspt" class="chakra-linkbox__overlay css-1hnz6hu"><div class="css-0"><p class="chakra-text css-1ecdp9w" data-testid="product-brand">Neilson</p><h3 class="chakra-heading css-6qrhwc" id="20188873_EA" data-testid="product-title">Partly Skimmed Milk 2% MF</h3><p class="chakra-text css-1yftjin" data-testid="product-package-size">4 l, $0.15/100ml</p></div></a><div class="css-8keand"></div></div><div class="css-1q5omjq"><div class="css-fcebb8"><div data-testid="atc-compact" class="css-y94ivq" style="width: 45px;"><button type="button" class="chakra-button css-mudsm6" data-testid="atc-button"><svg stroke="currentColor" fill="currentColor" stroke-width="0" viewBox="0 0 24 24" focusable="false" class="chakra-icon css-1g3sp7a" data-testid="btn-icon" aria-hidden="true" height="1em" width="1em" xmlns="http://www.w3.org/2000/svg"><path d="M19 13h-6v6h-2v-6H5v-2h6V5h2v6h6v2z"></path></svg><span class="css-idkz9h">Add Partly Skimmed Milk 2% MF to cart</span></button></div></div></div></div></div></div><div class="css-0"><div class="css-f5i5wc"><div class="chakra-linkbox css-vhnn8v"><div data-testid="product-image" class="css-16dr4ly"><img alt="International Delight Reduced Sugar French Vanilla Coffee Creamer 946 ml, $0.47/100ml" src="https://assets.shop.loblaws.ca/products/21071278/b3/en/front/21071278_front_a06_@2.png" srcset="https://assets.shop.loblaws.ca/products/21071278/b3/en/front/21071278_front_a06_@2.png 1x, https://assets.shop.loblaws.ca/products/21071278/b3/en/front/21071278_front_a06_@2.png 2x" loading="lazy" class="chakra-image css-oguq8l" aria-hidden="true"></div><div class="css-qoklea"><div class="css-12dchmx"></div><div data-testid="price-product-tile" class="css-8atqhb"><p class="chakra-text css-0"><span class="chakra-text css-o93gbd" data-testid="sale-price"><span class="css-idkz9h">$4.49</span>$4.49</span><span class="chakra-text css-623q5h" data-testid="was-price"><span class="css-idkz9h">$5.49</span>$5.49</span></p><p class="chakra-text css-1m5a6y8" data-testid="price-descriptor">SAVE $1.00</p></div><a href="/reduced-sugar-french-vanilla-coffee-creamer/p/21071278_EA?source=nspt" class="chakra-linkbox__overlay css-1hnz6hu"><div class="css-0"><p class="chakra-text css-1ecdp9w" data-testid="product-brand">International Delight</p><h3 class="chakra-heading css-6qrhwc" id="21071278_EA" data-testid="product-title">Reduced Sugar French Vanilla Coffee Creamer</h3><p class="chakra-text css-1yftjin" data-testid="product-package-size">946 ml, $0.47/100ml</p></div></a><div class="css-8keand"></div></div><div class="css-1q5omjq"><div class="css-fcebb8"><div data-testid="atc-compact" class="css-y94ivq" style="width: 45px;"><button type="button" class="chakra-button css-mudsm6" data-testid="atc-button"><svg stroke="currentColor" fill="currentColor" stroke-width="0" viewBox="0 0 24 24" focusable="false" class="chakra-icon css-1g3sp7a" data-testid="btn-icon" aria-hidden="true" height="1em" width="1em" xmlns="http://www.w3.org/2000/svg"><path d="M19 13h-6v6h-2v-6H5v-2h6V5h2v6h6v2z"></path></svg><span class="css-idkz9h">Add Reduced Sugar French Vanilla Coffee Creamer to cart</span></button></div></div></div></div></div></div><div class="css-0"><div class="css-f5i5wc"><div class="chakra-linkbox css-vhnn8v"><div data-testid="product-image" class="css-16dr4ly"><img alt="Organic Meadow Organic Chocolate Milk 2% M.F. 250 ml, $2.32/100ml" src="https://assets.shop.loblaws.ca/products/21054984/b3/en/front/21054984_front_a06_@2.png" srcset="https://assets.shop.loblaws.ca/products/21054984/b3/en/front/21054984_front_a06_@2.png 1x, https://assets.shop.loblaws.ca/products/21054984/b3/en/front/21054984_front_a06_@2.png 2x" loading="lazy" class="chakra-image css-oguq8l" aria-hidden="true"></div><div class="css-qoklea"><div class="css-12dchmx"></div><div data-testid="price-product-tile" class="css-8atqhb"><p class="chakra-text css-0"><span class="chakra-text css-pwnbcb" data-testid="regular-price"><span class="css-idkz9h">$5.79</span>$5.79</span></p></div><a href="/organic-chocolate-milk-2-m-f/p/21054984_EA?source=nspt" class="chakra-linkbox__overlay css-1hnz6hu"><div class="css-0"><p class="chakra-text css-1ecdp9w" data-testid="product-brand">Organic Meadow</p><h3 class="chakra-heading css-6qrhwc" id="21054984_EA" data-testid="product-title">Organic Chocolate Milk 2% M.F.</h3><p class="chakra-text css-1yftjin" data-testid="product-package-size">250 ml, $2.32/100ml</p></div></a><div class="css-8keand"></div></div><div class="css-1q5omjq"><div class="css-fcebb8"><div data-testid="atc-compact" class="css-y94ivq" style="width: 45px;"><button type="button" class="chakra-button css-mudsm6" data-testid="atc-button"><svg stroke="currentColor" fill="currentColor" stroke-width="0" viewBox="0 0 24 24" focusable="false" class="chakra-icon css-1g3sp7a" data-testid="btn-icon" aria-hidden="true" height="1em" width="1em" xmlns="http://www.w3.org/2000/svg"><path d="M19 13h-6v6h-2v-6H5v-2h6V5h2v6h6v2z"></path></svg><span class="css-idkz9h">Add Organic Chocolate Milk 2% M.F. to cart</span></button></div></div></div></div></div></div><div class="css-0"><div class="css-f5i5wc"><div class="chakra-linkbox css-vhnn8v"><div data-testid="product-image" class="css-16dr4ly"><img alt="PC Organics Organic Homogenized Milk 1 l, $0.43/100ml" src="https://assets.shop.loblaws.ca/products/20305664/b3/en/front/20305664_front_a06_@2.png" srcset="https://assets.shop.loblaws.ca/products/20305664/b3/en/front/20305664_front_a06_@2.png 1x, https://assets.shop.loblaws.ca/products/20305664/b3/en/front/20305664_front_a06_@2.png 2x" loading="lazy" class="chakra-image css-oguq8l" aria-hidden="true"></div><div class="css-qoklea"><div class="css-12dchmx"></div><div data-testid="price-product-tile" class="css-8atqhb"><p class="chakra-text css-0"><span class="chakra-text css-pwnbcb" data-testid="regular-price"><span class="css-idkz9h">$4.29</span>$4.29</span></p></div><a href="/organic-homogenized-milk/p/20305664_EA?source=nspt" class="chakra-linkbox__overlay css-1hnz6hu"><div class="css-0"><p class="chakra-text css-1ecdp9w" data-testid="product-brand">PC Organics</p><h3 class="chakra-heading css-6qrhwc" id="20305664_EA" data-testid="product-title">Organic Homogenized Milk</h3><p class="chakra-text css-1yftjin" data-testid="product-package-size">1 l, $0.43/100ml</p></div></a><div class="css-8keand"></div></div><div class="css-1q5omjq"><div class="css-fcebb8"><div data-testid="atc-compact" class="css-y94ivq" style="width: 45px;"><button type="button" class="chakra-button css-mudsm6" data-testid="atc-button"><svg stroke="currentColor" fill="currentColor" stroke-width="0" viewBox="0 0 24 24" focusable="false" class="chakra-icon css-1g3sp7a" data-testid="btn-icon" aria-hidden="true" height="1em" width="1em" xmlns="http://www.w3.org/2000/svg"><path d="M19 13h-6v6h-2v-6H5v-2h6V5h2v6h6v2z"></path></svg><span class="css-idkz9h">Add Organic Homogenized Milk to cart</span></button></div></div></div></div></div></div><div class="css-0"><div class="css-f5i5wc"><div class="chakra-linkbox css-vhnn8v"><div data-testid="product-image" class="css-16dr4ly"><img alt="PC Organics Organic 2% Milk 1 l, $0.43/100ml" src="https://assets.shop.loblaws.ca/products/20296180001/b3/en/front/20296180001_front_a06_@2.png" srcset="https://assets.shop.loblaws.ca/products/20296180001/b3/en/front/20296180001_front_a06_@2.png 1x, https://assets.shop.loblaws.ca/products/20296180001/b3/en/front/20296180001_front_a06_@2.png 2x" loading="lazy" class="chakra-image css-oguq8l" aria-hidden="true"></div><div class="css-qoklea"><div class="css-12dchmx"></div><div data-testid="price-product-tile" class="css-8atqhb"><p class="chakra-text css-0"><span class="chakra-text css-pwnbcb" data-testid="regular-price"><span class="css-idkz9h">$4.29</span>$4.29</span></p></div><a href="/organic-2-milk/p/20296180001_EA?source=nspt" class="chakra-linkbox__overlay css-1hnz6hu"><div class="css-0"><p class="chakra-text css-1ecdp9w" data-testid="product-brand">PC Organics</p><h3 class="chakra-heading css-6qrhwc" id="20296180001_EA" data-testid="product-title">Organic 2% Milk</h3><p class="chakra-text css-1yftjin" data-testid="product-package-size">1 l, $0.43/100ml</p></div></a><div class="css-8keand"></div></div><div class="css-1q5omjq"><div class="css-fcebb8"><div data-testid="atc-compact" class="css-y94ivq" style="width: 45px;"><button type="button" class="chakra-button css-mudsm6" data-testid="atc-button"><svg stroke="currentColor" fill="currentColor" stroke-width="0" viewBox="0 0 24 24" focusable="false" class="chakra-icon css-1g3sp7a" data-testid="btn-icon" aria-hidden="true" height="1em" width="1em" xmlns="http://www.w3.org/2000/svg"><path d="M19 13h-6v6h-2v-6H5v-2h6V5h2v6h6v2z"></path></svg><span class="css-idkz9h">Add Organic 2% Milk to cart</span></button></div></div></div></div></div></div><div class="css-0"><div class="css-f5i5wc"><div class="chakra-linkbox css-vhnn8v"><div data-testid="product-image" class="css-16dr4ly"><img alt="Neilson French Vanilla Milkshake 310 ml, $0.58/100ml" src="https://assets.shop.loblaws.ca/products/21040932/b3/en/front/21040932_front_a06_@2.png" srcset="https://assets.shop.loblaws.ca/products/21040932/b3/en/front/21040932_front_a06_@2.png 1x, https://assets.shop.loblaws.ca/products/21040932/b3/en/front/21040932_front_a06_@2.png 2x" loading="lazy" class="chakra-image css-oguq8l" aria-hidden="true"></div><div class="css-qoklea"><div class="css-12dchmx"></div><div data-testid="price-product-tile" class="css-8atqhb"><p class="chakra-text css-0"><span class="chakra-text css-pwnbcb" data-testid="regular-price"><span class="css-idkz9h">$1.79</span>$1.79</span></p></div><a href="/french-vanilla-milkshake/p/21040932_EA?source=nspt" class="chakra-linkbox__overlay css-1hnz6hu"><div class="css-0"><p class="chakra-text css-1ecdp9w" data-testid="product-brand">Neilson</p><h3 class="chakra-heading css-6qrhwc" id="21040932_EA" data-testid="product-title">French Vanilla Milkshake</h3><p class="chakra-text css-1yftjin" data-testid="product-package-size">310 ml, $0.58/100ml</p></div></a><div class="css-8keand"></div></div><div class="css-1q5omjq"><div class="css-fcebb8"><div data-testid="atc-compact" class="css-y94ivq" style="width: 45px;"><button type="button" class="chakra-button css-mudsm6" data-testid="atc-button"><svg stroke="currentColor" fill="currentColor" stroke-width="0" viewBox="0 0 24 24" focusable="false" class="chakra-icon css-1g3sp7a" data-testid="btn-icon" aria-hidden="true" height="1em" width="1em" xmlns="http://www.w3.org/2000/svg"><path d="M19 13h-6v6h-2v-6H5v-2h6V5h2v6h6v2z"></path></svg><span class="css-idkz9h">Add French Vanilla Milkshake to cart</span></button></div></div></div></div></div></div><div class="css-0"><div class="css-f5i5wc"><div class="chakra-linkbox css-vhnn8v"><div data-testid="product-image" class="css-16dr4ly"><img alt="No Name Coffee Whitener 1 kg, $0.65/100g" src="https://assets.shop.loblaws.ca/products/21163526/b3/en/front/21163526_front_a06_@2.png" srcset="https://assets.shop.loblaws.ca/products/21163526/b3/en/front/21163526_front_a06_@2.png 1x, https://assets.shop.loblaws.ca/products/21163526/b3/en/front/21163526_front_a06_@2.png 2x" loading="lazy" class="chakra-image css-oguq8l" aria-hidden="true"></div><div class="css-qoklea"><div class="css-12dchmx"></div><div data-testid="price-product-tile" class="css-8atqhb"><p class="chakra-text css-0"><span class="chakra-text css-pwnbcb" data-testid="regular-price"><span class="css-idkz9h">$6.49</span>$6.49</span></p></div><a href="/coffee-whitener/p/21163526_EA?source=nspt" class="chakra-linkbox__overlay css-1hnz6hu"><div class="css-0"><p class="chakra-text css-1ecdp9w" data-testid="product-brand">No Name</p><h3 class="chakra-heading css-6qrhwc" id="21163526_EA" data-testid="product-title">Coffee Whitener</h3><p class="chakra-text css-1yftjin" data-testid="product-package-size">1 kg, $0.65/100g</p></div></a><div class="css-8keand"></div></div><div class="css-1q5omjq"><div class="css-fcebb8"><div data-testid="atc-compact" class="css-y94ivq" style="width: 45px;"><button type="button" class="chakra-button css-mudsm6" data-testid="atc-button"><svg stroke="currentColor" fill="currentColor" stroke-width="0" viewBox="0 0 24 24" focusable="false" class="chakra-icon css-1g3sp7a" data-testid="btn-icon" aria-hidden="true" height="1em" width="1em" xmlns="http://www.w3.org/2000/svg"><path d="M19 13h-6v6h-2v-6H5v-2h6V5h2v6h6v2z"></path></svg><span class="css-idkz9h">Add Coffee Whitener to cart</span></button></div></div></div></div></div></div><div class="css-0"><div class="css-f5i5wc"><div class="chakra-linkbox css-vhnn8v"><div data-testid="product-image" class="css-16dr4ly"><img alt="Neilson Flavoured Milk, Chocolate 2 l, $0.26/100ml" src="https://assets.shop.loblaws.ca/products/20187292/b3/en/front/20187292_front_a06_@2.png" srcset="https://assets.shop.loblaws.ca/products/20187292/b3/en/front/20187292_front_a06_@2.png 1x, https://assets.shop.loblaws.ca/products/20187292/b3/en/front/20187292_front_a06_@2.png 2x" loading="lazy" class="chakra-image css-oguq8l" aria-hidden="true"></div><div class="css-qoklea"><div class="css-12dchmx"></div><div data-testid="price-product-tile" class="css-8atqhb"><p class="chakra-text css-0"><span class="chakra-text css-pwnbcb" data-testid="regular-price"><span class="css-idkz9h">$5.19</span>$5.19</span></p></div><a href="/flavoured-milk-chocolate/p/20187292_EA?source=nspt" class="chakra-linkbox__overlay css-1hnz6hu"><div class="css-0"><p class="chakra-text css-1ecdp9w" data-testid="product-brand">Neilson</p><h3 class="chakra-heading css-6qrhwc" id="20187292_EA" data-testid="product-title">Flavoured Milk, Chocolate</h3><p class="chakra-text css-1yftjin" data-testid="product-package-size">2 l, $0.26/100ml</p></div></a><div class="css-8keand"></div></div><div class="css-1q5omjq"><div class="css-fcebb8"><div data-testid="atc-compact" class="css-y94ivq" style="width: 45px;"><button type="button" class="chakra-button css-mudsm6" data-testid="atc-button"><svg stroke="currentColor" fill="currentColor" stroke-width="0" viewBox="0 0 24 24" focusable="false" class="chakra-icon css-1g3sp7a" data-testid="btn-icon" aria-hidden="true" height="1em" width="1em" xmlns="http://www.w3.org/2000/svg"><path d="M19 13h-6v6h-2v-6H5v-2h6V5h2v6h6v2z"></path></svg><span class="css-idkz9h">Add Flavoured Milk, Chocolate to cart</span></button></div></div></div></div></div></div><div class="css-0"><div class="css-f5i5wc"><div class="chakra-linkbox css-vhnn8v"><div data-testid="product-image" class="css-16dr4ly"><img alt="Milk 2 Go Sport, Chocolate 325 ml, $0.70/100ml" src="https://assets.shop.loblaws.ca/products/20723286001/b3/en/front/20723286001_front_a06_@2.png" srcset="https://assets.shop.loblaws.ca/products/20723286001/b3/en/front/20723286001_front_a06_@2.png 1x, https://assets.shop.loblaws.ca/products/20723286001/b3/en/front/20723286001_front_a06_@2.png 2x" loading="lazy" class="chakra-image css-oguq8l" aria-hidden="true"></div><div class="css-qoklea"><div class="css-12dchmx"></div><div data-testid="price-product-tile" class="css-8atqhb"><p class="chakra-text css-0"><span class="chakra-text css-pwnbcb" data-testid="regular-price"><span class="css-idkz9h">$2.29</span>$2.29</span></p></div><a href="/sport-chocolate/p/20723286001_EA?source=nspt" class="chakra-linkbox__overlay css-1hnz6hu"><div class="css-0"><p class="chakra-text css-1ecdp9w" data-testid="product-brand">Milk 2 Go</p><h3 class="chakra-heading css-6qrhwc" id="20723286001_EA" data-testid="product-title">Sport, Chocolate</h3><p class="chakra-text css-1yftjin" data-testid="product-package-size">325 ml, $0.70/100ml</p></div></a><div class="css-8keand"></div></div><div class="css-1q5omjq"><div class="css-fcebb8"><div data-testid="atc-compact" class="css-y94ivq" style="width: 45px;"><button type="button" class="chakra-button css-mudsm6" data-testid="atc-button"><svg stroke="currentColor" fill="currentColor" stroke-width="0" viewBox="0 0 24 24" focusable="false" class="chakra-icon css-1g3sp7a" data-testid="btn-icon" aria-hidden="true" height="1em" width="1em" xmlns="http://www.w3.org/2000/svg"><path d="M19 13h-6v6h-2v-6H5v-2h6V5h2v6h6v2z"></path></svg><span class="css-idkz9h">Add Sport, Chocolate to cart</span></button></div></div></div></div></div></div><div class="css-0"><div class="css-f5i5wc"><div class="chakra-linkbox css-vhnn8v"><div data-testid="product-image" class="css-16dr4ly"><img alt="Gay Lea Real Whipped Cream, Regular 225 g, $2.22/100g" src="https://assets.shop.loblaws.ca/products/20048223001/b3/en/front/20048223001_front_a06_@2.png" srcset="https://assets.shop.loblaws.ca/products/20048223001/b3/en/front/20048223001_front_a06_@2.png 1x, https://assets.shop.loblaws.ca/products/20048223001/b3/en/front/20048223001_front_a06_@2.png 2x" loading="lazy" class="chakra-image css-oguq8l" aria-hidden="true"></div><div class="css-qoklea"><div class="css-12dchmx"></div><div data-testid="price-product-tile" class="css-8atqhb"><p class="chakra-text css-0"><span class="chakra-text css-pwnbcb" data-testid="regular-price"><span class="css-idkz9h">$4.99</span>$4.99</span></p></div><a href="/real-whipped-cream-regular/p/20048223001_EA?source=nspt" class="chakra-linkbox__overlay css-1hnz6hu"><div class="css-0"><p class="chakra-text css-1ecdp9w" data-testid="product-brand">Gay Lea</p><h3 class="chakra-heading css-6qrhwc" id="20048223001_EA" data-testid="product-title">Real Whipped Cream, Regular</h3><p class="chakra-text css-1yftjin" data-testid="product-package-size">225 g, $2.22/100g</p></div></a><div class="css-8keand"></div></div><div class="css-1q5omjq"><div class="css-fcebb8"><div data-testid="atc-compact" class="css-y94ivq" style="width: 45px;"><button type="button" class="chakra-button css-mudsm6" data-testid="atc-button"><svg stroke="currentColor" fill="currentColor" stroke-width="0" viewBox="0 0 24 24" focusable="false" class="chakra-icon css-1g3sp7a" data-testid="btn-icon" aria-hidden="true" height="1em" width="1em" xmlns="http://www.w3.org/2000/svg"><path d="M19 13h-6v6h-2v-6H5v-2h6V5h2v6h6v2z"></path></svg><span class="css-idkz9h">Add Real Whipped Cream, Regular to cart</span></button></div></div></div></div></div></div><div class="css-0"><div class="css-f5i5wc"><div class="chakra-linkbox css-vhnn8v"><div data-testid="product-image" class="css-16dr4ly"><img alt="Nestlé Original Powder 1.4 kg, $0.93/100g" src="https://assets.shop.loblaws.ca/products/20319868/b3/en/front/20319868_front_a06_@2.png" srcset="https://assets.shop.loblaws.ca/products/20319868/b3/en/front/20319868_front_a06_@2.png 1x, https://assets.shop.loblaws.ca/products/20319868/b3/en/front/20319868_front_a06_@2.png 2x" loading="lazy" class="chakra-image css-oguq8l" aria-hidden="true"></div><div class="css-qoklea"><div class="css-12dchmx"></div><div data-testid="price-product-tile" class="css-8atqhb"><p class="chakra-text css-0"><span class="chakra-text css-pwnbcb" data-testid="regular-price"><span class="css-idkz9h">$12.99</span>$12.99</span></p></div><a href="/original-powder/p/20319868_EA?source=nspt" class="chakra-linkbox__overlay css-1hnz6hu"><div class="css-0"><p class="chakra-text css-1ecdp9w" data-testid="product-brand">Nestlé</p><h3 class="chakra-heading css-6qrhwc" id="20319868_EA" data-testid="product-title">Original Powder</h3><p class="chakra-text css-1yftjin" data-testid="product-package-size">1.4 kg, $0.93/100g</p></div></a><div class="css-8keand"></div></div><div class="css-1q5omjq"><div class="css-fcebb8"><div data-testid="atc-compact" class="css-y94ivq" style="width: 45px;"><button type="button" class="chakra-button css-mudsm6" data-testid="atc-button"><svg stroke="currentColor" fill="currentColor" stroke-width="0" viewBox="0 0 24 24" focusable="false" class="chakra-icon css-1g3sp7a" data-testid="btn-icon" aria-hidden="true" height="1em" width="1em" xmlns="http://www.w3.org/2000/svg"><path d="M19 13h-6v6h-2v-6H5v-2h6V5h2v6h6v2z"></path></svg><span class="css-idkz9h">Add Original Powder to cart</span></button></div></div></div></div></div></div><div class="css-0"><div class="css-f5i5wc"><div class="chakra-linkbox css-vhnn8v"><div data-testid="product-image" class="css-16dr4ly"><img alt="Neilson TruTaste 1% Milk 4 l, $0.12/100ml" src="https://assets.shop.loblaws.ca/products/20136554/b3/en/front/20136554_front_a06_@2.png" srcset="https://assets.shop.loblaws.ca/products/20136554/b3/en/front/20136554_front_a06_@2.png 1x, https://assets.shop.loblaws.ca/products/20136554/b3/en/front/20136554_front_a06_@2.png 2x" loading="lazy" class="chakra-image css-oguq8l" aria-hidden="true"></div><div class="css-qoklea"><div class="css-12dchmx"></div><div data-testid="price-product-tile" class="css-8atqhb"><p class="chakra-text css-0"><span class="chakra-text css-o93gbd" data-testid="sale-price"><span class="css-idkz9h">$4.99</span>$4.99</span><span class="chakra-text css-623q5h" data-testid="was-price"><span class="css-idkz9h">$6.49</span>$6.49</span></p><p class="chakra-text css-1m5a6y8" data-testid="price-descriptor">SAVE $1.50</p></div><a href="/trutaste-1-milk/p/20136554_EA?source=nspt" class="chakra-linkbox__overlay css-1hnz6hu"><div class="css-0"><p class="chakra-text css-1ecdp9w" data-testid="product-brand">Neilson</p><h3 class="chakra-heading css-6qrhwc" id="20136554_EA" data-testid="product-title">TruTaste 1% Milk</h3><p class="chakra-text css-1yftjin" data-testid="product-package-size">4 l, $0.12/100ml</p></div></a><div class="css-8keand"></div></div><div class="css-1q5omjq"><div class="css-fcebb8"><div data-testid="atc-compact" class="css-y94ivq" style="width: 45px;"><button type="button" class="chakra-button css-mudsm6" data-testid="atc-button"><svg stroke="currentColor" fill="currentColor" stroke-width="0" viewBox="0 0 24 24" focusable="false" class="chakra-icon css-1g3sp7a" data-testid="btn-icon" aria-hidden="true" height="1em" width="1em" xmlns="http://www.w3.org/2000/svg"><path d="M19 13h-6v6h-2v-6H5v-2h6V5h2v6h6v2z"></path></svg><span class="css-idkz9h">Add TruTaste 1% Milk to cart</span></button></div></div><div class="css-4saf4a"><p class="chakra-text css-py8788" data-testid="inventory-badge-text">Low Stock</p></div></div></div></div></div><div class="css-0"><div class="css-f5i5wc"><div class="chakra-linkbox css-vhnn8v"><div data-testid="product-image" class="css-16dr4ly"><img alt="Neilson Skim Milk 4 l, $0.15/100ml" src="https://assets.shop.loblaws.ca/products/20172914/b3/en/front/20172914_front_a06_@2.png" srcset="https://assets.shop.loblaws.ca/products/20172914/b3/en/front/20172914_front_a06_@2.png 1x, https://assets.shop.loblaws.ca/products/20172914/b3/en/front/20172914_front_a06_@2.png 2x" loading="lazy" class="chakra-image css-oguq8l" aria-hidden="true"></div><div class="css-qoklea"><div class="css-12dchmx"></div><div data-testid="price-product-tile" class="css-8atqhb"><p class="chakra-text css-0"><span class="chakra-text css-pwnbcb" data-testid="regular-price"><span class="css-idkz9h">$6.08</span>$6.08</span></p></div><a href="/skim-milk/p/20172914_EA?source=nspt" class="chakra-linkbox__overlay css-1hnz6hu"><div class="css-0"><p class="chakra-text css-1ecdp9w" data-testid="product-brand">Neilson</p><h3 class="chakra-heading css-6qrhwc" id="20172914_EA" data-testid="product-title">Skim Milk</h3><p class="chakra-text css-1yftjin" data-testid="product-package-size">4 l, $0.15/100ml</p></div></a><div class="css-8keand"></div></div><div class="css-1q5omjq"><div class="css-fcebb8"><div data-testid="atc-compact" class="css-y94ivq" style="width: 45px;"><button type="button" class="chakra-button css-mudsm6" data-testid="atc-button"><svg stroke="currentColor" fill="currentColor" stroke-width="0" viewBox="0 0 24 24" focusable="false" class="chakra-icon css-1g3sp7a" data-testid="btn-icon" aria-hidden="true" height="1em" width="1em" xmlns="http://www.w3.org/2000/svg"><path d="M19 13h-6v6h-2v-6H5v-2h6V5h2v6h6v2z"></path></svg><span class="css-idkz9h">Add Skim Milk to cart</span></button></div></div></div></div></div></div><div class="css-0"><div class="css-f5i5wc"><div class="chakra-linkbox css-vhnn8v"><div data-testid="product-image" class="css-16dr4ly"><img alt="Neilson Chocolate Milkshake 310 ml, $0.58/100ml" src="https://assets.shop.loblaws.ca/products/21040956/b3/en/front/21040956_front_a06_@2.png" srcset="https://assets.shop.loblaws.ca/products/21040956/b3/en/front/21040956_front_a06_@2.png 1x, https://assets.shop.loblaws.ca/products/21040956/b3/en/front/21040956_front_a06_@2.png 2x" loading="lazy" class="chakra-image css-oguq8l" aria-hidden="true"></div><div class="css-qoklea"><div class="css-12dchmx"></div><div data-testid="price-product-tile" class="css-8atqhb"><p class="chakra-text css-0"><span class="chakra-text css-pwnbcb" data-testid="regular-price"><span class="css-idkz9h">$1.79</span>$1.79</span></p></div><a href="/chocolate-milkshake/p/21040956_EA?source=nspt" class="chakra-linkbox__overlay css-1hnz6hu"><div class="css-0"><p class="chakra-text css-1ecdp9w" data-testid="product-brand">Neilson</p><h3 class="chakra-heading css-6qrhwc" id="21040956_EA" data-testid="product-title">Chocolate Milkshake</h3><p class="chakra-text css-1yftjin" data-testid="product-package-size">310 ml, $0.58/100ml</p></div></a><div class="css-8keand"></div></div><div class="css-1q5omjq"><div class="css-fcebb8"><div data-testid="atc-compact" class="css-y94ivq" style="width: 45px;"><button type="button" class="chakra-button css-mudsm6" data-testid="atc-button"><svg stroke="currentColor" fill="currentColor" stroke-width="0" viewBox="0 0 24 24" focusable="false" class="chakra-icon css-1g3sp7a" data-testid="btn-icon" aria-hidden="true" height="1em" width="1em" xmlns="http://www.w3.org/2000/svg"><path d="M19 13h-6v6h-2v-6H5v-2h6V5h2v6h6v2z"></path></svg><span class="css-idkz9h">Add Chocolate Milkshake to cart</span></button></div></div></div></div></div></div><div class="css-0"><div class="css-f5i5wc"><div class="chakra-linkbox css-vhnn8v"><div data-testid="product-image" class="css-16dr4ly"><img alt="Neilson Trutaste Homogenized Milk Lactose Free 3.25% M.F. 4 l, $0.28/100ml" src="https://assets.shop.loblaws.ca/products/21107134/b3/en/front/21107134_front_a06_@2.png" srcset="https://assets.shop.loblaws.ca/products/21107134/b3/en/front/21107134_front_a06_@2.png 1x, https://assets.shop.loblaws.ca/products/21107134/b3/en/front/21107134_front_a06_@2.png 2x" loading="lazy" class="chakra-image css-oguq8l" aria-hidden="true"></div><div class="css-qoklea"><div class="css-12dchmx"></div><div data-testid="price-product-tile" class="css-8atqhb"><p class="chakra-text css-0"><span class="chakra-text css-pwnbcb" data-testid="regular-price"><span class="css-idkz9h">$11.19</span>$11.19</span></p></div><a href="/trutaste-homogenized-milk-lactose-free-3-25-m-f/p/21107134_EA?source=nspt" class="chakra-linkbox__overlay css-1hnz6hu"><div class="css-0"><p class="chakra-text css-1ecdp9w" data-testid="product-brand">Neilson</p><h3 class="chakra-heading css-6qrhwc" id="21107134_EA" data-testid="product-title">Trutaste Homogenized Milk Lactose Free 3.25% M.F.</h3><p class="chakra-text css-1yftjin" data-testid="product-package-size">4 l, $0.28/100ml</p></div></a><div class="css-8keand"></div></div><div class="css-1q5omjq"><div class="css-fcebb8"><div data-testid="atc-compact" class="css-y94ivq" style="width: 45px;"><button type="button" class="chakra-button css-mudsm6" data-testid="atc-button"><svg stroke="currentColor" fill="currentColor" stroke-width="0" viewBox="0 0 24 24" focusable="false" class="chakra-icon css-1g3sp7a" data-testid="btn-icon" aria-hidden="true" height="1em" width="1em" xmlns="http://www.w3.org/2000/svg"><path d="M19 13h-6v6h-2v-6H5v-2h6V5h2v6h6v2z"></path></svg><span class="css-idkz9h">Add Trutaste Homogenized Milk Lactose Free 3.25% M.F. to cart</span></button></div></div></div></div></div></div><div class="css-0"><div class="css-f5i5wc"><div class="chakra-linkbox css-vhnn8v"><div data-testid="product-image" class="css-16dr4ly"><img alt="Neilson Trutaste Lactose Free 2% Milk 2 l, $0.25/100ml" src="https://assets.shop.loblaws.ca/products/20188053001/b3/en/front/20188053001_front_a06_@2.png" srcset="https://assets.shop.loblaws.ca/products/20188053001/b3/en/front/20188053001_front_a06_@2.png 1x, https://assets.shop.loblaws.ca/products/20188053001/b3/en/front/20188053001_front_a06_@2.png 2x" loading="lazy" class="chakra-image css-oguq8l" aria-hidden="true"></div><div class="css-qoklea"><div class="css-12dchmx"></div><div data-testid="price-product-tile" class="css-8atqhb"><p class="chakra-text css-0"><span class="chakra-text css-o93gbd" data-testid="sale-price"><span class="css-idkz9h">$4.99</span>$4.99</span><span class="chakra-text css-623q5h" data-testid="was-price"><span class="css-idkz9h">$6.19</span>$6.19</span></p><p class="chakra-text css-1m5a6y8" data-testid="price-descriptor">SAVE $1.20</p></div><a href="/trutaste-lactose-free-2-milk/p/20188053001_EA?source=nspt" class="chakra-linkbox__overlay css-1hnz6hu"><div class="css-0"><p class="chakra-text css-1ecdp9w" data-testid="product-brand">Neilson</p><h3 class="chakra-heading css-6qrhwc" id="20188053001_EA" data-testid="product-title">Trutaste Lactose Free 2% Milk</h3><p class="chakra-text css-1yftjin" data-testid="product-package-size">2 l, $0.25/100ml</p></div></a><div class="css-8keand"></div></div><div class="css-1q5omjq"><div class="css-fcebb8"><div data-testid="atc-compact" class="css-y94ivq" style="width: 45px;"><button type="button" class="chakra-button css-mudsm6" data-testid="atc-button"><svg stroke="currentColor" fill="currentColor" stroke-width="0" viewBox="0 0 24 24" focusable="false" class="chakra-icon css-1g3sp7a" data-testid="btn-icon" aria-hidden="true" height="1em" width="1em" xmlns="http://www.w3.org/2000/svg"><path d="M19 13h-6v6h-2v-6H5v-2h6V5h2v6h6v2z"></path></svg><span class="css-idkz9h">Add Trutaste Lactose Free 2% Milk to cart</span></button></div></div></div></div></div></div><div class="css-0"><div class="css-f5i5wc"><div class="chakra-linkbox css-vhnn8v"><div data-testid="product-image" class="css-16dr4ly"><img alt="Starbucks Almond &amp; Oat Non-Dairy Coffee Enchancer, Vanilla 828 ml, $0.96/100ml" src="https://assets.shop.loblaws.ca/products/21587362/b3/en/front/21587362_front_a06_@2.png" srcset="https://assets.shop.loblaws.ca/products/21587362/b3/en/front/21587362_front_a06_@2.png 1x, https://assets.shop.loblaws.ca/products/21587362/b3/en/front/21587362_front_a06_@2.png 2x" loading="lazy" class="chakra-image css-oguq8l" aria-hidden="true"></div><div class="css-qoklea"><div class="css-12dchmx"></div><div data-testid="price-product-tile" class="css-8atqhb"><p class="chakra-text css-0"><span class="chakra-text css-pwnbcb" data-testid="regular-price"><span class="css-idkz9h">$7.99</span>$7.99</span></p></div><a href="/almond-oat-non-dairy-coffee-enchancer-vanilla/p/21587362_EA?source=nspt" class="chakra-linkbox__overlay css-1hnz6hu"><div class="css-0"><p class="chakra-text css-1ecdp9w" data-testid="product-brand">Starbucks</p><h3 class="chakra-heading css-6qrhwc" id="21587362_EA" data-testid="product-title">Almond &amp; Oat Non-Dairy Coffee Enchancer, Vanilla</h3><p class="chakra-text css-1yftjin" data-testid="product-package-size">828 ml, $0.96/100ml</p></div></a><div class="css-8keand"></div></div><div class="css-1q5omjq"><div class="css-fcebb8"><div data-testid="atc-compact" class="css-y94ivq" style="width: 45px;"><button type="button" class="chakra-button css-mudsm6" data-testid="atc-button"><svg stroke="currentColor" fill="currentColor" stroke-width="0" viewBox="0 0 24 24" focusable="false" class="chakra-icon css-1g3sp7a" data-testid="btn-icon" aria-hidden="true" height="1em" width="1em" xmlns="http://www.w3.org/2000/svg"><path d="M19 13h-6v6h-2v-6H5v-2h6V5h2v6h6v2z"></path></svg><span class="css-idkz9h">Add Almond &amp; Oat Non-Dairy Coffee Enchancer, Vanilla to cart</span></button></div></div></div></div></div></div><div class="css-0"><div class="css-f5i5wc"><div class="chakra-linkbox css-vhnn8v"><div data-testid="product-image" class="css-16dr4ly"><img alt="Neilson Homogenized Milk 2 l, $0.27/100ml" src="https://assets.shop.loblaws.ca/products/20125636/b3/en/front/20125636_front_a06_@2.png" srcset="https://assets.shop.loblaws.ca/products/20125636/b3/en/front/20125636_front_a06_@2.png 1x, https://assets.shop.loblaws.ca/products/20125636/b3/en/front/20125636_front_a06_@2.png 2x" loading="lazy" class="chakra-image css-oguq8l" aria-hidden="true"></div><div class="css-qoklea"><div class="css-12dchmx"></div><div data-testid="price-product-tile" class="css-8atqhb"><p class="chakra-text css-0"><span class="chakra-text css-pwnbcb" data-testid="regular-price"><span class="css-idkz9h">$5.44</span>$5.44</span></p></div><a href="/homogenized-milk/p/20125636_EA?source=nspt" class="chakra-linkbox__overlay css-1hnz6hu"><div class="css-0"><p class="chakra-text css-1ecdp9w" data-testid="product-brand">Neilson</p><h3 class="chakra-heading css-6qrhwc" id="20125636_EA" data-testid="product-title">Homogenized Milk</h3><p class="chakra-text css-1yftjin" data-testid="product-package-size">2 l, $0.27/100ml</p></div></a><div class="css-8keand"></div></div><div class="css-1q5omjq"><div class="css-fcebb8"><div data-testid="atc-compact" class="css-y94ivq" style="width: 45px;"><button type="button" class="chakra-button css-mudsm6" data-testid="atc-button"><svg stroke="currentColor" fill="currentColor" stroke-width="0" viewBox="0 0 24 24" focusable="false" class="chakra-icon css-1g3sp7a" data-testid="btn-icon" aria-hidden="true" height="1em" width="1em" xmlns="http://www.w3.org/2000/svg"><path d="M19 13h-6v6h-2v-6H5v-2h6V5h2v6h6v2z"></path></svg><span class="css-idkz9h">Add Homogenized Milk to cart</span></button></div></div></div></div></div></div><div class="css-0"><div class="css-f5i5wc"><div class="chakra-linkbox css-vhnn8v"><div data-testid="product-image" class="css-16dr4ly"><img alt="Neilson Trutaste Lactose Free 1% Milk 4 l, $0.27/100ml" src="https://assets.shop.loblaws.ca/products/20159579/b3/en/front/20159579_front_a06_@2.png" srcset="https://assets.shop.loblaws.ca/products/20159579/b3/en/front/20159579_front_a06_@2.png 1x, https://assets.shop.loblaws.ca/products/20159579/b3/en/front/20159579_front_a06_@2.png 2x" loading="lazy" class="chakra-image css-oguq8l" aria-hidden="true"></div><div class="css-qoklea"><div class="css-12dchmx"></div><div data-testid="price-product-tile" class="css-8atqhb"><p class="chakra-text css-0"><span class="chakra-text css-pwnbcb" data-testid="regular-price"><span class="css-idkz9h">$10.89</span>$10.89</span></p></div><a href="/trutaste-lactose-free-1-milk/p/20159579_EA?source=nspt" class="chakra-linkbox__overlay css-1hnz6hu"><div class="css-0"><p class="chakra-text css-1ecdp9w" data-testid="product-brand">Neilson</p><h3 class="chakra-heading css-6qrhwc" id="20159579_EA" data-testid="product-title">Trutaste Lactose Free 1% Milk</h3><p class="chakra-text css-1yftjin" data-testid="product-package-size">4 l, $0.27/100ml</p></div></a><div class="css-8keand"></div></div><div class="css-1q5omjq"><div class="css-fcebb8"><div data-testid="atc-compact" class="css-y94ivq" style="width: 45px;"><button type="button" class="chakra-button css-mudsm6" data-testid="atc-button"><svg stroke="currentColor" fill="currentColor" stroke-width="0" viewBox="0 0 24 24" focusable="false" class="chakra-icon css-1g3sp7a" data-testid="btn-icon" aria-hidden="true" height="1em" width="1em" xmlns="http://www.w3.org/2000/svg"><path d="M19 13h-6v6h-2v-6H5v-2h6V5h2v6h6v2z"></path></svg><span class="css-idkz9h">Add Trutaste Lactose Free 1% Milk to cart</span></button></div></div></div></div></div></div><div class="css-0"><div class="css-f5i5wc"><div class="chakra-linkbox css-vhnn8v"><div data-testid="product-image" class="css-16dr4ly"><img alt="Liberte Goat Milk 3.25% M.F 1 l, $0.50/100ml" src="https://assets.shop.loblaws.ca/products/20975190/b3/en/front/20975190_front_a06_@2.png" srcset="https://assets.shop.loblaws.ca/products/20975190/b3/en/front/20975190_front_a06_@2.png 1x, https://assets.shop.loblaws.ca/products/20975190/b3/en/front/20975190_front_a06_@2.png 2x" loading="lazy" class="chakra-image css-oguq8l" aria-hidden="true"></div><div class="css-qoklea"><div class="css-12dchmx"></div><div data-testid="price-product-tile" class="css-8atqhb"><p class="chakra-text css-0"><span class="chakra-text css-pwnbcb" data-testid="regular-price"><span class="css-idkz9h">$4.99</span>$4.99</span></p></div><a href="/goat-milk-3-25-m-f/p/20975190_EA?source=nspt" class="chakra-linkbox__overlay css-1hnz6hu"><div class="css-0"><p class="chakra-text css-1ecdp9w" data-testid="product-brand">Liberte</p><h3 class="chakra-heading css-6qrhwc" id="20975190_EA" data-testid="product-title">Goat Milk 3.25% M.F</h3><p class="chakra-text css-1yftjin" data-testid="product-package-size">1 l, $0.50/100ml</p></div></a><div class="css-8keand"></div></div><div class="css-1q5omjq"><div class="css-fcebb8"><div data-testid="atc-compact" class="css-y94ivq" style="width: 45px;"><button type="button" class="chakra-button css-mudsm6" data-testid="atc-button"><svg stroke="currentColor" fill="currentColor" stroke-width="0" viewBox="0 0 24 24" focusable="false" class="chakra-icon css-1g3sp7a" data-testid="btn-icon" aria-hidden="true" height="1em" width="1em" xmlns="http://www.w3.org/2000/svg"><path d="M19 13h-6v6h-2v-6H5v-2h6V5h2v6h6v2z"></path></svg><span class="css-idkz9h">Add Goat Milk 3.25% M.F to cart</span></button></div></div></div></div></div></div><div class="css-0"><div class="css-f5i5wc"><div class="chakra-linkbox css-vhnn8v"><div data-testid="product-image" class="css-16dr4ly"><img alt="No Name Coffee Whitener 450 g, $0.78/100g" src="https://assets.shop.loblaws.ca/products/20310718/b3/en/front/20310718_front_a06_@2.png" srcset="https://assets.shop.loblaws.ca/products/20310718/b3/en/front/20310718_front_a06_@2.png 1x, https://assets.shop.loblaws.ca/products/20310718/b3/en/front/20310718_front_a06_@2.png 2x" loading="lazy" class="chakra-image css-oguq8l" aria-hidden="true"></div><div class="css-qoklea"><div class="css-12dchmx"></div><div data-testid="price-product-tile" class="css-8atqhb"><p class="chakra-text css-0"><span class="chakra-text css-pwnbcb" data-testid="regular-price"><span class="css-idkz9h">$3.49</span>$3.49</span></p></div><a href="/coffee-whitener/p/20310718_EA?source=nspt" class="chakra-linkbox__overlay css-1hnz6hu"><div class="css-0"><p class="chakra-text css-1ecdp9w" data-testid="product-brand">No Name</p><h3 class="chakra-heading css-6qrhwc" id="20310718_EA" data-testid="product-title">Coffee Whitener</h3><p class="chakra-text css-1yftjin" data-testid="product-package-size">450 g, $0.78/100g</p></div></a><div class="css-8keand"></div></div><div class="css-1q5omjq"><div class="css-fcebb8"><div data-testid="atc-compact" class="css-y94ivq" style="width: 45px;"><button type="button" class="chakra-button css-mudsm6" data-testid="atc-button"><svg stroke="currentColor" fill="currentColor" stroke-width="0" viewBox="0 0 24 24" focusable="false" class="chakra-icon css-1g3sp7a" data-testid="btn-icon" aria-hidden="true" height="1em" width="1em" xmlns="http://www.w3.org/2000/svg"><path d="M19 13h-6v6h-2v-6H5v-2h6V5h2v6h6v2z"></path></svg><span class="css-idkz9h">Add Coffee Whitener to cart</span></button></div></div></div></div></div></div><div class="css-0"><div class="css-f5i5wc"><div class="chakra-linkbox css-vhnn8v"><div data-testid="product-image" class="css-16dr4ly"><img alt="Nestlé COFFEE-MATE Original Powder 450 g, $1.44/100g" src="https://assets.shop.loblaws.ca/products/20309221002/b3/en/front/20309221002_front_a06_@2.png" srcset="https://assets.shop.loblaws.ca/products/20309221002/b3/en/front/20309221002_front_a06_@2.png 1x, https://assets.shop.loblaws.ca/products/20309221002/b3/en/front/20309221002_front_a06_@2.png 2x" loading="lazy" class="chakra-image css-oguq8l" aria-hidden="true"></div><div class="css-qoklea"><div class="css-12dchmx"></div><div data-testid="price-product-tile" class="css-8atqhb"><p class="chakra-text css-0"><span class="chakra-text css-pwnbcb" data-testid="regular-price"><span class="css-idkz9h">$6.49</span>$6.49</span></p></div><a href="/coffee-mate-original-powder/p/20309221002_EA?source=nspt" class="chakra-linkbox__overlay css-1hnz6hu"><div class="css-0"><p class="chakra-text css-1ecdp9w" data-testid="product-brand">Nestlé</p><h3 class="chakra-heading css-6qrhwc" id="20309221002_EA" data-testid="product-title">COFFEE-MATE Original Powder</h3><p class="chakra-text css-1yftjin" data-testid="product-package-size">450 g, $1.44/100g</p></div></a><div class="css-8keand"></div></div><div class="css-1q5omjq"><div class="css-fcebb8"><div data-testid="atc-compact" class="css-y94ivq" style="width: 45px;"><button type="button" class="chakra-button css-mudsm6" data-testid="atc-button"><svg stroke="currentColor" fill="currentColor" stroke-width="0" viewBox="0 0 24 24" focusable="false" class="chakra-icon css-1g3sp7a" data-testid="btn-icon" aria-hidden="true" height="1em" width="1em" xmlns="http://www.w3.org/2000/svg"><path d="M19 13h-6v6h-2v-6H5v-2h6V5h2v6h6v2z"></path></svg><span class="css-idkz9h">Add COFFEE-MATE Original Powder to cart</span></button></div></div></div></div></div></div><div class="css-0"><div class="css-f5i5wc"><div class="chakra-linkbox css-vhnn8v"><div data-testid="product-image" class="css-16dr4ly"><img alt="International Delight Caramel Macchiato Cold Foam 396 g, $1.13/100g" src="https://assets.shop.loblaws.ca/products/21590944/b3/en/front/21590944_front_a06_@2.png" srcset="https://assets.shop.loblaws.ca/products/21590944/b3/en/front/21590944_front_a06_@2.png 1x, https://assets.shop.loblaws.ca/products/21590944/b3/en/front/21590944_front_a06_@2.png 2x" loading="lazy" class="chakra-image css-oguq8l" aria-hidden="true"></div><div class="css-qoklea"><div class="css-12dchmx"></div><div data-testid="price-product-tile" class="css-8atqhb"><p class="chakra-text css-0"><span class="chakra-text css-o93gbd" data-testid="sale-price"><span class="css-idkz9h">$4.49</span>$4.49</span><span class="chakra-text css-623q5h" data-testid="was-price"><span class="css-idkz9h">$5.49</span>$5.49</span></p><p class="chakra-text css-1m5a6y8" data-testid="price-descriptor">SAVE $1.00</p></div><a href="/caramel-macchiato-cold-foam/p/21590944_EA?source=nspt" class="chakra-linkbox__overlay css-1hnz6hu"><div class="css-0"><p class="chakra-text css-1ecdp9w" data-testid="product-brand">International Delight</p><h3 class="chakra-heading css-6qrhwc" id="21590944_EA" data-testid="product-title">Caramel Macchiato Cold Foam</h3><p class="chakra-text css-1yftjin" data-testid="product-package-size">396 g, $1.13/100g</p></div></a><div class="css-8keand"></div></div><div class="css-1q5omjq"><div class="css-fcebb8"><div data-testid="atc-compact" class="css-y94ivq" style="width: 45px;"><button type="button" class="chakra-button css-mudsm6" data-testid="atc-button"><svg stroke="currentColor" fill="currentColor" stroke-width="0" viewBox="0 0 24 24" focusable="false" class="chakra-icon css-1g3sp7a" data-testid="btn-icon" aria-hidden="true" height="1em" width="1em" xmlns="http://www.w3.org/2000/svg"><path d="M19 13h-6v6h-2v-6H5v-2h6V5h2v6h6v2z"></path></svg><span class="css-idkz9h">Add Caramel Macchiato Cold Foam to cart</span></button></div></div></div></div></div></div><div class="css-0"><div class="css-f5i5wc"><div class="chakra-linkbox css-vhnn8v"><div data-testid="product-image" class="css-16dr4ly"><img alt="Neilson Dairy Protein Milk Beverage 2% M.F. 1.89 l, $0.26/100ml" src="https://assets.shop.loblaws.ca/products/21554369/b3/en/front/21554369_front_a06_@2.png" srcset="https://assets.shop.loblaws.ca/products/21554369/b3/en/front/21554369_front_a06_@2.png 1x, https://assets.shop.loblaws.ca/products/21554369/b3/en/front/21554369_front_a06_@2.png 2x" loading="lazy" class="chakra-image css-oguq8l" aria-hidden="true"></div><div class="css-qoklea"><div class="css-12dchmx"></div><div data-testid="price-product-tile" class="css-8atqhb"><p class="chakra-text css-0"><span class="chakra-text css-o93gbd" data-testid="sale-price"><span class="css-idkz9h">$4.99</span>$4.99</span><span class="chakra-text css-623q5h" data-testid="was-price"><span class="css-idkz9h">$7.29</span>$7.29</span></p><p class="chakra-text css-1m5a6y8" data-testid="price-descriptor">SAVE $2.30</p></div><a href="/dairy-protein-milk-beverage-2-m-f/p/21554369_EA?source=nspt" class="chakra-linkbox__overlay css-1hnz6hu"><div class="css-0"><p class="chakra-text css-1ecdp9w" data-testid="product-brand">Neilson</p><h3 class="chakra-heading css-6qrhwc" id="21554369_EA" data-testid="product-title">Dairy Protein Milk Beverage 2% M.F.</h3><p class="chakra-text css-1yftjin" data-testid="product-package-size">1.89 l, $0.26/100ml</p></div></a><div class="css-8keand"></div></div><div class="css-1q5omjq"><div class="css-fcebb8"><div data-testid="atc-compact" class="css-y94ivq" style="width: 45px;"><button disabled="" type="button" class="chakra-button css-mudsm6" data-testid="atc-button"><svg stroke="currentColor" fill="currentColor" stroke-width="0" viewBox="0 0 24 24" focusable="false" class="chakra-icon css-1g3sp7a" data-testid="btn-icon" aria-hidden="true" height="1em" width="1em" xmlns="http://www.w3.org/2000/svg"><path d="M19 13h-6v6h-2v-6H5v-2h6V5h2v6h6v2z"></path></svg><span class="css-idkz9h">Add Dairy Protein Milk Beverage 2% M.F. to cart</span></button></div></div><div class="css-4saf4a"><p class="chakra-text css-py8788" data-testid="inventory-badge-text">Out of Stock</p></div></div></div></div></div><div class="css-0"><div class="css-f5i5wc"><div class="chakra-linkbox css-vhnn8v"><div data-testid="product-image" class="css-16dr4ly"><img alt="International Delight Southern Butter Pecan Coffee Creamer 946 ml, $0.47/100ml" src="https://assets.shop.loblaws.ca/products/20895480004/b3/en/front/20895480004_front_a06_@2.png" srcset="https://assets.shop.loblaws.ca/products/20895480004/b3/en/front/20895480004_front_a06_@2.png 1x, https://assets.shop.loblaws.ca/products/20895480004/b3/en/front/20895480004_front_a06_@2.png 2x" loading="lazy" class="chakra-image css-oguq8l" aria-hidden="true"></div><div class="css-qoklea"><div class="css-12dchmx"></div><div data-testid="price-product-tile" class="css-8atqhb"><p class="chakra-text css-0"><span class="chakra-text css-o93gbd" data-testid="sale-price"><span class="css-idkz9h">$4.49</span>$4.49</span><span class="chakra-text css-623q5h" data-testid="was-price"><span class="css-idkz9h">$5.49</span>$5.49</span></p><p class="chakra-text css-1m5a6y8" data-testid="price-descriptor">SAVE $1.00</p></div><a href="/southern-butter-pecan-coffee-creamer/p/20895480004_EA?source=nspt" class="chakra-linkbox__overlay css-1hnz6hu"><div class="css-0"><p class="chakra-text css-1ecdp9w" data-testid="product-brand">International Delight</p><h3 class="chakra-heading css-6qrhwc" id="20895480004_EA" data-testid="product-title">Southern Butter Pecan Coffee Creamer</h3><p class="chakra-text css-1yftjin" data-testid="product-package-size">946 ml, $0.47/100ml</p></div></a><div class="css-8keand"></div></div><div class="css-1q5omjq"><div class="css-fcebb8"><div data-testid="atc-compact" class="css-y94ivq" style="width: 45px;"><button type="button" class="chakra-button css-mudsm6" data-testid="atc-button"><svg stroke="currentColor" fill="currentColor" stroke-width="0" viewBox="0 0 24 24" focusable="false" class="chakra-icon css-1g3sp7a" data-testid="btn-icon" aria-hidden="true" height="1em" width="1em" xmlns="http://www.w3.org/2000/svg"><path d="M19 13h-6v6h-2v-6H5v-2h6V5h2v6h6v2z"></path></svg><span class="css-idkz9h">Add Southern Butter Pecan Coffee Creamer to cart</span></button></div></div></div></div></div></div><div class="css-0"><div class="css-f5i5wc"><div class="chakra-linkbox css-vhnn8v"><div data-testid="product-image" class="css-16dr4ly"><img alt="Neilson Homogenized Milk 3.25% 1 l, $0.38/100ml" src="https://assets.shop.loblaws.ca/products/20178677/b3/en/front/20178677_front_a06_@2.png" srcset="https://assets.shop.loblaws.ca/products/20178677/b3/en/front/20178677_front_a06_@2.png 1x, https://assets.shop.loblaws.ca/products/20178677/b3/en/front/20178677_front_a06_@2.png 2x" loading="lazy" class="chakra-image css-oguq8l" aria-hidden="true"></div><div class="css-qoklea"><div class="css-12dchmx"></div><div data-testid="price-product-tile" class="css-8atqhb"><p class="chakra-text css-0"><span class="chakra-text css-pwnbcb" data-testid="regular-price"><span class="css-idkz9h">$3.79</span>$3.79</span></p></div><a href="/homogenized-milk-3-25/p/20178677_EA?source=nspt" class="chakra-linkbox__overlay css-1hnz6hu"><div class="css-0"><p class="chakra-text css-1ecdp9w" data-testid="product-brand">Neilson</p><h3 class="chakra-heading css-6qrhwc" id="20178677_EA" data-testid="product-title">Homogenized Milk 3.25%</h3><p class="chakra-text css-1yftjin" data-testid="product-package-size">1 l, $0.38/100ml</p></div></a><div class="css-8keand"></div></div><div class="css-1q5omjq"><div class="css-fcebb8"><div data-testid="atc-compact" class="css-y94ivq" style="width: 45px;"><button type="button" class="chakra-button css-mudsm6" data-testid="atc-button"><svg stroke="currentColor" fill="currentColor" stroke-width="0" viewBox="0 0 24 24" focusable="false" class="chakra-icon css-1g3sp7a" data-testid="btn-icon" aria-hidden="true" height="1em" width="1em" xmlns="http://www.w3.org/2000/svg"><path d="M19 13h-6v6h-2v-6H5v-2h6V5h2v6h6v2z"></path></svg><span class="css-idkz9h">Add Homogenized Milk 3.25% to cart</span></button></div></div></div></div></div></div><div class="css-0"><div class="css-f5i5wc"><div class="chakra-linkbox css-vhnn8v"><div data-testid="product-image" class="css-16dr4ly"><img alt="Neilson Half and Half Cream 473 ml, $0.70/100ml" src="https://assets.shop.loblaws.ca/products/20774420/b3/en/front/20774420_front_a06_@2.png" srcset="https://assets.shop.loblaws.ca/products/20774420/b3/en/front/20774420_front_a06_@2.png 1x, https://assets.shop.loblaws.ca/products/20774420/b3/en/front/20774420_front_a06_@2.png 2x" loading="lazy" class="chakra-image css-oguq8l" aria-hidden="true"></div><div class="css-qoklea"><div class="css-12dchmx"></div><div data-testid="price-product-tile" class="css-8atqhb"><p class="chakra-text css-0"><span class="chakra-text css-pwnbcb" data-testid="regular-price"><span class="css-idkz9h">$3.33</span>$3.33</span></p></div><a href="/half-and-half-cream/p/20774420_EA?source=nspt" class="chakra-linkbox__overlay css-1hnz6hu"><div class="css-0"><p class="chakra-text css-1ecdp9w" data-testid="product-brand">Neilson</p><h3 class="chakra-heading css-6qrhwc" id="20774420_EA" data-testid="product-title">Half and Half Cream</h3><p class="chakra-text css-1yftjin" data-testid="product-package-size">473 ml, $0.70/100ml</p></div></a><div class="css-8keand"></div></div><div class="css-1q5omjq"><div class="css-fcebb8"><div data-testid="atc-compact" class="css-y94ivq" style="width: 45px;"><button type="button" class="chakra-button css-mudsm6" data-testid="atc-button"><svg stroke="currentColor" fill="currentColor" stroke-width="0" viewBox="0 0 24 24" focusable="false" class="chakra-icon css-1g3sp7a" data-testid="btn-icon" aria-hidden="true" height="1em" width="1em" xmlns="http://www.w3.org/2000/svg"><path d="M19 13h-6v6h-2v-6H5v-2h6V5h2v6h6v2z"></path></svg><span class="css-idkz9h">Add Half and Half Cream to cart</span></button></div></div></div></div></div></div><div class="css-0"><div class="css-f5i5wc"><div class="chakra-linkbox css-vhnn8v"><div data-testid="product-image" class="css-16dr4ly"><img alt="Tim Hortons Coffee Creamer, Vanilla Dip Donut 750 ml, $1.00/100ml" src="https://assets.shop.loblaws.ca/products/21541914/b3/en/front/21541914_front_a06_@2.png" srcset="https://assets.shop.loblaws.ca/products/21541914/b3/en/front/21541914_front_a06_@2.png 1x, https://assets.shop.loblaws.ca/products/21541914/b3/en/front/21541914_front_a06_@2.png 2x" loading="lazy" class="chakra-image css-oguq8l" aria-hidden="true"></div><div class="css-qoklea"><div class="css-12dchmx"></div><div data-testid="price-product-tile" class="css-8atqhb"><p class="chakra-text css-0"><span class="chakra-text css-pwnbcb" data-testid="regular-price"><span class="css-idkz9h">$7.49</span>$7.49</span></p></div><a href="/coffee-creamer-vanilla-dip-donut/p/21541914_EA?source=nspt" class="chakra-linkbox__overlay css-1hnz6hu"><div class="css-0"><p class="chakra-text css-1ecdp9w" data-testid="product-brand">Tim Hortons</p><h3 class="chakra-heading css-6qrhwc" id="21541914_EA" data-testid="product-title">Coffee Creamer, Vanilla Dip Donut</h3><p class="chakra-text css-1yftjin" data-testid="product-package-size">750 ml, $1.00/100ml</p></div></a><div class="css-8keand"></div></div><div class="css-1q5omjq"><div class="css-fcebb8"><div data-testid="atc-compact" class="css-y94ivq" style="width: 45px;"><button type="button" class="chakra-button css-mudsm6" data-testid="atc-button"><svg stroke="currentColor" fill="currentColor" stroke-width="0" viewBox="0 0 24 24" focusable="false" class="chakra-icon css-1g3sp7a" data-testid="btn-icon" aria-hidden="true" height="1em" width="1em" xmlns="http://www.w3.org/2000/svg"><path d="M19 13h-6v6h-2v-6H5v-2h6V5h2v6h6v2z"></path></svg><span class="css-idkz9h">Add Coffee Creamer, Vanilla Dip Donut to cart</span></button></div></div></div></div></div></div><div class="css-0"><div class="css-f5i5wc"><div class="chakra-linkbox css-vhnn8v"><div data-testid="product-image" class="css-16dr4ly"><img alt="Neilson Trutaste Lactose Free 2% Milk 1 l, $0.46/100ml" src="https://assets.shop.loblaws.ca/products/20025432002/b3/en/front/20025432002_front_a06_@2.png" srcset="https://assets.shop.loblaws.ca/products/20025432002/b3/en/front/20025432002_front_a06_@2.png 1x, https://assets.shop.loblaws.ca/products/20025432002/b3/en/front/20025432002_front_a06_@2.png 2x" loading="lazy" class="chakra-image css-oguq8l" aria-hidden="true"></div><div class="css-qoklea"><div class="css-12dchmx"></div><div data-testid="price-product-tile" class="css-8atqhb"><p class="chakra-text css-0"><span class="chakra-text css-pwnbcb" data-testid="regular-price"><span class="css-idkz9h">$4.59</span>$4.59</span></p></div><a href="/trutaste-lactose-free-2-milk/p/20025432002_EA?source=nspt" class="chakra-linkbox__overlay css-1hnz6hu"><div class="css-0"><p class="chakra-text css-1ecdp9w" data-testid="product-brand">Neilson</p><h3 class="chakra-heading css-6qrhwc" id="20025432002_EA" data-testid="product-title">Trutaste Lactose Free 2% Milk</h3><p class="chakra-text css-1yftjin" data-testid="product-package-size">1 l, $0.46/100ml</p></div></a><div class="css-8keand"></div></div><div class="css-1q5omjq"><div class="css-fcebb8"><div data-testid="atc-compact" class="css-y94ivq" style="width: 45px;"><button type="button" class="chakra-button css-mudsm6" data-testid="atc-button"><svg stroke="currentColor" fill="currentColor" stroke-width="0" viewBox="0 0 24 24" focusable="false" class="chakra-icon css-1g3sp7a" data-testid="btn-icon" aria-hidden="true" height="1em" width="1em" xmlns="http://www.w3.org/2000/svg"><path d="M19 13h-6v6h-2v-6H5v-2h6V5h2v6h6v2z"></path></svg><span class="css-idkz9h">Add Trutaste Lactose Free 2% Milk to cart</span></button></div></div></div></div></div></div><div class="css-0"><div class="css-f5i5wc"><div class="chakra-linkbox css-vhnn8v"><div data-testid="product-image" class="css-16dr4ly"><img alt="Nestlé Nesquik Milkshake 473 ml, $0.59/100ml" src="https://assets.shop.loblaws.ca/products/20323668002/b3/en/front/20323668002_front_a06_@2.png" srcset="https://assets.shop.loblaws.ca/products/20323668002/b3/en/front/20323668002_front_a06_@2.png 1x, https://assets.shop.loblaws.ca/products/20323668002/b3/en/front/20323668002_front_a06_@2.png 2x" loading="lazy" class="chakra-image css-oguq8l" aria-hidden="true"></div><div class="css-qoklea"><div class="css-12dchmx"></div><div data-testid="price-product-tile" class="css-8atqhb"><p class="chakra-text css-0"><span class="chakra-text css-pwnbcb" data-testid="regular-price"><span class="css-idkz9h">$2.79</span>$2.79</span></p></div><a href="/nesquik-milkshake/p/20323668002_EA?source=nspt" class="chakra-linkbox__overlay css-1hnz6hu"><div class="css-0"><p class="chakra-text css-1ecdp9w" data-testid="product-brand">Nestlé</p><h3 class="chakra-heading css-6qrhwc" id="20323668002_EA" data-testid="product-title">Nesquik Milkshake</h3><p class="chakra-text css-1yftjin" data-testid="product-package-size">473 ml, $0.59/100ml</p></div></a><div class="css-8keand"></div></div><div class="css-1q5omjq"><div class="css-fcebb8"><div data-testid="atc-compact" class="css-y94ivq" style="width: 45px;"><button type="button" class="chakra-button css-mudsm6" data-testid="atc-button"><svg stroke="currentColor" fill="currentColor" stroke-width="0" viewBox="0 0 24 24" focusable="false" class="chakra-icon css-1g3sp7a" data-testid="btn-icon" aria-hidden="true" height="1em" width="1em" xmlns="http://www.w3.org/2000/svg"><path d="M19 13h-6v6h-2v-6H5v-2h6V5h2v6h6v2z"></path></svg><span class="css-idkz9h">Add Nesquik Milkshake to cart</span></button></div></div></div></div></div></div><div class="css-0"><div class="css-f5i5wc"><div class="chakra-linkbox css-vhnn8v"><div data-testid="product-image" class="css-16dr4ly"><img alt="PC Organics Organic Homogenized Milk 2 l, $0.36/100ml" src="https://assets.shop.loblaws.ca/products/20354144/b3/en/front/20354144_front_a06_@2.png" srcset="https://assets.shop.loblaws.ca/products/20354144/b3/en/front/20354144_front_a06_@2.png 1x, https://assets.shop.loblaws.ca/products/20354144/b3/en/front/20354144_front_a06_@2.png 2x" loading="lazy" class="chakra-image css-oguq8l" aria-hidden="true"></div><div class="css-qoklea"><div class="css-12dchmx"></div><div data-testid="price-product-tile" class="css-8atqhb"><p class="chakra-text css-0"><span class="chakra-text css-pwnbcb" data-testid="regular-price"><span class="css-idkz9h">$7.14</span>$7.14</span></p></div><a href="/organic-homogenized-milk/p/20354144_EA?source=nspt" class="chakra-linkbox__overlay css-1hnz6hu"><div class="css-0"><p class="chakra-text css-1ecdp9w" data-testid="product-brand">PC Organics</p><h3 class="chakra-heading css-6qrhwc" id="20354144_EA" data-testid="product-title">Organic Homogenized Milk</h3><p class="chakra-text css-1yftjin" data-testid="product-package-size">2 l, $0.36/100ml</p></div></a><div class="css-8keand"></div></div><div class="css-1q5omjq"><div class="css-fcebb8"><div data-testid="atc-compact" class="css-y94ivq" style="width: 45px;"><button type="button" class="chakra-button css-mudsm6" data-testid="atc-button"><svg stroke="currentColor" fill="currentColor" stroke-width="0" viewBox="0 0 24 24" focusable="false" class="chakra-icon css-1g3sp7a" data-testid="btn-icon" aria-hidden="true" height="1em" width="1em" xmlns="http://www.w3.org/2000/svg"><path d="M19 13h-6v6h-2v-6H5v-2h6V5h2v6h6v2z"></path></svg><span class="css-idkz9h">Add Organic Homogenized Milk to cart</span></button></div></div></div></div></div></div><div class="css-0"><div class="css-f5i5wc"><div class="chakra-linkbox css-vhnn8v"><div data-testid="product-image" class="css-16dr4ly"><img alt="Maxwell House Original Roast Ground Coffee 864 g, $1.27/100g" src="https://assets.shop.loblaws.ca/products/21606882/b3/en/front/21606882_front_a06_@2.png" srcset="https://assets.shop.loblaws.ca/products/21606882/b3/en/front/21606882_front_a06_@2.png 1x, https://assets.shop.loblaws.ca/products/21606882/b3/en/front/21606882_front_a06_@2.png 2x" loading="lazy" class="chakra-image css-oguq8l" aria-hidden="true"></div><div class="css-qoklea"><div class="css-12dchmx"><div class="chakra-badge css-34x0wr" data-testid="product-badge"><div class="css-u4p24i">New</div></div></div><div data-testid="price-product-tile" class="css-8atqhb"><p class="chakra-text css-0"><span class="chakra-text css-pwnbcb" data-testid="regular-price"><span class="css-idkz9h">$10.99</span>$10.99</span></p></div><a href="/original-roast-ground-coffee/p/21606882_EA?source=nspt" class="chakra-linkbox__overlay css-1hnz6hu"><div class="css-0"><p class="chakra-text css-1ecdp9w" data-testid="product-brand">Maxwell House</p><h3 class="chakra-heading css-6qrhwc" id="21606882_EA" data-testid="product-title">Original Roast Ground Coffee</h3><p class="chakra-text css-1yftjin" data-testid="product-package-size">864 g, $1.27/100g</p></div></a><div class="css-8keand"></div></div><div class="css-1q5omjq"><div class="css-fcebb8"><div data-testid="atc-compact" class="css-y94ivq" style="width: 45px;"><button type="button" class="chakra-button css-mudsm6" data-testid="atc-button"><svg stroke="currentColor" fill="currentColor" stroke-width="0" viewBox="0 0 24 24" focusable="false" class="chakra-icon css-1g3sp7a" data-testid="btn-icon" aria-hidden="true" height="1em" width="1em" xmlns="http://www.w3.org/2000/svg"><path d="M19 13h-6v6h-2v-6H5v-2h6V5h2v6h6v2z"></path></svg><span class="css-idkz9h">Add Original Roast Ground Coffee to cart</span></button></div></div></div></div></div></div><div class="css-0"><div class="css-f5i5wc"><div class="chakra-linkbox css-vhnn8v"><div data-testid="product-image" class="css-16dr4ly"><img alt="Neilson Half &amp; Half Cream 237 ml, $1.02/100ml" src="https://assets.shop.loblaws.ca/products/20773569/b3/en/front/20773569_front_a06_@2.png" srcset="https://assets.shop.loblaws.ca/products/20773569/b3/en/front/20773569_front_a06_@2.png 1x, https://assets.shop.loblaws.ca/products/20773569/b3/en/front/20773569_front_a06_@2.png 2x" loading="lazy" class="chakra-image css-oguq8l" aria-hidden="true"></div><div class="css-qoklea"><div class="css-12dchmx"></div><div data-testid="price-product-tile" class="css-8atqhb"><p class="chakra-text css-0"><span class="chakra-text css-pwnbcb" data-testid="regular-price"><span class="css-idkz9h">$2.41</span>$2.41</span></p></div><a href="/half-half-cream/p/20773569_EA?source=nspt" class="chakra-linkbox__overlay css-1hnz6hu"><div class="css-0"><p class="chakra-text css-1ecdp9w" data-testid="product-brand">Neilson</p><h3 class="chakra-heading css-6qrhwc" id="20773569_EA" data-testid="product-title">Half &amp; Half Cream</h3><p class="chakra-text css-1yftjin" data-testid="product-package-size">237 ml, $1.02/100ml</p></div></a><div class="css-8keand"></div></div><div class="css-1q5omjq"><div class="css-fcebb8"><div data-testid="atc-compact" class="css-y94ivq" style="width: 45px;"><button type="button" class="chakra-button css-mudsm6" data-testid="atc-button"><svg stroke="currentColor" fill="currentColor" stroke-width="0" viewBox="0 0 24 24" focusable="false" class="chakra-icon css-1g3sp7a" data-testid="btn-icon" aria-hidden="true" height="1em" width="1em" xmlns="http://www.w3.org/2000/svg"><path d="M19 13h-6v6h-2v-6H5v-2h6V5h2v6h6v2z"></path></svg><span class="css-idkz9h">Add Half &amp; Half Cream to cart</span></button></div></div></div></div></div></div><div class="css-0"><div class="css-f5i5wc"><div class="chakra-linkbox css-vhnn8v"><div data-testid="product-image" class="css-16dr4ly"><img alt="PC Organics Organic Partly Skimmed 1% Milk 4 l, $0.25/100ml" src="https://assets.shop.loblaws.ca/products/20308534002/b3/en/front/20308534002_front_a06_@2.png" srcset="https://assets.shop.loblaws.ca/products/20308534002/b3/en/front/20308534002_front_a06_@2.png 1x, https://assets.shop.loblaws.ca/products/20308534002/b3/en/front/20308534002_front_a06_@2.png 2x" loading="lazy" class="chakra-image css-oguq8l" aria-hidden="true"></div><div class="css-qoklea"><div class="css-12dchmx"></div><div data-testid="price-product-tile" class="css-8atqhb"><p class="chakra-text css-0"><span class="chakra-text css-pwnbcb" data-testid="regular-price"><span class="css-idkz9h">$10.19</span>$10.19</span></p></div><a href="/organic-partly-skimmed-1-milk/p/20308534002_EA?source=nspt" class="chakra-linkbox__overlay css-1hnz6hu"><div class="css-0"><p class="chakra-text css-1ecdp9w" data-testid="product-brand">PC Organics</p><h3 class="chakra-heading css-6qrhwc" id="20308534002_EA" data-testid="product-title">Organic Partly Skimmed 1% Milk</h3><p class="chakra-text css-1yftjin" data-testid="product-package-size">4 l, $0.25/100ml</p></div></a><div class="css-8keand"></div></div><div class="css-1q5omjq"><div class="css-fcebb8"><div data-testid="atc-compact" class="css-y94ivq" style="width: 45px;"><button type="button" class="chakra-button css-mudsm6" data-testid="atc-button"><svg stroke="currentColor" fill="currentColor" stroke-width="0" viewBox="0 0 24 24" focusable="false" class="chakra-icon css-1g3sp7a" data-testid="btn-icon" aria-hidden="true" height="1em" width="1em" xmlns="http://www.w3.org/2000/svg"><path d="M19 13h-6v6h-2v-6H5v-2h6V5h2v6h6v2z"></path></svg><span class="css-idkz9h">Add Organic Partly Skimmed 1% Milk to cart</span></button></div></div></div></div></div></div><div class="css-0"><div class="css-f5i5wc"><div class="chakra-linkbox css-vhnn8v"><div data-testid="product-image" class="css-16dr4ly"><img alt="Neilson Skim Milk 2 l, $0.27/100ml" src="https://assets.shop.loblaws.ca/products/20181606/b3/en/front/20181606_front_a06_@2.png" srcset="https://assets.shop.loblaws.ca/products/20181606/b3/en/front/20181606_front_a06_@2.png 1x, https://assets.shop.loblaws.ca/products/20181606/b3/en/front/20181606_front_a06_@2.png 2x" loading="lazy" class="chakra-image css-oguq8l" aria-hidden="true"></div><div class="css-qoklea"><div class="css-12dchmx"></div><div data-testid="price-product-tile" class="css-8atqhb"><p class="chakra-text css-0"><span class="chakra-text css-pwnbcb" data-testid="regular-price"><span class="css-idkz9h">$5.34</span>$5.34</span></p></div><a href="/skim-milk/p/20181606_EA?source=nspt" class="chakra-linkbox__overlay css-1hnz6hu"><div class="css-0"><p class="chakra-text css-1ecdp9w" data-testid="product-brand">Neilson</p><h3 class="chakra-heading css-6qrhwc" id="20181606_EA" data-testid="product-title">Skim Milk</h3><p class="chakra-text css-1yftjin" data-testid="product-package-size">2 l, $0.27/100ml</p></div></a><div class="css-8keand"></div></div><div class="css-1q5omjq"><div class="css-fcebb8"><div data-testid="atc-compact" class="css-y94ivq" style="width: 45px;"><button type="button" class="chakra-button css-mudsm6" data-testid="atc-button"><svg stroke="currentColor" fill="currentColor" stroke-width="0" viewBox="0 0 24 24" focusable="false" class="chakra-icon css-1g3sp7a" data-testid="btn-icon" aria-hidden="true" height="1em" width="1em" xmlns="http://www.w3.org/2000/svg"><path d="M19 13h-6v6h-2v-6H5v-2h6V5h2v6h6v2z"></path></svg><span class="css-idkz9h">Add Skim Milk to cart</span></button></div></div></div></div></div></div><div class="css-0"><div class="css-f5i5wc"><div class="chakra-linkbox css-vhnn8v"><div data-testid="product-image" class="css-16dr4ly"><img alt="Neilson Buttermilk 1 l, $0.41/100ml" src="https://assets.shop.loblaws.ca/products/20135384/b3/en/front/20135384_front_a06_@2.png" srcset="https://assets.shop.loblaws.ca/products/20135384/b3/en/front/20135384_front_a06_@2.png 1x, https://assets.shop.loblaws.ca/products/20135384/b3/en/front/20135384_front_a06_@2.png 2x" loading="lazy" class="chakra-image css-oguq8l" aria-hidden="true"></div><div class="css-qoklea"><div class="css-12dchmx"></div><div data-testid="price-product-tile" class="css-8atqhb"><p class="chakra-text css-0"><span class="chakra-text css-pwnbcb" data-testid="regular-price"><span class="css-idkz9h">$4.09</span>$4.09</span></p></div><a href="/buttermilk/p/20135384_EA?source=nspt" class="chakra-linkbox__overlay css-1hnz6hu"><div class="css-0"><p class="chakra-text css-1ecdp9w" data-testid="product-brand">Neilson</p><h3 class="chakra-heading css-6qrhwc" id="20135384_EA" data-testid="product-title">Buttermilk</h3><p class="chakra-text css-1yftjin" data-testid="product-package-size">1 l, $0.41/100ml</p></div></a><div class="css-8keand"></div></div><div class="css-1q5omjq"><div class="css-fcebb8"><div data-testid="atc-compact" class="css-y94ivq" style="width: 45px;"><button type="button" class="chakra-button css-mudsm6" data-testid="atc-button"><svg stroke="currentColor" fill="currentColor" stroke-width="0" viewBox="0 0 24 24" focusable="false" class="chakra-icon css-1g3sp7a" data-testid="btn-icon" aria-hidden="true" height="1em" width="1em" xmlns="http://www.w3.org/2000/svg"><path d="M19 13h-6v6h-2v-6H5v-2h6V5h2v6h6v2z"></path></svg><span class="css-idkz9h">Add Buttermilk to cart</span></button></div></div></div></div></div></div></div><div data-testid="product-grid" class="css-epcqr3"><div class="css-0"><div class="css-f5i5wc"><div class="chakra-linkbox css-vhnn8v"><div data-testid="product-image" class="css-16dr4ly"><img alt="Tim Hortons Coffee Creamer, Double Double 750 ml, $1.00/100ml" src="https://assets.shop.loblaws.ca/products/21541919/b3/en/front/21541919_front_a06_@2.png" srcset="https://assets.shop.loblaws.ca/products/21541919/b3/en/front/21541919_front_a06_@2.png 1x, https://assets.shop.loblaws.ca/products/21541919/b3/en/front/21541919_front_a06_@2.png 2x" loading="lazy" class="chakra-image css-oguq8l" aria-hidden="true"></div><div class="css-qoklea"><div class="css-12dchmx"></div><div data-testid="price-product-tile" class="css-8atqhb"><p class="chakra-text css-0"><span class="chakra-text css-pwnbcb" data-testid="regular-price"><span class="css-idkz9h">$7.49</span>$7.49</span></p></div><a href="/coffee-creamer-double-double/p/21541919_EA?source=nspt" class="chakra-linkbox__overlay css-1hnz6hu"><div class="css-0"><p class="chakra-text css-1ecdp9w" data-testid="product-brand">Tim Hortons</p><h3 class="chakra-heading css-6qrhwc" id="21541919_EA" data-testid="product-title">Coffee Creamer, Double Double</h3><p class="chakra-text css-1yftjin" data-testid="product-package-size">750 ml, $1.00/100ml</p></div></a><div class="css-8keand"></div></div><div class="css-1q5omjq"><div class="css-fcebb8"><div data-testid="atc-compact" class="css-y94ivq" style="width: 45px;"><button type="button" class="chakra-button css-mudsm6" data-testid="atc-button"><svg stroke="currentColor" fill="currentColor" stroke-width="0" viewBox="0 0 24 24" focusable="false" class="chakra-icon css-1g3sp7a" data-testid="btn-icon" aria-hidden="true" height="1em" width="1em" xmlns="http://www.w3.org/2000/svg"><path d="M19 13h-6v6h-2v-6H5v-2h6V5h2v6h6v2z"></path></svg><span class="css-idkz9h">Add Coffee Creamer, Double Double to cart</span></button></div></div><div class="css-4saf4a"><p class="chakra-text css-py8788" data-testid="inventory-badge-text">Low Stock</p></div></div></div></div></div><div class="css-0"><div class="css-f5i5wc"><div class="chakra-linkbox css-vhnn8v"><div data-testid="product-image" class="css-16dr4ly"><img alt="Milk 2 Go Vanilla Flavour 473 ml, $0.51/100ml" src="https://assets.shop.loblaws.ca/products/20895935005/b3/en/front/20895935005_front_a06_@2.png" srcset="https://assets.shop.loblaws.ca/products/20895935005/b3/en/front/20895935005_front_a06_@2.png 1x, https://assets.shop.loblaws.ca/products/20895935005/b3/en/front/20895935005_front_a06_@2.png 2x" loading="lazy" class="chakra-image css-oguq8l" aria-hidden="true"></div><div class="css-qoklea"><div class="css-12dchmx"></div><div data-testid="price-product-tile" class="css-8atqhb"><p class="chakra-text css-0"><span class="chakra-text css-pwnbcb" data-testid="regular-price"><span class="css-idkz9h">$2.39</span>$2.39</span></p></div><a href="/vanilla-flavour/p/20895935005_EA?source=nspt" class="chakra-linkbox__overlay css-1hnz6hu"><div class="css-0"><p class="chakra-text css-1ecdp9w" data-testid="product-brand">Milk 2 Go</p><h3 class="chakra-heading css-6qrhwc" id="20895935005_EA" data-testid="product-title">Vanilla Flavour</h3><p class="chakra-text css-1yftjin" data-testid="product-package-size">473 ml, $0.51/100ml</p></div></a><div class="css-8keand"></div></div><div class="css-1q5omjq"><div class="css-fcebb8"><div data-testid="atc-compact" class="css-y94ivq" style="width: 45px;"><button type="button" class="chakra-button css-mudsm6" data-testid="atc-button"><svg stroke="currentColor" fill="currentColor" stroke-width="0" viewBox="0 0 24 24" focusable="false" class="chakra-icon css-1g3sp7a" data-testid="btn-icon" aria-hidden="true" height="1em" width="1em" xmlns="http://www.w3.org/2000/svg"><path d="M19 13h-6v6h-2v-6H5v-2h6V5h2v6h6v2z"></path></svg><span class="css-idkz9h">Add Vanilla Flavour to cart</span></button></div></div></div></div></div></div><div class="css-0"><div class="css-f5i5wc"><div class="chakra-linkbox css-vhnn8v"><div data-testid="product-image" class="css-16dr4ly"><img alt="Neilson Half &amp; Half Cream 237 ml, $1.02/100ml" src="https://assets.shop.loblaws.ca/products/20773569/b3/en/front/20773569_front_a06_@2.png" srcset="https://assets.shop.loblaws.ca/products/20773569/b3/en/front/20773569_front_a06_@2.png 1x, https://assets.shop.loblaws.ca/products/20773569/b3/en/front/20773569_front_a06_@2.png 2x" loading="lazy" class="chakra-image css-oguq8l" aria-hidden="true"></div><div class="css-qoklea"><div class="css-12dchmx"></div><div data-testid="price-product-tile" class="css-8atqhb"><p class="chakra-text css-0"><span class="chakra-text css-pwnbcb" data-testid="regular-price"><span class="css-idkz9h">$2.41</span>$2.41</span></p></div><a href="/half-half-cream/p/20773569_EA?source=nspt" class="chakra-linkbox__overlay css-1hnz6hu"><div class="css-0"><p class="chakra-text css-1ecdp9w" data-testid="product-brand">Neilson</p><h3 class="chakra-heading css-6qrhwc" id="20773569_EA" data-testid="product-title">Half &amp; Half Cream</h3><p class="chakra-text css-1yftjin" data-testid="product-package-size">237 ml, $1.02/100ml</p></div></a><div class="css-8keand"></div></div><div class="css-1q5omjq"><div class="css-fcebb8"><div data-testid="atc-compact" class="css-y94ivq" style="width: 45px;"><button type="button" class="chakra-button css-mudsm6" data-testid="atc-button"><svg stroke="currentColor" fill="currentColor" stroke-width="0" viewBox="0 0 24 24" focusable="false" class="chakra-icon css-1g3sp7a" data-testid="btn-icon" aria-hidden="true" height="1em" width="1em" xmlns="http://www.w3.org/2000/svg"><path d="M19 13h-6v6h-2v-6H5v-2h6V5h2v6h6v2z"></path></svg><span class="css-idkz9h">Add Half &amp; Half Cream to cart</span></button></div></div></div></div></div></div><div class="css-0"><div class="css-f5i5wc"><div class="chakra-linkbox css-vhnn8v"><div data-testid="product-image" class="css-16dr4ly"><img alt="PC Organics Organic Partly Skimmed 1% Milk 4 l, $0.25/100ml" src="https://assets.shop.loblaws.ca/products/20308534002/b3/en/front/20308534002_front_a06_@2.png" srcset="https://assets.shop.loblaws.ca/products/20308534002/b3/en/front/20308534002_front_a06_@2.png 1x, https://assets.shop.loblaws.ca/products/20308534002/b3/en/front/20308534002_front_a06_@2.png 2x" loading="lazy" class="chakra-image css-oguq8l" aria-hidden="true"></div><div class="css-qoklea"><div class="css-12dchmx"></div><div data-testid="price-product-tile" class="css-8atqhb"><p class="chakra-text css-0"><span class="chakra-text css-pwnbcb" data-testid="regular-price"><span class="css-idkz9h">$10.19</span>$10.19</span></p></div><a href="/organic-partly-skimmed-1-milk/p/20308534002_EA?source=nspt" class="chakra-linkbox__overlay css-1hnz6hu"><div class="css-0"><p class="chakra-text css-1ecdp9w" data-testid="product-brand">PC Organics</p><h3 class="chakra-heading css-6qrhwc" id="20308534002_EA" data-testid="product-title">Organic Partly Skimmed 1% Milk</h3><p class="chakra-text css-1yftjin" data-testid="product-package-size">4 l, $0.25/100ml</p></div></a><div class="css-8keand"></div></div><div class="css-1q5omjq"><div class="css-fcebb8"><div data-testid="atc-compact" class="css-y94ivq" style="width: 45px;"><button type="button" class="chakra-button css-mudsm6" data-testid="atc-button"><svg stroke="currentColor" fill="currentColor" stroke-width="0" viewBox="0 0 24 24" focusable="false" class="chakra-icon css-1g3sp7a" data-testid="btn-icon" aria-hidden="true" height="1em" width="1em" xmlns="http://www.w3.org/2000/svg"><path d="M19 13h-6v6h-2v-6H5v-2h6V5h2v6h6v2z"></path></svg><span class="css-idkz9h">Add Organic Partly Skimmed 1% Milk to cart</span></button></div></div></div></div></div></div><div class="css-0"><div class="css-f5i5wc"><div class="chakra-linkbox css-vhnn8v"><div data-testid="product-image" class="css-16dr4ly"><img alt="Neilson Skim Milk 2 l, $0.27/100ml" src="https://assets.shop.loblaws.ca/products/20181606/b3/en/front/20181606_front_a06_@2.png" srcset="https://assets.shop.loblaws.ca/products/20181606/b3/en/front/20181606_front_a06_@2.png 1x, https://assets.shop.loblaws.ca/products/20181606/b3/en/front/20181606_front_a06_@2.png 2x" loading="lazy" class="chakra-image css-oguq8l" aria-hidden="true"></div><div class="css-qoklea"><div class="css-12dchmx"></div><div data-testid="price-product-tile" class="css-8atqhb"><p class="chakra-text css-0"><span class="chakra-text css-pwnbcb" data-testid="regular-price"><span class="css-idkz9h">$5.34</span>$5.34</span></p></div><a href="/skim-milk/p/20181606_EA?source=nspt" class="chakra-linkbox__overlay css-1hnz6hu"><div class="css-0"><p class="chakra-text css-1ecdp9w" data-testid="product-brand">Neilson</p><h3 class="chakra-heading css-6qrhwc" id="20181606_EA" data-testid="product-title">Skim Milk</h3><p class="chakra-text css-1yftjin" data-testid="product-package-size">2 l, $0.27/100ml</p></div></a><div class="css-8keand"></div></div><div class="css-1q5omjq"><div class="css-fcebb8"><div data-testid="atc-compact" class="css-y94ivq" style="width: 45px;"><button type="button" class="chakra-button css-mudsm6" data-testid="atc-button"><svg stroke="currentColor" fill="currentColor" stroke-width="0" viewBox="0 0 24 24" focusable="false" class="chakra-icon css-1g3sp7a" data-testid="btn-icon" aria-hidden="true" height="1em" width="1em" xmlns="http://www.w3.org/2000/svg"><path d="M19 13h-6v6h-2v-6H5v-2h6V5h2v6h6v2z"></path></svg><span class="css-idkz9h">Add Skim Milk to cart</span></button></div></div></div></div></div></div><div class="css-0"><div class="css-f5i5wc"><div class="chakra-linkbox css-vhnn8v"><div data-testid="product-image" class="css-16dr4ly"><img alt="Neilson Buttermilk 1 l, $0.41/100ml" src="https://assets.shop.loblaws.ca/products/20135384/b3/en/front/20135384_front_a06_@2.png" srcset="https://assets.shop.loblaws.ca/products/20135384/b3/en/front/20135384_front_a06_@2.png 1x, https://assets.shop.loblaws.ca/products/20135384/b3/en/front/20135384_front_a06_@2.png 2x" loading="lazy" class="chakra-image css-oguq8l" aria-hidden="true"></div><div class="css-qoklea"><div class="css-12dchmx"></div><div data-testid="price-product-tile" class="css-8atqhb"><p class="chakra-text css-0"><span class="chakra-text css-pwnbcb" data-testid="regular-price"><span class="css-idkz9h">$4.09</span>$4.09</span></p></div><a href="/buttermilk/p/20135384_EA?source=nspt" class="chakra-linkbox__overlay css-1hnz6hu"><div class="css-0"><p class="chakra-text css-1ecdp9w" data-testid="product-brand">Neilson</p><h3 class="chakra-heading css-6qrhwc" id="20135384_EA" data-testid="product-title">Buttermilk</h3><p class="chakra-text css-1yftjin" data-testid="product-package-size">1 l, $0.41/100ml</p></div></a><div class="css-8keand"></div></div><div class="css-1q5omjq"><div class="css-fcebb8"><div data-testid="atc-compact" class="css-y94ivq" style="width: 45px;"><button type="button" class="chakra-button css-mudsm6" data-testid="atc-button"><svg stroke="currentColor" fill="currentColor" stroke-width="0" viewBox="0 0 24 24" focusable="false" class="chakra-icon css-1g3sp7a" data-testid="btn-icon" aria-hidden="true" height="1em" width="1em" xmlns="http://www.w3.org/2000/svg"><path d="M19 13h-6v6h-2v-6H5v-2h6V5h2v6h6v2z"></path></svg><span class="css-idkz9h">Add Buttermilk to cart</span></button></div></div></div></div></div></div><div class="css-0"><div class="css-f5i5wc"><div class="chakra-linkbox css-vhnn8v"><div data-testid="product-image" class="css-16dr4ly"><img alt="Neilson Whipping Cream 35 percent MF 1 l, $0.82/100ml" src="https://assets.shop.loblaws.ca/products/20101039/b3/en/front/20101039_front_a06_@2.png" srcset="https://assets.shop.loblaws.ca/products/20101039/b3/en/front/20101039_front_a06_@2.png 1x, https://assets.shop.loblaws.ca/products/20101039/b3/en/front/20101039_front_a06_@2.png 2x" loading="lazy" class="chakra-image css-oguq8l" aria-hidden="true"></div><div class="css-qoklea"><div class="css-12dchmx"></div><div data-testid="price-product-tile" class="css-8atqhb"><p class="chakra-text css-0"><span class="chakra-text css-pwnbcb" data-testid="regular-price"><span class="css-idkz9h">$8.18</span>$8.18</span></p></div><a href="/whipping-cream-35-percent-mf/p/20101039_EA?source=nspt" class="chakra-linkbox__overlay css-1hnz6hu"><div class="css-0"><p class="chakra-text css-1ecdp9w" data-testid="product-brand">Neilson</p><h3 class="chakra-heading css-6qrhwc" id="20101039_EA" data-testid="product-title">Whipping Cream 35 percent MF</h3><p class="chakra-text css-1yftjin" data-testid="product-package-size">1 l, $0.82/100ml</p></div></a><div class="css-8keand"></div></div><div class="css-1q5omjq"><div class="css-fcebb8"><div data-testid="atc-compact" class="css-y94ivq" style="width: 45px;"><button type="button" class="chakra-button css-mudsm6" data-testid="atc-button"><svg stroke="currentColor" fill="currentColor" stroke-width="0" viewBox="0 0 24 24" focusable="false" class="chakra-icon css-1g3sp7a" data-testid="btn-icon" aria-hidden="true" height="1em" width="1em" xmlns="http://www.w3.org/2000/svg"><path d="M19 13h-6v6h-2v-6H5v-2h6V5h2v6h6v2z"></path></svg><span class="css-idkz9h">Add Whipping Cream 35 percent MF to cart</span></button></div></div></div></div></div></div><div class="css-0"><div class="css-f5i5wc"><div class="chakra-linkbox css-vhnn8v"><div data-testid="product-image" class="css-16dr4ly"><img alt="Natrel Natrel Plus 2% Lactose Free Enriched Milk 2 l, $0.37/100ml" src="https://assets.shop.loblaws.ca/products/21443674/b3/en/front/21443674_front_a06_@2.png" srcset="https://assets.shop.loblaws.ca/products/21443674/b3/en/front/21443674_front_a06_@2.png 1x, https://assets.shop.loblaws.ca/products/21443674/b3/en/front/21443674_front_a06_@2.png 2x" loading="lazy" class="chakra-image css-oguq8l" aria-hidden="true"></div><div class="css-qoklea"><div class="css-12dchmx"></div><div data-testid="price-product-tile" class="css-8atqhb"><p class="chakra-text css-0"><span class="chakra-text css-pwnbcb" data-testid="regular-price"><span class="css-idkz9h">$7.49</span>$7.49</span></p></div><a href="/natrel-plus-2-lactose-free-enriched-milk/p/21443674_EA?source=nspt" class="chakra-linkbox__overlay css-1hnz6hu"><div class="css-0"><p class="chakra-text css-1ecdp9w" data-testid="product-brand">Natrel</p><h3 class="chakra-heading css-6qrhwc" id="21443674_EA" data-testid="product-title">Natrel Plus 2% Lactose Free Enriched Milk</h3><p class="chakra-text css-1yftjin" data-testid="product-package-size">2 l, $0.37/100ml</p></div></a><div class="css-8keand"></div></div><div class="css-1q5omjq"><div class="css-fcebb8"><div data-testid="atc-compact" class="css-y94ivq" style="width: 45px;"><button type="button" class="chakra-button css-mudsm6" data-testid="atc-button"><svg stroke="currentColor" fill="currentColor" stroke-width="0" viewBox="0 0 24 24" focusable="false" class="chakra-icon css-1g3sp7a" data-testid="btn-icon" aria-hidden="true" height="1em" width="1em" xmlns="http://www.w3.org/2000/svg"><path d="M19 13h-6v6h-2v-6H5v-2h6V5h2v6h6v2z"></path></svg><span class="css-idkz9h">Add Natrel Plus 2% Lactose Free Enriched Milk to cart</span></button></div></div></div></div></div></div><div class="css-0"><div class="css-f5i5wc"><div class="chakra-linkbox css-vhnn8v"><div data-testid="product-image" class="css-16dr4ly"><img alt="PC Organics Organic Homogenized Milk 3.25% M.F. 4 l, $0.26/100ml" src="https://assets.shop.loblaws.ca/products/20054844/b3/en/front/20054844_front_a06_@2.png" srcset="https://assets.shop.loblaws.ca/products/20054844/b3/en/front/20054844_front_a06_@2.png 1x, https://assets.shop.loblaws.ca/products/20054844/b3/en/front/20054844_front_a06_@2.png 2x" loading="lazy" class="chakra-image css-oguq8l" aria-hidden="true"></div><div class="css-qoklea"><div class="css-12dchmx"></div><div data-testid="price-product-tile" class="css-8atqhb"><p class="chakra-text css-0"><span class="chakra-text css-pwnbcb" data-testid="regular-price"><span class="css-idkz9h">$10.49</span>$10.49</span></p></div><a href="/organic-homogenized-milk-3-25-m-f/p/20054844_EA?source=nspt" class="chakra-linkbox__overlay css-1hnz6hu"><div class="css-0"><p class="chakra-text css-1ecdp9w" data-testid="product-brand">PC Organics</p><h3 class="chakra-heading css-6qrhwc" id="20054844_EA" data-testid="product-title">Organic Homogenized Milk 3.25% M.F.</h3><p class="chakra-text css-1yftjin" data-testid="product-package-size">4 l, $0.26/100ml</p></div></a><div class="css-8keand"></div></div><div class="css-1q5omjq"><div class="css-fcebb8"><div data-testid="atc-compact" class="css-y94ivq" style="width: 45px;"><button type="button" class="chakra-button css-mudsm6" data-testid="atc-button"><svg stroke="currentColor" fill="currentColor" stroke-width="0" viewBox="0 0 24 24" focusable="false" class="chakra-icon css-1g3sp7a" data-testid="btn-icon" aria-hidden="true" height="1em" width="1em" xmlns="http://www.w3.org/2000/svg"><path d="M19 13h-6v6h-2v-6H5v-2h6V5h2v6h6v2z"></path></svg><span class="css-idkz9h">Add Organic Homogenized Milk 3.25% M.F. to cart</span></button></div></div></div></div></div></div><div class="css-0"><div class="css-f5i5wc"><div class="chakra-linkbox css-vhnn8v"><div data-testid="product-image" class="css-16dr4ly"><img alt="International Delight French Vanilla Cold Foam 396 g, $1.13/100g" src="https://assets.shop.loblaws.ca/products/21590982/b3/en/front/21590982_front_a06_@2.png" srcset="https://assets.shop.loblaws.ca/products/21590982/b3/en/front/21590982_front_a06_@2.png 1x, https://assets.shop.loblaws.ca/products/21590982/b3/en/front/21590982_front_a06_@2.png 2x" loading="lazy" class="chakra-image css-oguq8l" aria-hidden="true"></div><div class="css-qoklea"><div class="css-12dchmx"></div><div data-testid="price-product-tile" class="css-8atqhb"><p class="chakra-text css-0"><span class="chakra-text css-o93gbd" data-testid="sale-price"><span class="css-idkz9h">$4.49</span>$4.49</span><span class="chakra-text css-623q5h" data-testid="was-price"><span class="css-idkz9h">$5.49</span>$5.49</span></p><p class="chakra-text css-1m5a6y8" data-testid="price-descriptor">SAVE $1.00</p></div><a href="/french-vanilla-cold-foam/p/21590982_EA?source=nspt" class="chakra-linkbox__overlay css-1hnz6hu"><div class="css-0"><p class="chakra-text css-1ecdp9w" data-testid="product-brand">International Delight</p><h3 class="chakra-heading css-6qrhwc" id="21590982_EA" data-testid="product-title">French Vanilla Cold Foam</h3><p class="chakra-text css-1yftjin" data-testid="product-package-size">396 g, $1.13/100g</p></div></a><div class="css-8keand"></div></div><div class="css-1q5omjq"><div class="css-fcebb8"><div data-testid="atc-compact" class="css-y94ivq" style="width: 45px;"><button type="button" class="chakra-button css-mudsm6" data-testid="atc-button"><svg stroke="currentColor" fill="currentColor" stroke-width="0" viewBox="0 0 24 24" focusable="false" class="chakra-icon css-1g3sp7a" data-testid="btn-icon" aria-hidden="true" height="1em" width="1em" xmlns="http://www.w3.org/2000/svg"><path d="M19 13h-6v6h-2v-6H5v-2h6V5h2v6h6v2z"></path></svg><span class="css-idkz9h">Add French Vanilla Cold Foam to cart</span></button></div></div></div></div></div></div><div class="css-0"><div class="css-f5i5wc"><div class="chakra-linkbox css-vhnn8v"><div data-testid="product-image" class="css-16dr4ly"><img alt="Silk Dairy-Free Whipping Cream Alternative, Coconut based 473 ml, $1.16/100ml" src="https://assets.shop.loblaws.ca/products/21337504/b3/en/front/21337504_front_a06_@2.png" srcset="https://assets.shop.loblaws.ca/products/21337504/b3/en/front/21337504_front_a06_@2.png 1x, https://assets.shop.loblaws.ca/products/21337504/b3/en/front/21337504_front_a06_@2.png 2x" loading="lazy" class="chakra-image css-oguq8l" aria-hidden="true"></div><div class="css-qoklea"><div class="css-12dchmx"></div><div data-testid="price-product-tile" class="css-8atqhb"><p class="chakra-text css-0"><span class="chakra-text css-pwnbcb" data-testid="regular-price"><span class="css-idkz9h">$5.49</span>$5.49</span></p></div><a href="/dairy-free-whipping-cream-alternative-coconut-base/p/21337504_EA?source=nspt" class="chakra-linkbox__overlay css-1hnz6hu"><div class="css-0"><p class="chakra-text css-1ecdp9w" data-testid="product-brand">Silk</p><h3 class="chakra-heading css-6qrhwc" id="21337504_EA" data-testid="product-title">Dairy-Free Whipping Cream Alternative, Coconut based</h3><p class="chakra-text css-1yftjin" data-testid="product-package-size">473 ml, $1.16/100ml</p></div></a><div class="css-8keand"></div></div><div class="css-1q5omjq"><div class="css-fcebb8"><div data-testid="atc-compact" class="css-y94ivq" style="width: 45px;"><button disabled="" type="button" class="chakra-button css-mudsm6" data-testid="atc-button"><svg stroke="currentColor" fill="currentColor" stroke-width="0" viewBox="0 0 24 24" focusable="false" class="chakra-icon css-1g3sp7a" data-testid="btn-icon" aria-hidden="true" height="1em" width="1em" xmlns="http://www.w3.org/2000/svg"><path d="M19 13h-6v6h-2v-6H5v-2h6V5h2v6h6v2z"></path></svg><span class="css-idkz9h">Add Dairy-Free Whipping Cream Alternative, Coconut based to cart</span></button></div></div><div class="css-4saf4a"><p class="chakra-text css-py8788" data-testid="inventory-badge-text">Out of Stock</p></div></div></div></div></div><div class="css-0"><div class="css-f5i5wc"><div class="chakra-linkbox css-vhnn8v"><div data-testid="product-image" class="css-16dr4ly"><img alt="Starbucks Coffee Enhancer, Vanilla 828 ml, $0.96/100ml" src="https://assets.shop.loblaws.ca/products/21590962/b3/en/front/21590962_front_a06_@2.png" srcset="https://assets.shop.loblaws.ca/products/21590962/b3/en/front/21590962_front_a06_@2.png 1x, https://assets.shop.loblaws.ca/products/21590962/b3/en/front/21590962_front_a06_@2.png 2x" loading="lazy" class="chakra-image css-oguq8l" aria-hidden="true"></div><div class="css-qoklea"><div class="css-12dchmx"></div><div data-testid="price-product-tile" class="css-8atqhb"><p class="chakra-text css-0"><span class="chakra-text css-pwnbcb" data-testid="regular-price"><span class="css-idkz9h">$7.99</span>$7.99</span></p></div><a href="/coffee-enhancer-vanilla/p/21590962_EA?source=nspt" class="chakra-linkbox__overlay css-1hnz6hu"><div class="css-0"><p class="chakra-text css-1ecdp9w" data-testid="product-brand">Starbucks</p><h3 class="chakra-heading css-6qrhwc" id="21590962_EA" data-testid="product-title">Coffee Enhancer, Vanilla</h3><p class="chakra-text css-1yftjin" data-testid="product-package-size">828 ml, $0.96/100ml</p></div></a><div class="css-8keand"></div></div><div class="css-1q5omjq"><div class="css-fcebb8"><div data-testid="atc-compact" class="css-y94ivq" style="width: 45px;"><button type="button" class="chakra-button css-mudsm6" data-testid="atc-button"><svg stroke="currentColor" fill="currentColor" stroke-width="0" viewBox="0 0 24 24" focusable="false" class="chakra-icon css-1g3sp7a" data-testid="btn-icon" aria-hidden="true" height="1em" width="1em" xmlns="http://www.w3.org/2000/svg"><path d="M19 13h-6v6h-2v-6H5v-2h6V5h2v6h6v2z"></path></svg><span class="css-idkz9h">Add Coffee Enhancer, Vanilla to cart</span></button></div></div></div></div></div></div><div class="css-0"><div class="css-f5i5wc"><div class="chakra-linkbox css-vhnn8v"><div data-testid="product-image" class="css-16dr4ly"><img alt="No Name Light Coffee Whitener 450 g, $0.78/100g" src="https://assets.shop.loblaws.ca/products/20162484/b3/en/front/20162484_front_a06_@2.png" srcset="https://assets.shop.loblaws.ca/products/20162484/b3/en/front/20162484_front_a06_@2.png 1x, https://assets.shop.loblaws.ca/products/20162484/b3/en/front/20162484_front_a06_@2.png 2x" loading="lazy" class="chakra-image css-oguq8l" aria-hidden="true"></div><div class="css-qoklea"><div class="css-12dchmx"></div><div data-testid="price-product-tile" class="css-8atqhb"><p class="chakra-text css-0"><span class="chakra-text css-pwnbcb" data-testid="regular-price"><span class="css-idkz9h">$3.49</span>$3.49</span></p></div><a href="/light-coffee-whitener/p/20162484_EA?source=nspt" class="chakra-linkbox__overlay css-1hnz6hu"><div class="css-0"><p class="chakra-text css-1ecdp9w" data-testid="product-brand">No Name</p><h3 class="chakra-heading css-6qrhwc" id="20162484_EA" data-testid="product-title">Light Coffee Whitener</h3><p class="chakra-text css-1yftjin" data-testid="product-package-size">450 g, $0.78/100g</p></div></a><div class="css-8keand"></div></div><div class="css-1q5omjq"><div class="css-fcebb8"><div data-testid="atc-compact" class="css-y94ivq" style="width: 45px;"><button type="button" class="chakra-button css-mudsm6" data-testid="atc-button"><svg stroke="currentColor" fill="currentColor" stroke-width="0" viewBox="0 0 24 24" focusable="false" class="chakra-icon css-1g3sp7a" data-testid="btn-icon" aria-hidden="true" height="1em" width="1em" xmlns="http://www.w3.org/2000/svg"><path d="M19 13h-6v6h-2v-6H5v-2h6V5h2v6h6v2z"></path></svg><span class="css-idkz9h">Add Light Coffee Whitener to cart</span></button></div></div></div></div></div></div><div class="css-0"><div class="css-f5i5wc"><div class="chakra-linkbox css-vhnn8v"><div data-testid="product-image" class="css-16dr4ly"><img alt="International Delight Maple Latte Flavoured Coffee Creamer, 63 Servings 946 ml, $0.47/100ml" src="https://assets.shop.loblaws.ca/products/21358115/b3/en/front/21358115_front_a06_@2.png" srcset="https://assets.shop.loblaws.ca/products/21358115/b3/en/front/21358115_front_a06_@2.png 1x, https://assets.shop.loblaws.ca/products/21358115/b3/en/front/21358115_front_a06_@2.png 2x" loading="lazy" class="chakra-image css-oguq8l" aria-hidden="true"></div><div class="css-qoklea"><div class="css-12dchmx"></div><div data-testid="price-product-tile" class="css-8atqhb"><p class="chakra-text css-0"><span class="chakra-text css-o93gbd" data-testid="sale-price"><span class="css-idkz9h">$4.49</span>$4.49</span><span class="chakra-text css-623q5h" data-testid="was-price"><span class="css-idkz9h">$5.49</span>$5.49</span></p><p class="chakra-text css-1m5a6y8" data-testid="price-descriptor">SAVE $1.00</p></div><a href="/maple-latte-flavoured-coffee-creamer-63-servings/p/21358115_EA?source=nspt" class="chakra-linkbox__overlay css-1hnz6hu"><div class="css-0"><p class="chakra-text css-1ecdp9w" data-testid="product-brand">International Delight</p><h3 class="chakra-heading css-6qrhwc" id="21358115_EA" data-testid="product-title">Maple Latte Flavoured Coffee Creamer, 63 Servings</h3><p class="chakra-text css-1yftjin" data-testid="product-package-size">946 ml, $0.47/100ml</p></div></a><div class="css-8keand"></div></div><div class="css-1q5omjq"><div class="css-fcebb8"><div data-testid="atc-compact" class="css-y94ivq" style="width: 45px;"><button type="button" class="chakra-button css-mudsm6" data-testid="atc-button"><svg stroke="currentColor" fill="currentColor" stroke-width="0" viewBox="0 0 24 24" focusable="false" class="chakra-icon css-1g3sp7a" data-testid="btn-icon" aria-hidden="true" height="1em" width="1em" xmlns="http://www.w3.org/2000/svg"><path d="M19 13h-6v6h-2v-6H5v-2h6V5h2v6h6v2z"></path></svg><span class="css-idkz9h">Add Maple Latte Flavoured Coffee Creamer, 63 Servings to cart</span></button></div></div></div></div></div></div><div class="css-0"><div class="css-f5i5wc"><div class="chakra-linkbox css-vhnn8v"><div data-testid="product-image" class="css-16dr4ly"><img alt="Starbucks Cinnamon Dolce Latte 828 ml, $0.96/100ml" src="https://assets.shop.loblaws.ca/products/21358458/b3/en/front/21358458_front_a06_@2.png" srcset="https://assets.shop.loblaws.ca/products/21358458/b3/en/front/21358458_front_a06_@2.png 1x, https://assets.shop.loblaws.ca/products/21358458/b3/en/front/21358458_front_a06_@2.png 2x" loading="lazy" class="chakra-image css-oguq8l" aria-hidden="true"></div><div class="css-qoklea"><div class="css-12dchmx"></div><div data-testid="price-product-tile" class="css-8atqhb"><p class="chakra-text css-0"><span class="chakra-text css-pwnbcb" data-testid="regular-price"><span class="css-idkz9h">$7.99</span>$7.99</span></p></div><a href="/cinnamon-dolce-latte/p/21358458_EA?source=nspt" class="chakra-linkbox__overlay css-1hnz6hu"><div class="css-0"><p class="chakra-text css-1ecdp9w" data-testid="product-brand">Starbucks</p><h3 class="chakra-heading css-6qrhwc" id="21358458_EA" data-testid="product-title">Cinnamon Dolce Latte</h3><p class="chakra-text css-1yftjin" data-testid="product-package-size">828 ml, $0.96/100ml</p></div></a><div class="css-8keand"></div></div><div class="css-1q5omjq"><div class="css-fcebb8"><div data-testid="atc-compact" class="css-y94ivq" style="width: 45px;"><button type="button" class="chakra-button css-mudsm6" data-testid="atc-button"><svg stroke="currentColor" fill="currentColor" stroke-width="0" viewBox="0 0 24 24" focusable="false" class="chakra-icon css-1g3sp7a" data-testid="btn-icon" aria-hidden="true" height="1em" width="1em" xmlns="http://www.w3.org/2000/svg"><path d="M19 13h-6v6h-2v-6H5v-2h6V5h2v6h6v2z"></path></svg><span class="css-idkz9h">Add Cinnamon Dolce Latte to cart</span></button></div></div></div></div></div></div><div class="css-0"><div class="css-f5i5wc"><div class="chakra-linkbox css-vhnn8v"><div data-testid="product-image" class="css-16dr4ly"><img alt="Neilson Skim Milk 1 l, $0.36/100ml" src="https://assets.shop.loblaws.ca/products/20176956/b3/en/front/20176956_front_a06_@2.png" srcset="https://assets.shop.loblaws.ca/products/20176956/b3/en/front/20176956_front_a06_@2.png 1x, https://assets.shop.loblaws.ca/products/20176956/b3/en/front/20176956_front_a06_@2.png 2x" loading="lazy" class="chakra-image css-oguq8l" aria-hidden="true"></div><div class="css-qoklea"><div class="css-12dchmx"></div><div data-testid="price-product-tile" class="css-8atqhb"><p class="chakra-text css-0"><span class="chakra-text css-pwnbcb" data-testid="regular-price"><span class="css-idkz9h">$3.59</span>$3.59</span></p></div><a href="/skim-milk/p/20176956_EA?source=nspt" class="chakra-linkbox__overlay css-1hnz6hu"><div class="css-0"><p class="chakra-text css-1ecdp9w" data-testid="product-brand">Neilson</p><h3 class="chakra-heading css-6qrhwc" id="20176956_EA" data-testid="product-title">Skim Milk</h3><p class="chakra-text css-1yftjin" data-testid="product-package-size">1 l, $0.36/100ml</p></div></a><div class="css-8keand"></div></div><div class="css-1q5omjq"><div class="css-fcebb8"><div data-testid="atc-compact" class="css-y94ivq" style="width: 45px;"><button type="button" class="chakra-button css-mudsm6" data-testid="atc-button"><svg stroke="currentColor" fill="currentColor" stroke-width="0" viewBox="0 0 24 24" focusable="false" class="chakra-icon css-1g3sp7a" data-testid="btn-icon" aria-hidden="true" height="1em" width="1em" xmlns="http://www.w3.org/2000/svg"><path d="M19 13h-6v6h-2v-6H5v-2h6V5h2v6h6v2z"></path></svg><span class="css-idkz9h">Add Skim Milk to cart</span></button></div></div></div></div></div></div><div class="css-0"><div class="css-f5i5wc"><div class="chakra-linkbox css-vhnn8v"><div data-testid="product-image" class="css-16dr4ly"><img alt="No Name Whipped Topping  225 g, $1.64/100g" src="https://assets.shop.loblaws.ca/products/20017493/b3/en/front/20017493_front_a06_@2.png" srcset="https://assets.shop.loblaws.ca/products/20017493/b3/en/front/20017493_front_a06_@2.png 1x, https://assets.shop.loblaws.ca/products/20017493/b3/en/front/20017493_front_a06_@2.png 2x" loading="lazy" class="chakra-image css-oguq8l" aria-hidden="true"></div><div class="css-qoklea"><div class="css-12dchmx"></div><div data-testid="price-product-tile" class="css-8atqhb"><p class="chakra-text css-0"><span class="chakra-text css-pwnbcb" data-testid="regular-price"><span class="css-idkz9h">$3.69</span>$3.69</span></p></div><a href="/whipped-topping/p/20017493_EA?source=nspt" class="chakra-linkbox__overlay css-1hnz6hu"><div class="css-0"><p class="chakra-text css-1ecdp9w" data-testid="product-brand">No Name</p><h3 class="chakra-heading css-6qrhwc" id="20017493_EA" data-testid="product-title">Whipped Topping </h3><p class="chakra-text css-1yftjin" data-testid="product-package-size">225 g, $1.64/100g</p></div></a><div class="css-8keand"></div></div><div class="css-1q5omjq"><div class="css-fcebb8"><div data-testid="atc-compact" class="css-y94ivq" style="width: 45px;"><button type="button" class="chakra-button css-mudsm6" data-testid="atc-button"><svg stroke="currentColor" fill="currentColor" stroke-width="0" viewBox="0 0 24 24" focusable="false" class="chakra-icon css-1g3sp7a" data-testid="btn-icon" aria-hidden="true" height="1em" width="1em" xmlns="http://www.w3.org/2000/svg"><path d="M19 13h-6v6h-2v-6H5v-2h6V5h2v6h6v2z"></path></svg><span class="css-idkz9h">Add Whipped Topping  to cart</span></button></div></div></div></div></div></div><div class="css-0"><div class="css-f5i5wc"><div class="chakra-linkbox css-vhnn8v"><div data-testid="product-image" class="css-16dr4ly"><img alt="Milk 2 Go Chocolate Milk, Reduced Sugar 473 ml, $0.51/100ml" src="https://assets.shop.loblaws.ca/products/20895935003/b3/en/front/20895935003_front_a06_@2.png" srcset="https://assets.shop.loblaws.ca/products/20895935003/b3/en/front/20895935003_front_a06_@2.png 1x, https://assets.shop.loblaws.ca/products/20895935003/b3/en/front/20895935003_front_a06_@2.png 2x" loading="lazy" class="chakra-image css-oguq8l" aria-hidden="true"></div><div class="css-qoklea"><div class="css-12dchmx"></div><div data-testid="price-product-tile" class="css-8atqhb"><p class="chakra-text css-0"><span class="chakra-text css-pwnbcb" data-testid="regular-price"><span class="css-idkz9h">$2.39</span>$2.39</span></p></div><a href="/chocolate-milk-reduced-sugar/p/20895935003_EA?source=nspt" class="chakra-linkbox__overlay css-1hnz6hu"><div class="css-0"><p class="chakra-text css-1ecdp9w" data-testid="product-brand">Milk 2 Go</p><h3 class="chakra-heading css-6qrhwc" id="20895935003_EA" data-testid="product-title">Chocolate Milk, Reduced Sugar</h3><p class="chakra-text css-1yftjin" data-testid="product-package-size">473 ml, $0.51/100ml</p></div></a><div class="css-8keand"></div></div><div class="css-1q5omjq"><div class="css-fcebb8"><div data-testid="atc-compact" class="css-y94ivq" style="width: 45px;"><button type="button" class="chakra-button css-mudsm6" data-testid="atc-button"><svg stroke="currentColor" fill="currentColor" stroke-width="0" viewBox="0 0 24 24" focusable="false" class="chakra-icon css-1g3sp7a" data-testid="btn-icon" aria-hidden="true" height="1em" width="1em" xmlns="http://www.w3.org/2000/svg"><path d="M19 13h-6v6h-2v-6H5v-2h6V5h2v6h6v2z"></path></svg><span class="css-idkz9h">Add Chocolate Milk, Reduced Sugar to cart</span></button></div></div></div></div></div></div><div class="css-0"><div class="css-f5i5wc"><div class="chakra-linkbox css-vhnn8v"><div data-testid="product-image" class="css-16dr4ly"><img alt="Neilson Caramel Chocolate Milkshake 310 ml, $0.58/100ml" src="https://assets.shop.loblaws.ca/products/21040942/b3/en/front/21040942_front_a06_@2.png" srcset="https://assets.shop.loblaws.ca/products/21040942/b3/en/front/21040942_front_a06_@2.png 1x, https://assets.shop.loblaws.ca/products/21040942/b3/en/front/21040942_front_a06_@2.png 2x" loading="lazy" class="chakra-image css-oguq8l" aria-hidden="true"></div><div class="css-qoklea"><div class="css-12dchmx"></div><div data-testid="price-product-tile" class="css-8atqhb"><p class="chakra-text css-0"><span class="chakra-text css-pwnbcb" data-testid="regular-price"><span class="css-idkz9h">$1.79</span>$1.79</span></p></div><a href="/caramel-chocolate-milkshake/p/21040942_EA?source=nspt" class="chakra-linkbox__overlay css-1hnz6hu"><div class="css-0"><p class="chakra-text css-1ecdp9w" data-testid="product-brand">Neilson</p><h3 class="chakra-heading css-6qrhwc" id="21040942_EA" data-testid="product-title">Caramel Chocolate Milkshake</h3><p class="chakra-text css-1yftjin" data-testid="product-package-size">310 ml, $0.58/100ml</p></div></a><div class="css-8keand"></div></div><div class="css-1q5omjq"><div class="css-fcebb8"><div data-testid="atc-compact" class="css-y94ivq" style="width: 45px;"><button type="button" class="chakra-button css-mudsm6" data-testid="atc-button"><svg stroke="currentColor" fill="currentColor" stroke-width="0" viewBox="0 0 24 24" focusable="false" class="chakra-icon css-1g3sp7a" data-testid="btn-icon" aria-hidden="true" height="1em" width="1em" xmlns="http://www.w3.org/2000/svg"><path d="M19 13h-6v6h-2v-6H5v-2h6V5h2v6h6v2z"></path></svg><span class="css-idkz9h">Add Caramel Chocolate Milkshake to cart</span></button></div></div></div></div></div></div><div class="css-0"><div class="css-f5i5wc"><div class="chakra-linkbox css-vhnn8v"><div data-testid="product-image" class="css-16dr4ly"><img alt="Lactantia UltraPūr Chocolate 1%  1.5 l, $0.39/100ml" src="https://assets.shop.loblaws.ca/products/21239130/b3/en/front/21239130_front_a06_@2.png" srcset="https://assets.shop.loblaws.ca/products/21239130/b3/en/front/21239130_front_a06_@2.png 1x, https://assets.shop.loblaws.ca/products/21239130/b3/en/front/21239130_front_a06_@2.png 2x" loading="lazy" class="chakra-image css-oguq8l" aria-hidden="true"></div><div class="css-qoklea"><div class="css-12dchmx"></div><div data-testid="price-product-tile" class="css-8atqhb"><p class="chakra-text css-0"><span class="chakra-text css-pwnbcb" data-testid="regular-price"><span class="css-idkz9h">$5.79</span>$5.79</span></p></div><a href="/ultrap-r-chocolate-1/p/21239130_EA?source=nspt" class="chakra-linkbox__overlay css-1hnz6hu"><div class="css-0"><p class="chakra-text css-1ecdp9w" data-testid="product-brand">Lactantia</p><h3 class="chakra-heading css-6qrhwc" id="21239130_EA" data-testid="product-title">UltraPūr Chocolate 1% </h3><p class="chakra-text css-1yftjin" data-testid="product-package-size">1.5 l, $0.39/100ml</p></div></a><div class="css-8keand"></div></div><div class="css-1q5omjq"><div class="css-fcebb8"><div data-testid="atc-compact" class="css-y94ivq" style="width: 45px;"><button type="button" class="chakra-button css-mudsm6" data-testid="atc-button"><svg stroke="currentColor" fill="currentColor" stroke-width="0" viewBox="0 0 24 24" focusable="false" class="chakra-icon css-1g3sp7a" data-testid="btn-icon" aria-hidden="true" height="1em" width="1em" xmlns="http://www.w3.org/2000/svg"><path d="M19 13h-6v6h-2v-6H5v-2h6V5h2v6h6v2z"></path></svg><span class="css-idkz9h">Add UltraPūr Chocolate 1%  to cart</span></button></div></div></div></div></div></div><div class="css-0"><div class="css-f5i5wc"><div class="chakra-linkbox css-vhnn8v"><div data-testid="product-image" class="css-16dr4ly"><img alt="Neilson Fresh Vanilla Partly Skimmed Milk 1% M.F. 1 l, $0.35/100ml" src="https://assets.shop.loblaws.ca/products/21590413/b3/en/front/21590413_front_a06_@2.png" srcset="https://assets.shop.loblaws.ca/products/21590413/b3/en/front/21590413_front_a06_@2.png 1x, https://assets.shop.loblaws.ca/products/21590413/b3/en/front/21590413_front_a06_@2.png 2x" loading="lazy" class="chakra-image css-oguq8l" aria-hidden="true"></div><div class="css-qoklea"><div class="css-12dchmx"></div><div data-testid="price-product-tile" class="css-8atqhb"><p class="chakra-text css-0"><span class="chakra-text css-pwnbcb" data-testid="regular-price"><span class="css-idkz9h">$3.49</span>$3.49</span></p></div><a href="/fresh-vanilla-partly-skimmed-milk-1-m-f/p/21590413_EA?source=nspt" class="chakra-linkbox__overlay css-1hnz6hu"><div class="css-0"><p class="chakra-text css-1ecdp9w" data-testid="product-brand">Neilson</p><h3 class="chakra-heading css-6qrhwc" id="21590413_EA" data-testid="product-title">Fresh Vanilla Partly Skimmed Milk 1% M.F.</h3><p class="chakra-text css-1yftjin" data-testid="product-package-size">1 l, $0.35/100ml</p></div></a><div class="css-8keand"></div></div><div class="css-1q5omjq"><div class="css-fcebb8"><div data-testid="atc-compact" class="css-y94ivq" style="width: 45px;"><button type="button" class="chakra-button css-mudsm6" data-testid="atc-button"><svg stroke="currentColor" fill="currentColor" stroke-width="0" viewBox="0 0 24 24" focusable="false" class="chakra-icon css-1g3sp7a" data-testid="btn-icon" aria-hidden="true" height="1em" width="1em" xmlns="http://www.w3.org/2000/svg"><path d="M19 13h-6v6h-2v-6H5v-2h6V5h2v6h6v2z"></path></svg><span class="css-idkz9h">Add Fresh Vanilla Partly Skimmed Milk 1% M.F. to cart</span></button></div></div></div></div></div></div><div class="css-0"><div class="css-f5i5wc"><div class="chakra-linkbox css-vhnn8v"><div data-testid="product-image" class="css-16dr4ly"><img alt="Neilson Cream, 18% 473 ml, $0.74/100ml" src="https://assets.shop.loblaws.ca/products/20774325/b3/en/front/20774325_front_a06_@2.png" srcset="https://assets.shop.loblaws.ca/products/20774325/b3/en/front/20774325_front_a06_@2.png 1x, https://assets.shop.loblaws.ca/products/20774325/b3/en/front/20774325_front_a06_@2.png 2x" loading="lazy" class="chakra-image css-oguq8l" aria-hidden="true"></div><div class="css-qoklea"><div class="css-12dchmx"></div><div data-testid="price-product-tile" class="css-8atqhb"><p class="chakra-text css-0"><span class="chakra-text css-o93gbd" data-testid="sale-price"><span class="css-idkz9h">$3.49</span>$3.49</span><span class="chakra-text css-623q5h" data-testid="was-price"><span class="css-idkz9h">$4.29</span>$4.29</span></p><p class="chakra-text css-1m5a6y8" data-testid="price-descriptor">SAVE $0.80</p></div><a href="/cream-18/p/20774325_EA?source=nspt" class="chakra-linkbox__overlay css-1hnz6hu"><div class="css-0"><p class="chakra-text css-1ecdp9w" data-testid="product-brand">Neilson</p><h3 class="chakra-heading css-6qrhwc" id="20774325_EA" data-testid="product-title">Cream, 18%</h3><p class="chakra-text css-1yftjin" data-testid="product-package-size">473 ml, $0.74/100ml</p></div></a><div class="css-8keand"></div></div><div class="css-1q5omjq"><div class="css-fcebb8"><div data-testid="atc-compact" class="css-y94ivq" style="width: 45px;"><button type="button" class="chakra-button css-mudsm6" data-testid="atc-button"><svg stroke="currentColor" fill="currentColor" stroke-width="0" viewBox="0 0 24 24" focusable="false" class="chakra-icon css-1g3sp7a" data-testid="btn-icon" aria-hidden="true" height="1em" width="1em" xmlns="http://www.w3.org/2000/svg"><path d="M19 13h-6v6h-2v-6H5v-2h6V5h2v6h6v2z"></path></svg><span class="css-idkz9h">Add Cream, 18% to cart</span></button></div></div></div></div></div></div><div class="css-0"><div class="css-f5i5wc"><div class="chakra-linkbox css-vhnn8v"><div data-testid="product-image" class="css-16dr4ly"><img alt="Lactantia Ultrapūr 3.25% Homogenized 1.5 l, $0.39/100ml" src="https://assets.shop.loblaws.ca/products/21496739/b3/en/front/21496739_front_a06_@2.png" srcset="https://assets.shop.loblaws.ca/products/21496739/b3/en/front/21496739_front_a06_@2.png 1x, https://assets.shop.loblaws.ca/products/21496739/b3/en/front/21496739_front_a06_@2.png 2x" loading="lazy" class="chakra-image css-oguq8l" aria-hidden="true"></div><div class="css-qoklea"><div class="css-12dchmx"></div><div data-testid="price-product-tile" class="css-8atqhb"><p class="chakra-text css-0"><span class="chakra-text css-pwnbcb" data-testid="regular-price"><span class="css-idkz9h">$5.79</span>$5.79</span></p></div><a href="/ultrap-r-3-25-homogenized/p/21496739_EA?source=nspt" class="chakra-linkbox__overlay css-1hnz6hu"><div class="css-0"><p class="chakra-text css-1ecdp9w" data-testid="product-brand">Lactantia</p><h3 class="chakra-heading css-6qrhwc" id="21496739_EA" data-testid="product-title">Ultrapūr 3.25% Homogenized</h3><p class="chakra-text css-1yftjin" data-testid="product-package-size">1.5 l, $0.39/100ml</p></div></a><div class="css-8keand"></div></div><div class="css-1q5omjq"><div class="css-fcebb8"><div data-testid="atc-compact" class="css-y94ivq" style="width: 45px;"><button type="button" class="chakra-button css-mudsm6" data-testid="atc-button"><svg stroke="currentColor" fill="currentColor" stroke-width="0" viewBox="0 0 24 24" focusable="false" class="chakra-icon css-1g3sp7a" data-testid="btn-icon" aria-hidden="true" height="1em" width="1em" xmlns="http://www.w3.org/2000/svg"><path d="M19 13h-6v6h-2v-6H5v-2h6V5h2v6h6v2z"></path></svg><span class="css-idkz9h">Add Ultrapūr 3.25% Homogenized to cart</span></button></div></div></div></div></div></div><div class="css-0"><div class="css-f5i5wc"><div class="chakra-linkbox css-vhnn8v"><div data-testid="product-image" class="css-16dr4ly"><img alt="Neilson Trutaste Lactose Free 1% Milk 2 l, $0.25/100ml" src="https://assets.shop.loblaws.ca/products/20150089/b3/en/front/20150089_front_a06_@2.png" srcset="https://assets.shop.loblaws.ca/products/20150089/b3/en/front/20150089_front_a06_@2.png 1x, https://assets.shop.loblaws.ca/products/20150089/b3/en/front/20150089_front_a06_@2.png 2x" loading="lazy" class="chakra-image css-oguq8l" aria-hidden="true"></div><div class="css-qoklea"><div class="css-12dchmx"></div><div data-testid="price-product-tile" class="css-8atqhb"><p class="chakra-text css-0"><span class="chakra-text css-o93gbd" data-testid="sale-price"><span class="css-idkz9h">$4.99</span>$4.99</span><span class="chakra-text css-623q5h" data-testid="was-price"><span class="css-idkz9h">$6.19</span>$6.19</span></p><p class="chakra-text css-1m5a6y8" data-testid="price-descriptor">SAVE $1.20</p></div><a href="/trutaste-lactose-free-1-milk/p/20150089_EA?source=nspt" class="chakra-linkbox__overlay css-1hnz6hu"><div class="css-0"><p class="chakra-text css-1ecdp9w" data-testid="product-brand">Neilson</p><h3 class="chakra-heading css-6qrhwc" id="20150089_EA" data-testid="product-title">Trutaste Lactose Free 1% Milk</h3><p class="chakra-text css-1yftjin" data-testid="product-package-size">2 l, $0.25/100ml</p></div></a><div class="css-8keand"></div></div><div class="css-1q5omjq"><div class="css-fcebb8"><div data-testid="atc-compact" class="css-y94ivq" style="width: 45px;"><button type="button" class="chakra-button css-mudsm6" data-testid="atc-button"><svg stroke="currentColor" fill="currentColor" stroke-width="0" viewBox="0 0 24 24" focusable="false" class="chakra-icon css-1g3sp7a" data-testid="btn-icon" aria-hidden="true" height="1em" width="1em" xmlns="http://www.w3.org/2000/svg"><path d="M19 13h-6v6h-2v-6H5v-2h6V5h2v6h6v2z"></path></svg><span class="css-idkz9h">Add Trutaste Lactose Free 1% Milk to cart</span></button></div></div></div></div></div></div><div class="css-0"><div class="css-f5i5wc"><div class="chakra-linkbox css-vhnn8v"><div data-testid="product-image" class="css-16dr4ly"><img alt="Neilson Homogenized Milk Microfiltered, 3.25% M.F. 1 l, $0.39/100ml" src="https://assets.shop.loblaws.ca/products/21239128/b3/en/front/21239128_front_a06_@2.png" srcset="https://assets.shop.loblaws.ca/products/21239128/b3/en/front/21239128_front_a06_@2.png 1x, https://assets.shop.loblaws.ca/products/21239128/b3/en/front/21239128_front_a06_@2.png 2x" loading="lazy" class="chakra-image css-oguq8l" aria-hidden="true"></div><div class="css-qoklea"><div class="css-12dchmx"></div><div data-testid="price-product-tile" class="css-8atqhb"><p class="chakra-text css-0"><span class="chakra-text css-pwnbcb" data-testid="regular-price"><span class="css-idkz9h">$3.89</span>$3.89</span></p></div><a href="/homogenized-milk-microfiltered-3-25-m-f/p/21239128_EA?source=nspt" class="chakra-linkbox__overlay css-1hnz6hu"><div class="css-0"><p class="chakra-text css-1ecdp9w" data-testid="product-brand">Neilson</p><h3 class="chakra-heading css-6qrhwc" id="21239128_EA" data-testid="product-title">Homogenized Milk Microfiltered, 3.25% M.F.</h3><p class="chakra-text css-1yftjin" data-testid="product-package-size">1 l, $0.39/100ml</p></div></a><div class="css-8keand"></div></div><div class="css-1q5omjq"><div class="css-fcebb8"><div data-testid="atc-compact" class="css-y94ivq" style="width: 45px;"><button type="button" class="chakra-button css-mudsm6" data-testid="atc-button"><svg stroke="currentColor" fill="currentColor" stroke-width="0" viewBox="0 0 24 24" focusable="false" class="chakra-icon css-1g3sp7a" data-testid="btn-icon" aria-hidden="true" height="1em" width="1em" xmlns="http://www.w3.org/2000/svg"><path d="M19 13h-6v6h-2v-6H5v-2h6V5h2v6h6v2z"></path></svg><span class="css-idkz9h">Add Homogenized Milk Microfiltered, 3.25% M.F. to cart</span></button></div></div></div></div></div></div><div class="css-0"><div class="css-f5i5wc"><div class="chakra-linkbox css-vhnn8v"><div data-testid="product-image" class="css-16dr4ly"><img alt="Neilson Original Chocolate Milkshake 310 ml, $0.58/100ml" src="https://assets.shop.loblaws.ca/products/21040974/b3/en/front/21040974_front_a06_@2.png" srcset="https://assets.shop.loblaws.ca/products/21040974/b3/en/front/21040974_front_a06_@2.png 1x, https://assets.shop.loblaws.ca/products/21040974/b3/en/front/21040974_front_a06_@2.png 2x" loading="lazy" class="chakra-image css-oguq8l" aria-hidden="true"></div><div class="css-qoklea"><div class="css-12dchmx"></div><div data-testid="price-product-tile" class="css-8atqhb"><p class="chakra-text css-0"><span class="chakra-text css-pwnbcb" data-testid="regular-price"><span class="css-idkz9h">$1.79</span>$1.79</span></p></div><a href="/original-chocolate-milkshake/p/21040974_EA?source=nspt" class="chakra-linkbox__overlay css-1hnz6hu"><div class="css-0"><p class="chakra-text css-1ecdp9w" data-testid="product-brand">Neilson</p><h3 class="chakra-heading css-6qrhwc" id="21040974_EA" data-testid="product-title">Original Chocolate Milkshake</h3><p class="chakra-text css-1yftjin" data-testid="product-package-size">310 ml, $0.58/100ml</p></div></a><div class="css-8keand"></div></div><div class="css-1q5omjq"><div class="css-fcebb8"><div data-testid="atc-compact" class="css-y94ivq" style="width: 45px;"><button type="button" class="chakra-button css-mudsm6" data-testid="atc-button"><svg stroke="currentColor" fill="currentColor" stroke-width="0" viewBox="0 0 24 24" focusable="false" class="chakra-icon css-1g3sp7a" data-testid="btn-icon" aria-hidden="true" height="1em" width="1em" xmlns="http://www.w3.org/2000/svg"><path d="M19 13h-6v6h-2v-6H5v-2h6V5h2v6h6v2z"></path></svg><span class="css-idkz9h">Add Original Chocolate Milkshake to cart</span></button></div></div></div></div></div></div><div class="css-0"><div class="css-f5i5wc"><div class="chakra-linkbox css-vhnn8v"><div data-testid="product-image" class="css-16dr4ly"><img alt="Milk 2 Go Chocolate Partly Skimmed Milk 1% M.F. 6 x 6x200.0 ml, $524.17/100ml" src="https://assets.shop.loblaws.ca/products/21065263/b3/en/front/21065263_front_a06_@2.png" srcset="https://assets.shop.loblaws.ca/products/21065263/b3/en/front/21065263_front_a06_@2.png 1x, https://assets.shop.loblaws.ca/products/21065263/b3/en/front/21065263_front_a06_@2.png 2x" loading="lazy" class="chakra-image css-oguq8l" aria-hidden="true"></div><div class="css-qoklea"><div class="css-12dchmx"></div><div data-testid="price-product-tile" class="css-8atqhb"><p class="chakra-text css-0"><span class="chakra-text css-pwnbcb" data-testid="regular-price"><span class="css-idkz9h">$6.29</span>$6.29</span></p></div><a href="/chocolate-partly-skimmed-milk-1-m-f-6-x/p/21065263_EA?source=nspt" class="chakra-linkbox__overlay css-1hnz6hu"><div class="css-0"><p class="chakra-text css-1ecdp9w" data-testid="product-brand">Milk 2 Go</p><h3 class="chakra-heading css-6qrhwc" id="21065263_EA" data-testid="product-title">Chocolate Partly Skimmed Milk 1% M.F. 6 x</h3><p class="chakra-text css-1yftjin" data-testid="product-package-size">6x200.0 ml, $524.17/100ml</p></div></a><div class="css-8keand"></div></div><div class="css-1q5omjq"><div class="css-fcebb8"><div data-testid="atc-compact" class="css-y94ivq" style="width: 45px;"><button type="button" class="chakra-button css-mudsm6" data-testid="atc-button"><svg stroke="currentColor" fill="currentColor" stroke-width="0" viewBox="0 0 24 24" focusable="false" class="chakra-icon css-1g3sp7a" data-testid="btn-icon" aria-hidden="true" height="1em" width="1em" xmlns="http://www.w3.org/2000/svg"><path d="M19 13h-6v6h-2v-6H5v-2h6V5h2v6h6v2z"></path></svg><span class="css-idkz9h">Add Chocolate Partly Skimmed Milk 1% M.F. 6 x to cart</span></button></div></div></div></div></div></div><div class="css-0"><div class="css-f5i5wc"><div class="chakra-linkbox css-vhnn8v"><div data-testid="product-image" class="css-16dr4ly"><img alt="Woolwich Homogenized Goat Milk 3.25%MF&nbsp;&nbsp; 4 l, $0.31/100ml" src="https://assets.shop.loblaws.ca/products/21212041/b3/en/front/21212041_front_a06_@2.png" srcset="https://assets.shop.loblaws.ca/products/21212041/b3/en/front/21212041_front_a06_@2.png 1x, https://assets.shop.loblaws.ca/products/21212041/b3/en/front/21212041_front_a06_@2.png 2x" loading="lazy" class="chakra-image css-oguq8l" aria-hidden="true"></div><div class="css-qoklea"><div class="css-12dchmx"></div><div data-testid="price-product-tile" class="css-8atqhb"><p class="chakra-text css-0"><span class="chakra-text css-pwnbcb" data-testid="regular-price"><span class="css-idkz9h">$12.29</span>$12.29</span></p></div><a href="/homogenized-goat-milk-3-25-mf/p/21212041_EA?source=nspt" class="chakra-linkbox__overlay css-1hnz6hu"><div class="css-0"><p class="chakra-text css-1ecdp9w" data-testid="product-brand">Woolwich</p><h3 class="chakra-heading css-6qrhwc" id="21212041_EA" data-testid="product-title">Homogenized Goat Milk 3.25%MF&nbsp;&nbsp;</h3><p class="chakra-text css-1yftjin" data-testid="product-package-size">4 l, $0.31/100ml</p></div></a><div class="css-8keand"></div></div><div class="css-1q5omjq"><div class="css-fcebb8"><div data-testid="atc-compact" class="css-y94ivq" style="width: 45px;"><button type="button" class="chakra-button css-mudsm6" data-testid="atc-button"><svg stroke="currentColor" fill="currentColor" stroke-width="0" viewBox="0 0 24 24" focusable="false" class="chakra-icon css-1g3sp7a" data-testid="btn-icon" aria-hidden="true" height="1em" width="1em" xmlns="http://www.w3.org/2000/svg"><path d="M19 13h-6v6h-2v-6H5v-2h6V5h2v6h6v2z"></path></svg><span class="css-idkz9h">Add Homogenized Goat Milk 3.25%MF&nbsp;&nbsp; to cart</span></button></div></div><div class="css-4saf4a"><p class="chakra-text css-py8788" data-testid="inventory-badge-text">Low Stock</p></div></div></div></div></div><div class="css-0"><div class="css-f5i5wc"><div class="chakra-linkbox css-vhnn8v"><div data-testid="product-image" class="css-16dr4ly"><img alt="PC Organics Organic Milk 1% 1 l, $0.43/100ml" src="https://assets.shop.loblaws.ca/products/20296180003/b3/en/front/20296180003_front_a06_@2.png" srcset="https://assets.shop.loblaws.ca/products/20296180003/b3/en/front/20296180003_front_a06_@2.png 1x, https://assets.shop.loblaws.ca/products/20296180003/b3/en/front/20296180003_front_a06_@2.png 2x" loading="lazy" class="chakra-image css-oguq8l" aria-hidden="true"></div><div class="css-qoklea"><div class="css-12dchmx"></div><div data-testid="price-product-tile" class="css-8atqhb"><p class="chakra-text css-0"><span class="chakra-text css-pwnbcb" data-testid="regular-price"><span class="css-idkz9h">$4.29</span>$4.29</span></p></div><a href="/organic-milk-1/p/20296180003_EA?source=nspt" class="chakra-linkbox__overlay css-1hnz6hu"><div class="css-0"><p class="chakra-text css-1ecdp9w" data-testid="product-brand">PC Organics</p><h3 class="chakra-heading css-6qrhwc" id="20296180003_EA" data-testid="product-title">Organic Milk 1%</h3><p class="chakra-text css-1yftjin" data-testid="product-package-size">1 l, $0.43/100ml</p></div></a><div class="css-8keand"></div></div><div class="css-1q5omjq"><div class="css-fcebb8"><div data-testid="atc-compact" class="css-y94ivq" style="width: 45px;"><button type="button" class="chakra-button css-mudsm6" data-testid="atc-button"><svg stroke="currentColor" fill="currentColor" stroke-width="0" viewBox="0 0 24 24" focusable="false" class="chakra-icon css-1g3sp7a" data-testid="btn-icon" aria-hidden="true" height="1em" width="1em" xmlns="http://www.w3.org/2000/svg"><path d="M19 13h-6v6h-2v-6H5v-2h6V5h2v6h6v2z"></path></svg><span class="css-idkz9h">Add Organic Milk 1% to cart</span></button></div></div></div></div></div></div><div class="css-0"><div class="css-f5i5wc"><div class="chakra-linkbox css-vhnn8v"><div data-testid="product-image" class="css-16dr4ly"><img alt="International Delight French Vanilla Flavoured Fat Free Coffee Creamer, 63 Servings 946 ml, $0.47/100ml" src="https://assets.shop.loblaws.ca/products/20895480001/b3/en/front/20895480001_front_a06_@2.png" srcset="https://assets.shop.loblaws.ca/products/20895480001/b3/en/front/20895480001_front_a06_@2.png 1x, https://assets.shop.loblaws.ca/products/20895480001/b3/en/front/20895480001_front_a06_@2.png 2x" loading="lazy" class="chakra-image css-oguq8l" aria-hidden="true"></div><div class="css-qoklea"><div class="css-12dchmx"></div><div data-testid="price-product-tile" class="css-8atqhb"><p class="chakra-text css-0"><span class="chakra-text css-o93gbd" data-testid="sale-price"><span class="css-idkz9h">$4.49</span>$4.49</span><span class="chakra-text css-623q5h" data-testid="was-price"><span class="css-idkz9h">$5.49</span>$5.49</span></p><p class="chakra-text css-1m5a6y8" data-testid="price-descriptor">SAVE $1.00</p></div><a href="/french-vanilla-flavoured-fat-free-coffee-creamer-6/p/20895480001_EA?source=nspt" class="chakra-linkbox__overlay css-1hnz6hu"><div class="css-0"><p class="chakra-text css-1ecdp9w" data-testid="product-brand">International Delight</p><h3 class="chakra-heading css-6qrhwc" id="20895480001_EA" data-testid="product-title">French Vanilla Flavoured Fat Free Coffee Creamer, 63 Servings</h3><p class="chakra-text css-1yftjin" data-testid="product-package-size">946 ml, $0.47/100ml</p></div></a><div class="css-8keand"></div></div><div class="css-1q5omjq"><div class="css-fcebb8"><div data-testid="atc-compact" class="css-y94ivq" style="width: 45px;"><button type="button" class="chakra-button css-mudsm6" data-testid="atc-button"><svg stroke="currentColor" fill="currentColor" stroke-width="0" viewBox="0 0 24 24" focusable="false" class="chakra-icon css-1g3sp7a" data-testid="btn-icon" aria-hidden="true" height="1em" width="1em" xmlns="http://www.w3.org/2000/svg"><path d="M19 13h-6v6h-2v-6H5v-2h6V5h2v6h6v2z"></path></svg><span class="css-idkz9h">Add French Vanilla Flavoured Fat Free Coffee Creamer, 63 Servings to cart</span></button></div></div><div class="css-4saf4a"><p class="chakra-text css-py8788" data-testid="inventory-badge-text">Low Stock</p></div></div></div></div></div><div class="css-0"><div class="css-f5i5wc"><div class="chakra-linkbox css-vhnn8v"><div data-testid="product-image" class="css-16dr4ly"><img alt="Starbucks Almond And Oat Dairy Free Caramel Macchiato Coffee Enhancer 828 ml, $0.96/100ml" src="https://assets.shop.loblaws.ca/products/21436900/b3/en/front/21436900_front_a06_@2.png" srcset="https://assets.shop.loblaws.ca/products/21436900/b3/en/front/21436900_front_a06_@2.png 1x, https://assets.shop.loblaws.ca/products/21436900/b3/en/front/21436900_front_a06_@2.png 2x" loading="lazy" class="chakra-image css-oguq8l" aria-hidden="true"></div><div class="css-qoklea"><div class="css-12dchmx"></div><div data-testid="price-product-tile" class="css-8atqhb"><p class="chakra-text css-0"><span class="chakra-text css-pwnbcb" data-testid="regular-price"><span class="css-idkz9h">$7.99</span>$7.99</span></p></div><a href="/almond-and-oat-dairy-free-caramel-macchiato-coffee/p/21436900_EA?source=nspt" class="chakra-linkbox__overlay css-1hnz6hu"><div class="css-0"><p class="chakra-text css-1ecdp9w" data-testid="product-brand">Starbucks</p><h3 class="chakra-heading css-6qrhwc" id="21436900_EA" data-testid="product-title">Almond And Oat Dairy Free Caramel Macchiato Coffee Enhancer</h3><p class="chakra-text css-1yftjin" data-testid="product-package-size">828 ml, $0.96/100ml</p></div></a><div class="css-8keand"></div></div><div class="css-1q5omjq"><div class="css-fcebb8"><div data-testid="atc-compact" class="css-y94ivq" style="width: 45px;"><button type="button" class="chakra-button css-mudsm6" data-testid="atc-button"><svg stroke="currentColor" fill="currentColor" stroke-width="0" viewBox="0 0 24 24" focusable="false" class="chakra-icon css-1g3sp7a" data-testid="btn-icon" aria-hidden="true" height="1em" width="1em" xmlns="http://www.w3.org/2000/svg"><path d="M19 13h-6v6h-2v-6H5v-2h6V5h2v6h6v2z"></path></svg><span class="css-idkz9h">Add Almond And Oat Dairy Free Caramel Macchiato Coffee Enhancer to cart</span></button></div></div></div></div></div></div><div class="css-0"><div class="css-f5i5wc"><div class="chakra-linkbox css-vhnn8v"><div data-testid="product-image" class="css-16dr4ly"><img alt="Neilson Homogenized Milk 3.25% 4 l, $0.18/100ml" src="https://assets.shop.loblaws.ca/products/20160571/b3/en/front/20160571_front_a06_@2.png" srcset="https://assets.shop.loblaws.ca/products/20160571/b3/en/front/20160571_front_a06_@2.png 1x, https://assets.shop.loblaws.ca/products/20160571/b3/en/front/20160571_front_a06_@2.png 2x" loading="lazy" class="chakra-image css-oguq8l" aria-hidden="true"></div><div class="css-qoklea"><div class="css-12dchmx"></div><div data-testid="price-product-tile" class="css-8atqhb"><p class="chakra-text css-0"><span class="chakra-text css-pwnbcb" data-testid="regular-price"><span class="css-idkz9h">$7.08</span>$7.08</span></p></div><a href="/homogenized-milk-3-25/p/20160571_EA?source=nspt" class="chakra-linkbox__overlay css-1hnz6hu"><div class="css-0"><p class="chakra-text css-1ecdp9w" data-testid="product-brand">Neilson</p><h3 class="chakra-heading css-6qrhwc" id="20160571_EA" data-testid="product-title">Homogenized Milk 3.25%</h3><p class="chakra-text css-1yftjin" data-testid="product-package-size">4 l, $0.18/100ml</p></div></a><div class="css-8keand"></div></div><div class="css-1q5omjq"><div class="css-fcebb8"><div data-testid="atc-compact" class="css-y94ivq" style="width: 45px;"><button type="button" class="chakra-button css-mudsm6" data-testid="atc-button"><svg stroke="currentColor" fill="currentColor" stroke-width="0" viewBox="0 0 24 24" focusable="false" class="chakra-icon css-1g3sp7a" data-testid="btn-icon" aria-hidden="true" height="1em" width="1em" xmlns="http://www.w3.org/2000/svg"><path d="M19 13h-6v6h-2v-6H5v-2h6V5h2v6h6v2z"></path></svg><span class="css-idkz9h">Add Homogenized Milk 3.25% to cart</span></button></div></div></div></div></div></div><div class="css-0"><div class="css-f5i5wc"><div class="chakra-linkbox css-vhnn8v"><div data-testid="product-image" class="css-16dr4ly"><img alt="Neilson Whipping Cream 473 ml, $0.74/100ml" src="https://assets.shop.loblaws.ca/products/20774431/b3/en/front/20774431_front_a06_@2.png" srcset="https://assets.shop.loblaws.ca/products/20774431/b3/en/front/20774431_front_a06_@2.png 1x, https://assets.shop.loblaws.ca/products/20774431/b3/en/front/20774431_front_a06_@2.png 2x" loading="lazy" class="chakra-image css-oguq8l" aria-hidden="true"></div><div class="css-qoklea"><div class="css-12dchmx"></div><div data-testid="price-product-tile" class="css-8atqhb"><p class="chakra-text css-0"><span class="chakra-text css-o93gbd" data-testid="sale-price"><span class="css-idkz9h">$3.49</span>$3.49</span><span class="chakra-text css-623q5h" data-testid="was-price"><span class="css-idkz9h">$4.79</span>$4.79</span></p><p class="chakra-text css-1m5a6y8" data-testid="price-descriptor">SAVE $1.30</p></div><a href="/whipping-cream/p/20774431_EA?source=nspt" class="chakra-linkbox__overlay css-1hnz6hu"><div class="css-0"><p class="chakra-text css-1ecdp9w" data-testid="product-brand">Neilson</p><h3 class="chakra-heading css-6qrhwc" id="20774431_EA" data-testid="product-title">Whipping Cream</h3><p class="chakra-text css-1yftjin" data-testid="product-package-size">473 ml, $0.74/100ml</p></div></a><div class="css-8keand"></div></div><div class="css-1q5omjq"><div class="css-fcebb8"><div data-testid="atc-compact" class="css-y94ivq" style="width: 45px;"><button type="button" class="chakra-button css-mudsm6" data-testid="atc-button"><svg stroke="currentColor" fill="currentColor" stroke-width="0" viewBox="0 0 24 24" focusable="false" class="chakra-icon css-1g3sp7a" data-testid="btn-icon" aria-hidden="true" height="1em" width="1em" xmlns="http://www.w3.org/2000/svg"><path d="M19 13h-6v6h-2v-6H5v-2h6V5h2v6h6v2z"></path></svg><span class="css-idkz9h">Add Whipping Cream to cart</span></button></div></div></div></div></div></div><div class="css-0"><div class="css-f5i5wc"><div class="chakra-linkbox css-vhnn8v"><div data-testid="product-image" class="css-16dr4ly"><img alt="International Delight Caramel Waffle Cookie Coffee Enhancer, Limited Edition 946 ml, $0.47/100ml" src="https://assets.shop.loblaws.ca/products/21242388/b3/en/front/21242388_front_a06_@2.png" srcset="https://assets.shop.loblaws.ca/products/21242388/b3/en/front/21242388_front_a06_@2.png 1x, https://assets.shop.loblaws.ca/products/21242388/b3/en/front/21242388_front_a06_@2.png 2x" loading="lazy" class="chakra-image css-oguq8l" aria-hidden="true"></div><div class="css-qoklea"><div class="css-12dchmx"></div><div data-testid="price-product-tile" class="css-8atqhb"><p class="chakra-text css-0"><span class="chakra-text css-o93gbd" data-testid="sale-price"><span class="css-idkz9h">$4.49</span>$4.49</span><span class="chakra-text css-623q5h" data-testid="was-price"><span class="css-idkz9h">$5.49</span>$5.49</span></p><p class="chakra-text css-1m5a6y8" data-testid="price-descriptor">SAVE $1.00</p></div><a href="/caramel-waffle-cookie-coffee-enhancer-limited-edit/p/21242388_EA?source=nspt" class="chakra-linkbox__overlay css-1hnz6hu"><div class="css-0"><p class="chakra-text css-1ecdp9w" data-testid="product-brand">International Delight</p><h3 class="chakra-heading css-6qrhwc" id="21242388_EA" data-testid="product-title">Caramel Waffle Cookie Coffee Enhancer, Limited Edition</h3><p class="chakra-text css-1yftjin" data-testid="product-package-size">946 ml, $0.47/100ml</p></div></a><div class="css-8keand"></div></div><div class="css-1q5omjq"><div class="css-fcebb8"><div data-testid="atc-compact" class="css-y94ivq" style="width: 45px;"><button type="button" class="chakra-button css-mudsm6" data-testid="atc-button"><svg stroke="currentColor" fill="currentColor" stroke-width="0" viewBox="0 0 24 24" focusable="false" class="chakra-icon css-1g3sp7a" data-testid="btn-icon" aria-hidden="true" height="1em" width="1em" xmlns="http://www.w3.org/2000/svg"><path d="M19 13h-6v6h-2v-6H5v-2h6V5h2v6h6v2z"></path></svg><span class="css-idkz9h">Add Caramel Waffle Cookie Coffee Enhancer, Limited Edition to cart</span></button></div></div></div></div></div></div><div class="css-0"><div class="css-f5i5wc"><div class="chakra-linkbox css-vhnn8v"><div data-testid="product-image" class="css-16dr4ly"><img alt="Milk 2 Go Partly Skimmed Milk 2% M.F. 6x200.0 ml, $0.52/100ml" src="https://assets.shop.loblaws.ca/products/21537885/b3/en/front/21537885_front_a06_@2.png" srcset="https://assets.shop.loblaws.ca/products/21537885/b3/en/front/21537885_front_a06_@2.png 1x, https://assets.shop.loblaws.ca/products/21537885/b3/en/front/21537885_front_a06_@2.png 2x" loading="lazy" class="chakra-image css-oguq8l" aria-hidden="true"></div><div class="css-qoklea"><div class="css-12dchmx"></div><div data-testid="price-product-tile" class="css-8atqhb"><p class="chakra-text css-0"><span class="chakra-text css-pwnbcb" data-testid="regular-price"><span class="css-idkz9h">$6.29</span>$6.29</span></p></div><a href="/partly-skimmed-milk-2-m-f/p/21537885_EA?source=nspt" class="chakra-linkbox__overlay css-1hnz6hu"><div class="css-0"><p class="chakra-text css-1ecdp9w" data-testid="product-brand">Milk 2 Go</p><h3 class="chakra-heading css-6qrhwc" id="21537885_EA" data-testid="product-title">Partly Skimmed Milk 2% M.F.</h3><p class="chakra-text css-1yftjin" data-testid="product-package-size">6x200.0 ml, $0.52/100ml</p></div></a><div class="css-8keand"></div></div><div class="css-1q5omjq"><div class="css-fcebb8"><div data-testid="atc-compact" class="css-y94ivq" style="width: 45px;"><button type="button" class="chakra-button css-mudsm6" data-testid="atc-button"><svg stroke="currentColor" fill="currentColor" stroke-width="0" viewBox="0 0 24 24" focusable="false" class="chakra-icon css-1g3sp7a" data-testid="btn-icon" aria-hidden="true" height="1em" width="1em" xmlns="http://www.w3.org/2000/svg"><path d="M19 13h-6v6h-2v-6H5v-2h6V5h2v6h6v2z"></path></svg><span class="css-idkz9h">Add Partly Skimmed Milk 2% M.F. to cart</span></button></div></div></div></div></div></div><div class="css-0"><div class="css-f5i5wc"><div class="chakra-linkbox css-vhnn8v"><div data-testid="product-image" class="css-16dr4ly"><img alt="Neilson TruTaste Skim Milk 4 l, $0.12/100ml" src="https://assets.shop.loblaws.ca/products/20075226/b3/en/front/20075226_front_a06_@2.png" srcset="https://assets.shop.loblaws.ca/products/20075226/b3/en/front/20075226_front_a06_@2.png 1x, https://assets.shop.loblaws.ca/products/20075226/b3/en/front/20075226_front_a06_@2.png 2x" loading="lazy" class="chakra-image css-oguq8l" aria-hidden="true"></div><div class="css-qoklea"><div class="css-12dchmx"></div><div data-testid="price-product-tile" class="css-8atqhb"><p class="chakra-text css-0"><span class="chakra-text css-o93gbd" data-testid="sale-price"><span class="css-idkz9h">$4.99</span>$4.99</span><span class="chakra-text css-623q5h" data-testid="was-price"><span class="css-idkz9h">$6.49</span>$6.49</span></p><p class="chakra-text css-1m5a6y8" data-testid="price-descriptor">SAVE $1.50</p></div><a href="/trutaste-skim-milk/p/20075226_EA?source=nspt" class="chakra-linkbox__overlay css-1hnz6hu"><div class="css-0"><p class="chakra-text css-1ecdp9w" data-testid="product-brand">Neilson</p><h3 class="chakra-heading css-6qrhwc" id="20075226_EA" data-testid="product-title">TruTaste Skim Milk</h3><p class="chakra-text css-1yftjin" data-testid="product-package-size">4 l, $0.12/100ml</p></div></a><div class="css-8keand"></div></div><div class="css-1q5omjq"><div class="css-fcebb8"><div data-testid="atc-compact" class="css-y94ivq" style="width: 45px;"><button type="button" class="chakra-button css-mudsm6" data-testid="atc-button"><svg stroke="currentColor" fill="currentColor" stroke-width="0" viewBox="0 0 24 24" focusable="false" class="chakra-icon css-1g3sp7a" data-testid="btn-icon" aria-hidden="true" height="1em" width="1em" xmlns="http://www.w3.org/2000/svg"><path d="M19 13h-6v6h-2v-6H5v-2h6V5h2v6h6v2z"></path></svg><span class="css-idkz9h">Add TruTaste Skim Milk to cart</span></button></div></div><div class="css-4saf4a"><p class="chakra-text css-py8788" data-testid="inventory-badge-text">Low Stock</p></div></div></div></div></div><div class="css-0"><div class="css-f5i5wc"><div class="chakra-linkbox css-vhnn8v"><div data-testid="product-image" class="css-16dr4ly"><img alt="Gay Lea Real Whipped Cream, Light 225 g, $2.22/100g" src="https://assets.shop.loblaws.ca/products/20048223002/b3/en/front/20048223002_front_a06_@2.png" srcset="https://assets.shop.loblaws.ca/products/20048223002/b3/en/front/20048223002_front_a06_@2.png 1x, https://assets.shop.loblaws.ca/products/20048223002/b3/en/front/20048223002_front_a06_@2.png 2x" loading="lazy" class="chakra-image css-oguq8l" aria-hidden="true"></div><div class="css-qoklea"><div class="css-12dchmx"></div><div data-testid="price-product-tile" class="css-8atqhb"><p class="chakra-text css-0"><span class="chakra-text css-pwnbcb" data-testid="regular-price"><span class="css-idkz9h">$4.99</span>$4.99</span></p></div><a href="/real-whipped-cream-light/p/20048223002_EA?source=nspt" class="chakra-linkbox__overlay css-1hnz6hu"><div class="css-0"><p class="chakra-text css-1ecdp9w" data-testid="product-brand">Gay Lea</p><h3 class="chakra-heading css-6qrhwc" id="20048223002_EA" data-testid="product-title">Real Whipped Cream, Light</h3><p class="chakra-text css-1yftjin" data-testid="product-package-size">225 g, $2.22/100g</p></div></a><div class="css-8keand"></div></div><div class="css-1q5omjq"><div class="css-fcebb8"><div data-testid="atc-compact" class="css-y94ivq" style="width: 45px;"><button type="button" class="chakra-button css-mudsm6" data-testid="atc-button"><svg stroke="currentColor" fill="currentColor" stroke-width="0" viewBox="0 0 24 24" focusable="false" class="chakra-icon css-1g3sp7a" data-testid="btn-icon" aria-hidden="true" height="1em" width="1em" xmlns="http://www.w3.org/2000/svg"><path d="M19 13h-6v6h-2v-6H5v-2h6V5h2v6h6v2z"></path></svg><span class="css-idkz9h">Add Real Whipped Cream, Light to cart</span></button></div></div></div></div></div></div><div class="css-0"><div class="css-f5i5wc"><div class="chakra-linkbox css-vhnn8v"><div data-testid="product-image" class="css-16dr4ly"><img alt="PC Organics Organic Partly Skimmed 1% Milk 2 l, $0.36/100ml" src="https://assets.shop.loblaws.ca/products/20354536/b3/en/front/20354536_front_a06_@2.png" srcset="https://assets.shop.loblaws.ca/products/20354536/b3/en/front/20354536_front_a06_@2.png 1x, https://assets.shop.loblaws.ca/products/20354536/b3/en/front/20354536_front_a06_@2.png 2x" loading="lazy" class="chakra-image css-oguq8l" aria-hidden="true"></div><div class="css-qoklea"><div class="css-12dchmx"></div><div data-testid="price-product-tile" class="css-8atqhb"><p class="chakra-text css-0"><span class="chakra-text css-pwnbcb" data-testid="regular-price"><span class="css-idkz9h">$7.14</span>$7.14</span></p></div><a href="/organic-partly-skimmed-1-milk/p/20354536_EA?source=nspt" class="chakra-linkbox__overlay css-1hnz6hu"><div class="css-0"><p class="chakra-text css-1ecdp9w" data-testid="product-brand">PC Organics</p><h3 class="chakra-heading css-6qrhwc" id="20354536_EA" data-testid="product-title">Organic Partly Skimmed 1% Milk</h3><p class="chakra-text css-1yftjin" data-testid="product-package-size">2 l, $0.36/100ml</p></div></a><div class="css-8keand"></div></div><div class="css-1q5omjq"><div class="css-fcebb8"><div data-testid="atc-compact" class="css-y94ivq" style="width: 45px;"><button type="button" class="chakra-button css-mudsm6" data-testid="atc-button"><svg stroke="currentColor" fill="currentColor" stroke-width="0" viewBox="0 0 24 24" focusable="false" class="chakra-icon css-1g3sp7a" data-testid="btn-icon" aria-hidden="true" height="1em" width="1em" xmlns="http://www.w3.org/2000/svg"><path d="M19 13h-6v6h-2v-6H5v-2h6V5h2v6h6v2z"></path></svg><span class="css-idkz9h">Add Organic Partly Skimmed 1% Milk to cart</span></button></div></div></div></div></div></div><div class="css-0"><div class="css-f5i5wc"><div class="chakra-linkbox css-vhnn8v"><div data-testid="product-image" class="css-16dr4ly"><img alt="Lactantia PurFiltre Milk 1% Partly Skimmed  2 l, $0.28/100ml" src="https://assets.shop.loblaws.ca/products/21425018/b3/en/front/21425018_front_a06_@2.png" srcset="https://assets.shop.loblaws.ca/products/21425018/b3/en/front/21425018_front_a06_@2.png 1x, https://assets.shop.loblaws.ca/products/21425018/b3/en/front/21425018_front_a06_@2.png 2x" loading="lazy" class="chakra-image css-oguq8l" aria-hidden="true"></div><div class="css-qoklea"><div class="css-12dchmx"></div><div data-testid="price-product-tile" class="css-8atqhb"><p class="chakra-text css-0"><span class="chakra-text css-pwnbcb" data-testid="regular-price"><span class="css-idkz9h">$5.69</span>$5.69</span></p></div><a href="/purfiltre-milk-1-partly-skimmed/p/21425018_EA?source=nspt" class="chakra-linkbox__overlay css-1hnz6hu"><div class="css-0"><p class="chakra-text css-1ecdp9w" data-testid="product-brand">Lactantia</p><h3 class="chakra-heading css-6qrhwc" id="21425018_EA" data-testid="product-title">PurFiltre Milk 1% Partly Skimmed </h3><p class="chakra-text css-1yftjin" data-testid="product-package-size">2 l, $0.28/100ml</p></div></a><div class="css-8keand"></div></div><div class="css-1q5omjq"><div class="css-fcebb8"><div data-testid="atc-compact" class="css-y94ivq" style="width: 45px;"><button type="button" class="chakra-button css-mudsm6" data-testid="atc-button"><svg stroke="currentColor" fill="currentColor" stroke-width="0" viewBox="0 0 24 24" focusable="false" class="chakra-icon css-1g3sp7a" data-testid="btn-icon" aria-hidden="true" height="1em" width="1em" xmlns="http://www.w3.org/2000/svg"><path d="M19 13h-6v6h-2v-6H5v-2h6V5h2v6h6v2z"></path></svg><span class="css-idkz9h">Add PurFiltre Milk 1% Partly Skimmed  to cart</span></button></div></div></div></div></div></div><div class="css-0"><div class="css-f5i5wc"><div class="chakra-linkbox css-vhnn8v"><div data-testid="product-image" class="css-16dr4ly"><img alt="Neilson 2% Milk 1 l, $0.36/100ml" src="https://assets.shop.loblaws.ca/products/20149754/b3/en/front/20149754_front_a06_@2.png" srcset="https://assets.shop.loblaws.ca/products/20149754/b3/en/front/20149754_front_a06_@2.png 1x, https://assets.shop.loblaws.ca/products/20149754/b3/en/front/20149754_front_a06_@2.png 2x" loading="lazy" class="chakra-image css-oguq8l" aria-hidden="true"></div><div class="css-qoklea"><div class="css-12dchmx"></div><div data-testid="price-product-tile" class="css-8atqhb"><p class="chakra-text css-0"><span class="chakra-text css-pwnbcb" data-testid="regular-price"><span class="css-idkz9h">$3.59</span>$3.59</span></p></div><a href="/2-milk/p/20149754_EA?source=nspt" class="chakra-linkbox__overlay css-1hnz6hu"><div class="css-0"><p class="chakra-text css-1ecdp9w" data-testid="product-brand">Neilson</p><h3 class="chakra-heading css-6qrhwc" id="20149754_EA" data-testid="product-title">2% Milk</h3><p class="chakra-text css-1yftjin" data-testid="product-package-size">1 l, $0.36/100ml</p></div></a><div class="css-8keand"></div></div><div class="css-1q5omjq"><div class="css-fcebb8"><div data-testid="atc-compact" class="css-y94ivq" style="width: 45px;"><button type="button" class="chakra-button css-mudsm6" data-testid="atc-button"><svg stroke="currentColor" fill="currentColor" stroke-width="0" viewBox="0 0 24 24" focusable="false" class="chakra-icon css-1g3sp7a" data-testid="btn-icon" aria-hidden="true" height="1em" width="1em" xmlns="http://www.w3.org/2000/svg"><path d="M19 13h-6v6h-2v-6H5v-2h6V5h2v6h6v2z"></path></svg><span class="css-idkz9h">Add 2% Milk to cart</span></button></div></div></div></div></div></div><div class="css-0"><div class="css-f5i5wc"><div class="chakra-linkbox css-vhnn8v"><div data-testid="product-image" class="css-16dr4ly"><img alt="Natrel Natrel Plus 2% Lactose Free Chocolate Enriched Milk 2 l, $0.37/100ml" src="https://assets.shop.loblaws.ca/products/21443665/b3/en/front/21443665_front_a06_@2.png" srcset="https://assets.shop.loblaws.ca/products/21443665/b3/en/front/21443665_front_a06_@2.png 1x, https://assets.shop.loblaws.ca/products/21443665/b3/en/front/21443665_front_a06_@2.png 2x" loading="lazy" class="chakra-image css-oguq8l" aria-hidden="true"></div><div class="css-qoklea"><div class="css-12dchmx"></div><div data-testid="price-product-tile" class="css-8atqhb"><p class="chakra-text css-0"><span class="chakra-text css-pwnbcb" data-testid="regular-price"><span class="css-idkz9h">$7.49</span>$7.49</span></p></div><a href="/natrel-plus-2-lactose-free-chocolate-enriched-milk/p/21443665_EA?source=nspt" class="chakra-linkbox__overlay css-1hnz6hu"><div class="css-0"><p class="chakra-text css-1ecdp9w" data-testid="product-brand">Natrel</p><h3 class="chakra-heading css-6qrhwc" id="21443665_EA" data-testid="product-title">Natrel Plus 2% Lactose Free Chocolate Enriched Milk</h3><p class="chakra-text css-1yftjin" data-testid="product-package-size">2 l, $0.37/100ml</p></div></a><div class="css-8keand"></div></div><div class="css-1q5omjq"><div class="css-fcebb8"><div data-testid="atc-compact" class="css-y94ivq" style="width: 45px;"><button type="button" class="chakra-button css-mudsm6" data-testid="atc-button"><svg stroke="currentColor" fill="currentColor" stroke-width="0" viewBox="0 0 24 24" focusable="false" class="chakra-icon css-1g3sp7a" data-testid="btn-icon" aria-hidden="true" height="1em" width="1em" xmlns="http://www.w3.org/2000/svg"><path d="M19 13h-6v6h-2v-6H5v-2h6V5h2v6h6v2z"></path></svg><span class="css-idkz9h">Add Natrel Plus 2% Lactose Free Chocolate Enriched Milk to cart</span></button></div></div></div></div></div></div><div class="css-0"><div class="css-f5i5wc"><div class="chakra-linkbox css-vhnn8v"><div data-testid="product-image" class="css-16dr4ly"><img alt="Neilson TruTaste 2% Milk 1 l, $0.41/100ml" src="https://assets.shop.loblaws.ca/products/20181392/b3/en/front/20181392_front_a06_@2.png" srcset="https://assets.shop.loblaws.ca/products/20181392/b3/en/front/20181392_front_a06_@2.png 1x, https://assets.shop.loblaws.ca/products/20181392/b3/en/front/20181392_front_a06_@2.png 2x" loading="lazy" class="chakra-image css-oguq8l" aria-hidden="true"></div><div class="css-qoklea"><div class="css-12dchmx"></div><div data-testid="price-product-tile" class="css-8atqhb"><p class="chakra-text css-0"><span class="chakra-text css-pwnbcb" data-testid="regular-price"><span class="css-idkz9h">$4.09</span>$4.09</span></p></div><a href="/trutaste-2-milk/p/20181392_EA?source=nspt" class="chakra-linkbox__overlay css-1hnz6hu"><div class="css-0"><p class="chakra-text css-1ecdp9w" data-testid="product-brand">Neilson</p><h3 class="chakra-heading css-6qrhwc" id="20181392_EA" data-testid="product-title">TruTaste 2% Milk</h3><p class="chakra-text css-1yftjin" data-testid="product-package-size">1 l, $0.41/100ml</p></div></a><div class="css-8keand"></div></div><div class="css-1q5omjq"><div class="css-fcebb8"><div data-testid="atc-compact" class="css-y94ivq" style="width: 45px;"><button type="button" class="chakra-button css-mudsm6" data-testid="atc-button"><svg stroke="currentColor" fill="currentColor" stroke-width="0" viewBox="0 0 24 24" focusable="false" class="chakra-icon css-1g3sp7a" data-testid="btn-icon" aria-hidden="true" height="1em" width="1em" xmlns="http://www.w3.org/2000/svg"><path d="M19 13h-6v6h-2v-6H5v-2h6V5h2v6h6v2z"></path></svg><span class="css-idkz9h">Add TruTaste 2% Milk to cart</span></button></div></div></div></div></div></div><div class="css-0"><div class="css-f5i5wc"><div class="chakra-linkbox css-vhnn8v"><div data-testid="product-image" class="css-16dr4ly"><img alt="Neilson Chocolate Milk, 25% Less Sugar 1 l, $0.28/100ml" src="https://assets.shop.loblaws.ca/products/20650656/b3/en/front/20650656_front_a06_@2.png" srcset="https://assets.shop.loblaws.ca/products/20650656/b3/en/front/20650656_front_a06_@2.png 1x, https://assets.shop.loblaws.ca/products/20650656/b3/en/front/20650656_front_a06_@2.png 2x" loading="lazy" class="chakra-image css-oguq8l" aria-hidden="true"></div><div class="css-qoklea"><div class="css-12dchmx"></div><div data-testid="price-product-tile" class="css-8atqhb"><p class="chakra-text css-0"><span class="chakra-text css-pwnbcb" data-testid="regular-price"><span class="css-idkz9h">$2.79</span>$2.79</span></p></div><a href="/chocolate-milk-25-less-sugar/p/20650656_EA?source=nspt" class="chakra-linkbox__overlay css-1hnz6hu"><div class="css-0"><p class="chakra-text css-1ecdp9w" data-testid="product-brand">Neilson</p><h3 class="chakra-heading css-6qrhwc" id="20650656_EA" data-testid="product-title">Chocolate Milk, 25% Less Sugar</h3><p class="chakra-text css-1yftjin" data-testid="product-package-size">1 l, $0.28/100ml</p></div></a><div class="css-8keand"></div></div><div class="css-1q5omjq"><div class="css-fcebb8"><div data-testid="atc-compact" class="css-y94ivq" style="width: 45px;"><button type="button" class="chakra-button css-mudsm6" data-testid="atc-button"><svg stroke="currentColor" fill="currentColor" stroke-width="0" viewBox="0 0 24 24" focusable="false" class="chakra-icon css-1g3sp7a" data-testid="btn-icon" aria-hidden="true" height="1em" width="1em" xmlns="http://www.w3.org/2000/svg"><path d="M19 13h-6v6h-2v-6H5v-2h6V5h2v6h6v2z"></path></svg><span class="css-idkz9h">Add Chocolate Milk, 25% Less Sugar to cart</span></button></div></div></div></div></div></div><div class="css-0"><div class="css-f5i5wc"><div class="chakra-linkbox css-vhnn8v"><div data-testid="product-image" class="css-16dr4ly"><img alt="Milk 2 Go Chocolate 473 ml, $0.51/100ml" src="https://assets.shop.loblaws.ca/products/20895935002/b3/en/front/20895935002_front_a06_@2.png" srcset="https://assets.shop.loblaws.ca/products/20895935002/b3/en/front/20895935002_front_a06_@2.png 1x, https://assets.shop.loblaws.ca/products/20895935002/b3/en/front/20895935002_front_a06_@2.png 2x" loading="lazy" class="chakra-image css-oguq8l" aria-hidden="true"></div><div class="css-qoklea"><div class="css-12dchmx"></div><div data-testid="price-product-tile" class="css-8atqhb"><p class="chakra-text css-0"><span class="chakra-text css-pwnbcb" data-testid="regular-price"><span class="css-idkz9h">$2.39</span>$2.39</span></p></div><a href="/chocolate/p/20895935002_EA?source=nspt" class="chakra-linkbox__overlay css-1hnz6hu"><div class="css-0"><p class="chakra-text css-1ecdp9w" data-testid="product-brand">Milk 2 Go</p><h3 class="chakra-heading css-6qrhwc" id="20895935002_EA" data-testid="product-title">Chocolate</h3><p class="chakra-text css-1yftjin" data-testid="product-package-size">473 ml, $0.51/100ml</p></div></a><div class="css-8keand"></div></div><div class="css-1q5omjq"><div class="css-fcebb8"><div data-testid="atc-compact" class="css-y94ivq" style="width: 45px;"><button type="button" class="chakra-button css-mudsm6" data-testid="atc-button"><svg stroke="currentColor" fill="currentColor" stroke-width="0" viewBox="0 0 24 24" focusable="false" class="chakra-icon css-1g3sp7a" data-testid="btn-icon" aria-hidden="true" height="1em" width="1em" xmlns="http://www.w3.org/2000/svg"><path d="M19 13h-6v6h-2v-6H5v-2h6V5h2v6h6v2z"></path></svg><span class="css-idkz9h">Add Chocolate to cart</span></button></div></div></div></div></div></div><div class="css-0"><div class="css-f5i5wc"><div class="chakra-linkbox css-vhnn8v"><div data-testid="product-image" class="css-16dr4ly"><img alt="Starbucks Caramel Macchiato Liquid Coffee Enhancer 828 ml, $0.96/100ml" src="https://assets.shop.loblaws.ca/products/21358473/b3/en/front/21358473_front_a06_@2.png" srcset="https://assets.shop.loblaws.ca/products/21358473/b3/en/front/21358473_front_a06_@2.png 1x, https://assets.shop.loblaws.ca/products/21358473/b3/en/front/21358473_front_a06_@2.png 2x" loading="lazy" class="chakra-image css-oguq8l" aria-hidden="true"></div><div class="css-qoklea"><div class="css-12dchmx"></div><div data-testid="price-product-tile" class="css-8atqhb"><p class="chakra-text css-0"><span class="chakra-text css-pwnbcb" data-testid="regular-price"><span class="css-idkz9h">$7.99</span>$7.99</span></p></div><a href="/caramel-macchiato-liquid-coffee-enhancer/p/21358473_EA?source=nspt" class="chakra-linkbox__overlay css-1hnz6hu"><div class="css-0"><p class="chakra-text css-1ecdp9w" data-testid="product-brand">Starbucks</p><h3 class="chakra-heading css-6qrhwc" id="21358473_EA" data-testid="product-title">Caramel Macchiato Liquid Coffee Enhancer</h3><p class="chakra-text css-1yftjin" data-testid="product-package-size">828 ml, $0.96/100ml</p></div></a><div class="css-8keand"></div></div><div class="css-1q5omjq"><div class="css-fcebb8"><div data-testid="atc-compact" class="css-y94ivq" style="width: 45px;"><button type="button" class="chakra-button css-mudsm6" data-testid="atc-button"><svg stroke="currentColor" fill="currentColor" stroke-width="0" viewBox="0 0 24 24" focusable="false" class="chakra-icon css-1g3sp7a" data-testid="btn-icon" aria-hidden="true" height="1em" width="1em" xmlns="http://www.w3.org/2000/svg"><path d="M19 13h-6v6h-2v-6H5v-2h6V5h2v6h6v2z"></path></svg><span class="css-idkz9h">Add Caramel Macchiato Liquid Coffee Enhancer to cart</span></button></div></div></div></div></div></div><div class="css-0"><div class="css-f5i5wc"><div class="chakra-linkbox css-vhnn8v"><div data-testid="product-image" class="css-16dr4ly"><img alt="Neilson TruTaste 1% Milk 1 l, $0.41/100ml" src="https://assets.shop.loblaws.ca/products/20164009/b3/en/front/20164009_front_a06_@2.png" srcset="https://assets.shop.loblaws.ca/products/20164009/b3/en/front/20164009_front_a06_@2.png 1x, https://assets.shop.loblaws.ca/products/20164009/b3/en/front/20164009_front_a06_@2.png 2x" loading="lazy" class="chakra-image css-oguq8l" aria-hidden="true"></div><div class="css-qoklea"><div class="css-12dchmx"></div><div data-testid="price-product-tile" class="css-8atqhb"><p class="chakra-text css-0"><span class="chakra-text css-pwnbcb" data-testid="regular-price"><span class="css-idkz9h">$4.09</span>$4.09</span></p></div><a href="/trutaste-1-milk/p/20164009_EA?source=nspt" class="chakra-linkbox__overlay css-1hnz6hu"><div class="css-0"><p class="chakra-text css-1ecdp9w" data-testid="product-brand">Neilson</p><h3 class="chakra-heading css-6qrhwc" id="20164009_EA" data-testid="product-title">TruTaste 1% Milk</h3><p class="chakra-text css-1yftjin" data-testid="product-package-size">1 l, $0.41/100ml</p></div></a><div class="css-8keand"></div></div><div class="css-1q5omjq"><div class="css-fcebb8"><div data-testid="atc-compact" class="css-y94ivq" style="width: 45px;"><button type="button" class="chakra-button css-mudsm6" data-testid="atc-button"><svg stroke="currentColor" fill="currentColor" stroke-width="0" viewBox="0 0 24 24" focusable="false" class="chakra-icon css-1g3sp7a" data-testid="btn-icon" aria-hidden="true" height="1em" width="1em" xmlns="http://www.w3.org/2000/svg"><path d="M19 13h-6v6h-2v-6H5v-2h6V5h2v6h6v2z"></path></svg><span class="css-idkz9h">Add TruTaste 1% Milk to cart</span></button></div></div></div></div></div></div><div class="css-0"><div class="css-f5i5wc"><div class="chakra-linkbox css-vhnn8v"><div data-testid="product-image" class="css-16dr4ly"><img alt="Neilson TruTaste Lactose Free 2% Milk 4 l, $0.27/100ml" src="https://assets.shop.loblaws.ca/products/20039684/b3/en/front/20039684_front_a06_@2.png" srcset="https://assets.shop.loblaws.ca/products/20039684/b3/en/front/20039684_front_a06_@2.png 1x, https://assets.shop.loblaws.ca/products/20039684/b3/en/front/20039684_front_a06_@2.png 2x" loading="lazy" class="chakra-image css-oguq8l" aria-hidden="true"></div><div class="css-qoklea"><div class="css-12dchmx"></div><div data-testid="price-product-tile" class="css-8atqhb"><p class="chakra-text css-0"><span class="chakra-text css-pwnbcb" data-testid="regular-price"><span class="css-idkz9h">$10.89</span>$10.89</span></p></div><a href="/trutaste-lactose-free-2-milk/p/20039684_EA?source=nspt" class="chakra-linkbox__overlay css-1hnz6hu"><div class="css-0"><p class="chakra-text css-1ecdp9w" data-testid="product-brand">Neilson</p><h3 class="chakra-heading css-6qrhwc" id="20039684_EA" data-testid="product-title">TruTaste Lactose Free 2% Milk</h3><p class="chakra-text css-1yftjin" data-testid="product-package-size">4 l, $0.27/100ml</p></div></a><div class="css-8keand"></div></div><div class="css-1q5omjq"><div class="css-fcebb8"><div data-testid="atc-compact" class="css-y94ivq" style="width: 45px;"><button type="button" class="chakra-button css-mudsm6" data-testid="atc-button"><svg stroke="currentColor" fill="currentColor" stroke-width="0" viewBox="0 0 24 24" focusable="false" class="chakra-icon css-1g3sp7a" data-testid="btn-icon" aria-hidden="true" height="1em" width="1em" xmlns="http://www.w3.org/2000/svg"><path d="M19 13h-6v6h-2v-6H5v-2h6V5h2v6h6v2z"></path></svg><span class="css-idkz9h">Add TruTaste Lactose Free 2% Milk to cart</span></button></div></div></div></div></div></div><div class="css-0"><div class="css-f5i5wc"><div class="chakra-linkbox css-vhnn8v"><div data-testid="product-image" class="css-16dr4ly"><img alt="Neilson Trutaste Homogenized Milk 4 l, $0.19/100ml" src="https://assets.shop.loblaws.ca/products/20091686/b3/en/front/20091686_front_a06_@2.png" srcset="https://assets.shop.loblaws.ca/products/20091686/b3/en/front/20091686_front_a06_@2.png 1x, https://assets.shop.loblaws.ca/products/20091686/b3/en/front/20091686_front_a06_@2.png 2x" loading="lazy" class="chakra-image css-oguq8l" aria-hidden="true"></div><div class="css-qoklea"><div class="css-12dchmx"></div><div data-testid="price-product-tile" class="css-8atqhb"><p class="chakra-text css-0"><span class="chakra-text css-pwnbcb" data-testid="regular-price"><span class="css-idkz9h">$7.49</span>$7.49</span></p></div><a href="/trutaste-homogenized-milk/p/20091686_EA?source=nspt" class="chakra-linkbox__overlay css-1hnz6hu"><div class="css-0"><p class="chakra-text css-1ecdp9w" data-testid="product-brand">Neilson</p><h3 class="chakra-heading css-6qrhwc" id="20091686_EA" data-testid="product-title">Trutaste Homogenized Milk</h3><p class="chakra-text css-1yftjin" data-testid="product-package-size">4 l, $0.19/100ml</p></div></a><div class="css-8keand"></div></div><div class="css-1q5omjq"><div class="css-fcebb8"><div data-testid="atc-compact" class="css-y94ivq" style="width: 45px;"><button type="button" class="chakra-button css-mudsm6" data-testid="atc-button"><svg stroke="currentColor" fill="currentColor" stroke-width="0" viewBox="0 0 24 24" focusable="false" class="chakra-icon css-1g3sp7a" data-testid="btn-icon" aria-hidden="true" height="1em" width="1em" xmlns="http://www.w3.org/2000/svg"><path d="M19 13h-6v6h-2v-6H5v-2h6V5h2v6h6v2z"></path></svg><span class="css-idkz9h">Add Trutaste Homogenized Milk to cart</span></button></div></div></div></div></div></div></div><div data-testid="product-grid" class="css-epcqr3"><div class="css-0"><div class="css-f5i5wc"><div class="chakra-linkbox css-vhnn8v"><div data-testid="product-image" class="css-16dr4ly"><img alt="Starbucks Caramel Macchiato Liquid Coffee Enhancer 828 ml, $0.96/100ml" src="https://assets.shop.loblaws.ca/products/21358473/b3/en/front/21358473_front_a06_@2.png" srcset="https://assets.shop.loblaws.ca/products/21358473/b3/en/front/21358473_front_a06_@2.png 1x, https://assets.shop.loblaws.ca/products/21358473/b3/en/front/21358473_front_a06_@2.png 2x" loading="lazy" class="chakra-image css-oguq8l" aria-hidden="true"></div><div class="css-qoklea"><div class="css-12dchmx"></div><div data-testid="price-product-tile" class="css-8atqhb"><p class="chakra-text css-0"><span class="chakra-text css-pwnbcb" data-testid="regular-price"><span class="css-idkz9h">$7.99</span>$7.99</span></p></div><a href="/caramel-macchiato-liquid-coffee-enhancer/p/21358473_EA?source=nspt" class="chakra-linkbox__overlay css-1hnz6hu"><div class="css-0"><p class="chakra-text css-1ecdp9w" data-testid="product-brand">Starbucks</p><h3 class="chakra-heading css-6qrhwc" id="21358473_EA" data-testid="product-title">Caramel Macchiato Liquid Coffee Enhancer</h3><p class="chakra-text css-1yftjin" data-testid="product-package-size">828 ml, $0.96/100ml</p></div></a><div class="css-8keand"></div></div><div class="css-1q5omjq"><div class="css-fcebb8"><div data-testid="atc-compact" class="css-y94ivq" style="width: 45px;"><button type="button" class="chakra-button css-mudsm6" data-testid="atc-button"><svg stroke="currentColor" fill="currentColor" stroke-width="0" viewBox="0 0 24 24" focusable="false" class="chakra-icon css-1g3sp7a" data-testid="btn-icon" aria-hidden="true" height="1em" width="1em" xmlns="http://www.w3.org/2000/svg"><path d="M19 13h-6v6h-2v-6H5v-2h6V5h2v6h6v2z"></path></svg><span class="css-idkz9h">Add Caramel Macchiato Liquid Coffee Enhancer to cart</span></button></div></div></div></div></div></div><div class="css-0"><div class="css-f5i5wc"><div class="chakra-linkbox css-vhnn8v"><div data-testid="product-image" class="css-16dr4ly"><img alt="Neilson Partly Skimmed Milk 1% MF 4 l, $0.15/100ml" src="https://assets.shop.loblaws.ca/products/20047439/b3/en/front/20047439_front_a06_@2.png" srcset="https://assets.shop.loblaws.ca/products/20047439/b3/en/front/20047439_front_a06_@2.png 1x, https://assets.shop.loblaws.ca/products/20047439/b3/en/front/20047439_front_a06_@2.png 2x" loading="lazy" class="chakra-image css-oguq8l" aria-hidden="true"></div><div class="css-qoklea"><div class="css-12dchmx"></div><div data-testid="price-product-tile" class="css-8atqhb"><p class="chakra-text css-0"><span class="chakra-text css-pwnbcb" data-testid="regular-price"><span class="css-idkz9h">$6.08</span>$6.08</span></p></div><a href="/partly-skimmed-milk-1-mf/p/20047439_EA?source=nspt" class="chakra-linkbox__overlay css-1hnz6hu"><div class="css-0"><p class="chakra-text css-1ecdp9w" data-testid="product-brand">Neilson</p><h3 class="chakra-heading css-6qrhwc" id="20047439_EA" data-testid="product-title">Partly Skimmed Milk 1% MF</h3><p class="chakra-text css-1yftjin" data-testid="product-package-size">4 l, $0.15/100ml</p></div></a><div class="css-8keand"></div></div><div class="css-1q5omjq"><div class="css-fcebb8"><div data-testid="atc-compact" class="css-y94ivq" style="width: 45px;"><button type="button" class="chakra-button css-mudsm6" data-testid="atc-button"><svg stroke="currentColor" fill="currentColor" stroke-width="0" viewBox="0 0 24 24" focusable="false" class="chakra-icon css-1g3sp7a" data-testid="btn-icon" aria-hidden="true" height="1em" width="1em" xmlns="http://www.w3.org/2000/svg"><path d="M19 13h-6v6h-2v-6H5v-2h6V5h2v6h6v2z"></path></svg><span class="css-idkz9h">Add Partly Skimmed Milk 1% MF to cart</span></button></div></div></div></div></div></div><div class="css-0"><div class="css-f5i5wc"><div class="chakra-linkbox css-vhnn8v"><div data-testid="product-image" class="css-16dr4ly"><img alt="Neilson TruTaste 2% Milk 1 l, $0.41/100ml" src="https://assets.shop.loblaws.ca/products/20181392/b3/en/front/20181392_front_a06_@2.png" srcset="https://assets.shop.loblaws.ca/products/20181392/b3/en/front/20181392_front_a06_@2.png 1x, https://assets.shop.loblaws.ca/products/20181392/b3/en/front/20181392_front_a06_@2.png 2x" loading="lazy" class="chakra-image css-oguq8l" aria-hidden="true"></div><div class="css-qoklea"><div class="css-12dchmx"></div><div data-testid="price-product-tile" class="css-8atqhb"><p class="chakra-text css-0"><span class="chakra-text css-pwnbcb" data-testid="regular-price"><span class="css-idkz9h">$4.09</span>$4.09</span></p></div><a href="/trutaste-2-milk/p/20181392_EA?source=nspt" class="chakra-linkbox__overlay css-1hnz6hu"><div class="css-0"><p class="chakra-text css-1ecdp9w" data-testid="product-brand">Neilson</p><h3 class="chakra-heading css-6qrhwc" id="20181392_EA" data-testid="product-title">TruTaste 2% Milk</h3><p class="chakra-text css-1yftjin" data-testid="product-package-size">1 l, $0.41/100ml</p></div></a><div class="css-8keand"></div></div><div class="css-1q5omjq"><div class="css-fcebb8"><div data-testid="atc-compact" class="css-y94ivq" style="width: 45px;"><button type="button" class="chakra-button css-mudsm6" data-testid="atc-button"><svg stroke="currentColor" fill="currentColor" stroke-width="0" viewBox="0 0 24 24" focusable="false" class="chakra-icon css-1g3sp7a" data-testid="btn-icon" aria-hidden="true" height="1em" width="1em" xmlns="http://www.w3.org/2000/svg"><path d="M19 13h-6v6h-2v-6H5v-2h6V5h2v6h6v2z"></path></svg><span class="css-idkz9h">Add TruTaste 2% Milk to cart</span></button></div></div></div></div></div></div><div class="css-0"><div class="css-f5i5wc"><div class="chakra-linkbox css-vhnn8v"><div data-testid="product-image" class="css-16dr4ly"><img alt="Neilson Table Cream 1 l, $0.56/100ml" src="https://assets.shop.loblaws.ca/products/20155660/b3/en/front/20155660_front_a06_@2.png" srcset="https://assets.shop.loblaws.ca/products/20155660/b3/en/front/20155660_front_a06_@2.png 1x, https://assets.shop.loblaws.ca/products/20155660/b3/en/front/20155660_front_a06_@2.png 2x" loading="lazy" class="chakra-image css-oguq8l" aria-hidden="true"></div><div class="css-qoklea"><div class="css-12dchmx"></div><div data-testid="price-product-tile" class="css-8atqhb"><p class="chakra-text css-0"><span class="chakra-text css-pwnbcb" data-testid="regular-price"><span class="css-idkz9h">$5.60</span>$5.60</span></p></div><a href="/table-cream/p/20155660_EA?source=nspt" class="chakra-linkbox__overlay css-1hnz6hu"><div class="css-0"><p class="chakra-text css-1ecdp9w" data-testid="product-brand">Neilson</p><h3 class="chakra-heading css-6qrhwc" id="20155660_EA" data-testid="product-title">Table Cream</h3><p class="chakra-text css-1yftjin" data-testid="product-package-size">1 l, $0.56/100ml</p></div></a><div class="css-8keand"></div></div><div class="css-1q5omjq"><div class="css-fcebb8"><div data-testid="atc-compact" class="css-y94ivq" style="width: 45px;"><button type="button" class="chakra-button css-mudsm6" data-testid="atc-button"><svg stroke="currentColor" fill="currentColor" stroke-width="0" viewBox="0 0 24 24" focusable="false" class="chakra-icon css-1g3sp7a" data-testid="btn-icon" aria-hidden="true" height="1em" width="1em" xmlns="http://www.w3.org/2000/svg"><path d="M19 13h-6v6h-2v-6H5v-2h6V5h2v6h6v2z"></path></svg><span class="css-idkz9h">Add Table Cream to cart</span></button></div></div></div></div></div></div><div class="css-0"><div class="css-f5i5wc"><div class="chakra-linkbox css-vhnn8v"><div data-testid="product-image" class="css-16dr4ly"><img alt="Neilson 1% Partly Skimmed Milk 2 l, $0.27/100ml" src="https://assets.shop.loblaws.ca/products/20076709/b3/en/front/20076709_front_a06_@2.png" srcset="https://assets.shop.loblaws.ca/products/20076709/b3/en/front/20076709_front_a06_@2.png 1x, https://assets.shop.loblaws.ca/products/20076709/b3/en/front/20076709_front_a06_@2.png 2x" loading="lazy" class="chakra-image css-oguq8l" aria-hidden="true"></div><div class="css-qoklea"><div class="css-12dchmx"></div><div data-testid="price-product-tile" class="css-8atqhb"><p class="chakra-text css-0"><span class="chakra-text css-pwnbcb" data-testid="regular-price"><span class="css-idkz9h">$5.34</span>$5.34</span></p></div><a href="/1-partly-skimmed-milk/p/20076709_EA?source=nspt" class="chakra-linkbox__overlay css-1hnz6hu"><div class="css-0"><p class="chakra-text css-1ecdp9w" data-testid="product-brand">Neilson</p><h3 class="chakra-heading css-6qrhwc" id="20076709_EA" data-testid="product-title">1% Partly Skimmed Milk</h3><p class="chakra-text css-1yftjin" data-testid="product-package-size">2 l, $0.27/100ml</p></div></a><div class="css-8keand"></div></div><div class="css-1q5omjq"><div class="css-fcebb8"><div data-testid="atc-compact" class="css-y94ivq" style="width: 45px;"><button type="button" class="chakra-button css-mudsm6" data-testid="atc-button"><svg stroke="currentColor" fill="currentColor" stroke-width="0" viewBox="0 0 24 24" focusable="false" class="chakra-icon css-1g3sp7a" data-testid="btn-icon" aria-hidden="true" height="1em" width="1em" xmlns="http://www.w3.org/2000/svg"><path d="M19 13h-6v6h-2v-6H5v-2h6V5h2v6h6v2z"></path></svg><span class="css-idkz9h">Add 1% Partly Skimmed Milk to cart</span></button></div></div></div></div></div></div><div class="css-0"><div class="css-f5i5wc"><div class="chakra-linkbox css-vhnn8v"><div data-testid="product-image" class="css-16dr4ly"><img alt="Starbucks Hazelnut Mocha Macchiato Coffee Enhancer 828 ml, $0.96/100ml" src="https://assets.shop.loblaws.ca/products/21508916/b3/en/front/21508916_front_a06_@2.png" srcset="https://assets.shop.loblaws.ca/products/21508916/b3/en/front/21508916_front_a06_@2.png 1x, https://assets.shop.loblaws.ca/products/21508916/b3/en/front/21508916_front_a06_@2.png 2x" loading="lazy" class="chakra-image css-oguq8l" aria-hidden="true"></div><div class="css-qoklea"><div class="css-12dchmx"></div><div data-testid="price-product-tile" class="css-8atqhb"><p class="chakra-text css-0"><span class="chakra-text css-pwnbcb" data-testid="regular-price"><span class="css-idkz9h">$7.99</span>$7.99</span></p></div><a href="/hazelnut-mocha-macchiato-coffee-enhancer/p/21508916_EA?source=nspt" class="chakra-linkbox__overlay css-1hnz6hu"><div class="css-0"><p class="chakra-text css-1ecdp9w" data-testid="product-brand">Starbucks</p><h3 class="chakra-heading css-6qrhwc" id="21508916_EA" data-testid="product-title">Hazelnut Mocha Macchiato Coffee Enhancer</h3><p class="chakra-text css-1yftjin" data-testid="product-package-size">828 ml, $0.96/100ml</p></div></a><div class="css-8keand"></div></div><div class="css-1q5omjq"><div class="css-fcebb8"><div data-testid="atc-compact" class="css-y94ivq" style="width: 45px;"><button type="button" class="chakra-button css-mudsm6" data-testid="atc-button"><svg stroke="currentColor" fill="currentColor" stroke-width="0" viewBox="0 0 24 24" focusable="false" class="chakra-icon css-1g3sp7a" data-testid="btn-icon" aria-hidden="true" height="1em" width="1em" xmlns="http://www.w3.org/2000/svg"><path d="M19 13h-6v6h-2v-6H5v-2h6V5h2v6h6v2z"></path></svg><span class="css-idkz9h">Add Hazelnut Mocha Macchiato Coffee Enhancer to cart</span></button></div></div></div></div></div></div><div class="css-0"><div class="css-f5i5wc"><div class="chakra-linkbox css-vhnn8v"><div data-testid="product-image" class="css-16dr4ly"><img alt="Neilson Flavoured Milk, Chocolate 4 l, $0.12/100ml" src="https://assets.shop.loblaws.ca/products/20098941/b3/en/front/20098941_front_a06_@2.png" srcset="https://assets.shop.loblaws.ca/products/20098941/b3/en/front/20098941_front_a06_@2.png 1x, https://assets.shop.loblaws.ca/products/20098941/b3/en/front/20098941_front_a06_@2.png 2x" loading="lazy" class="chakra-image css-oguq8l" aria-hidden="true"></div><div class="css-qoklea"><div class="css-12dchmx"></div><div data-testid="price-product-tile" class="css-8atqhb"><p class="chakra-text css-0"><span class="chakra-text css-o93gbd" data-testid="sale-price"><span class="css-idkz9h">$4.99</span>$4.99</span><span class="chakra-text css-623q5h" data-testid="was-price"><span class="css-idkz9h">$7.29</span>$7.29</span></p><p class="chakra-text css-1m5a6y8" data-testid="price-descriptor">SAVE $2.30</p></div><a href="/flavoured-milk-chocolate/p/20098941_EA?source=nspt" class="chakra-linkbox__overlay css-1hnz6hu"><div class="css-0"><p class="chakra-text css-1ecdp9w" data-testid="product-brand">Neilson</p><h3 class="chakra-heading css-6qrhwc" id="20098941_EA" data-testid="product-title">Flavoured Milk, Chocolate</h3><p class="chakra-text css-1yftjin" data-testid="product-package-size">4 l, $0.12/100ml</p></div></a><div class="css-8keand"></div></div><div class="css-1q5omjq"><div class="css-fcebb8"><div data-testid="atc-compact" class="css-y94ivq" style="width: 45px;"><button type="button" class="chakra-button css-mudsm6" data-testid="atc-button"><svg stroke="currentColor" fill="currentColor" stroke-width="0" viewBox="0 0 24 24" focusable="false" class="chakra-icon css-1g3sp7a" data-testid="btn-icon" aria-hidden="true" height="1em" width="1em" xmlns="http://www.w3.org/2000/svg"><path d="M19 13h-6v6h-2v-6H5v-2h6V5h2v6h6v2z"></path></svg><span class="css-idkz9h">Add Flavoured Milk, Chocolate to cart</span></button></div></div></div></div></div></div><div class="css-0"><div class="css-f5i5wc"><div class="chakra-linkbox css-vhnn8v"><div data-testid="product-image" class="css-16dr4ly"><img alt="Neilson 1% Buttermilk 2 l, $0.27/100ml" src="https://assets.shop.loblaws.ca/products/20909873/b3/en/front/20909873_front_a06_@2.png" srcset="https://assets.shop.loblaws.ca/products/20909873/b3/en/front/20909873_front_a06_@2.png 1x, https://assets.shop.loblaws.ca/products/20909873/b3/en/front/20909873_front_a06_@2.png 2x" loading="lazy" class="chakra-image css-oguq8l" aria-hidden="true"></div><div class="css-qoklea"><div class="css-12dchmx"></div><div data-testid="price-product-tile" class="css-8atqhb"><p class="chakra-text css-0"><span class="chakra-text css-pwnbcb" data-testid="regular-price"><span class="css-idkz9h">$5.49</span>$5.49</span></p></div><a href="/1-buttermilk/p/20909873_EA?source=nspt" class="chakra-linkbox__overlay css-1hnz6hu"><div class="css-0"><p class="chakra-text css-1ecdp9w" data-testid="product-brand">Neilson</p><h3 class="chakra-heading css-6qrhwc" id="20909873_EA" data-testid="product-title">1% Buttermilk</h3><p class="chakra-text css-1yftjin" data-testid="product-package-size">2 l, $0.27/100ml</p></div></a><div class="css-8keand"></div></div><div class="css-1q5omjq"><div class="css-fcebb8"><div data-testid="atc-compact" class="css-y94ivq" style="width: 45px;"><button type="button" class="chakra-button css-mudsm6" data-testid="atc-button"><svg stroke="currentColor" fill="currentColor" stroke-width="0" viewBox="0 0 24 24" focusable="false" class="chakra-icon css-1g3sp7a" data-testid="btn-icon" aria-hidden="true" height="1em" width="1em" xmlns="http://www.w3.org/2000/svg"><path d="M19 13h-6v6h-2v-6H5v-2h6V5h2v6h6v2z"></path></svg><span class="css-idkz9h">Add 1% Buttermilk to cart</span></button></div></div></div></div></div></div><div class="css-0"><div class="css-f5i5wc"><div class="chakra-linkbox css-vhnn8v"><div data-testid="product-image" class="css-16dr4ly"><img alt="Milk 2 Go Banana 473 ml, $0.51/100ml" src="https://assets.shop.loblaws.ca/products/20895935001/b3/en/front/20895935001_front_a06_@2.png" srcset="https://assets.shop.loblaws.ca/products/20895935001/b3/en/front/20895935001_front_a06_@2.png 1x, https://assets.shop.loblaws.ca/products/20895935001/b3/en/front/20895935001_front_a06_@2.png 2x" loading="lazy" class="chakra-image css-oguq8l" aria-hidden="true"></div><div class="css-qoklea"><div class="css-12dchmx"></div><div data-testid="price-product-tile" class="css-8atqhb"><p class="chakra-text css-0"><span class="chakra-text css-pwnbcb" data-testid="regular-price"><span class="css-idkz9h">$2.39</span>$2.39</span></p></div><a href="/banana/p/20895935001_EA?source=nspt" class="chakra-linkbox__overlay css-1hnz6hu"><div class="css-0"><p class="chakra-text css-1ecdp9w" data-testid="product-brand">Milk 2 Go</p><h3 class="chakra-heading css-6qrhwc" id="20895935001_EA" data-testid="product-title">Banana</h3><p class="chakra-text css-1yftjin" data-testid="product-package-size">473 ml, $0.51/100ml</p></div></a><div class="css-8keand"></div></div><div class="css-1q5omjq"><div class="css-fcebb8"><div data-testid="atc-compact" class="css-y94ivq" style="width: 45px;"><button type="button" class="chakra-button css-mudsm6" data-testid="atc-button"><svg stroke="currentColor" fill="currentColor" stroke-width="0" viewBox="0 0 24 24" focusable="false" class="chakra-icon css-1g3sp7a" data-testid="btn-icon" aria-hidden="true" height="1em" width="1em" xmlns="http://www.w3.org/2000/svg"><path d="M19 13h-6v6h-2v-6H5v-2h6V5h2v6h6v2z"></path></svg><span class="css-idkz9h">Add Banana to cart</span></button></div></div></div></div></div></div><div class="css-0"><div class="css-f5i5wc"><div class="chakra-linkbox css-vhnn8v"><div data-testid="product-image" class="css-16dr4ly"><img alt="Neilson Strawberry Milkshake 310 ml, $0.58/100ml" src="https://assets.shop.loblaws.ca/products/21040935/b3/en/front/21040935_front_a06_@2.png" srcset="https://assets.shop.loblaws.ca/products/21040935/b3/en/front/21040935_front_a06_@2.png 1x, https://assets.shop.loblaws.ca/products/21040935/b3/en/front/21040935_front_a06_@2.png 2x" loading="lazy" class="chakra-image css-oguq8l" aria-hidden="true"></div><div class="css-qoklea"><div class="css-12dchmx"></div><div data-testid="price-product-tile" class="css-8atqhb"><p class="chakra-text css-0"><span class="chakra-text css-pwnbcb" data-testid="regular-price"><span class="css-idkz9h">$1.79</span>$1.79</span></p></div><a href="/strawberry-milkshake/p/21040935_EA?source=nspt" class="chakra-linkbox__overlay css-1hnz6hu"><div class="css-0"><p class="chakra-text css-1ecdp9w" data-testid="product-brand">Neilson</p><h3 class="chakra-heading css-6qrhwc" id="21040935_EA" data-testid="product-title">Strawberry Milkshake</h3><p class="chakra-text css-1yftjin" data-testid="product-package-size">310 ml, $0.58/100ml</p></div></a><div class="css-8keand"></div></div><div class="css-1q5omjq"><div class="css-fcebb8"><div data-testid="atc-compact" class="css-y94ivq" style="width: 45px;"><button type="button" class="chakra-button css-mudsm6" data-testid="atc-button"><svg stroke="currentColor" fill="currentColor" stroke-width="0" viewBox="0 0 24 24" focusable="false" class="chakra-icon css-1g3sp7a" data-testid="btn-icon" aria-hidden="true" height="1em" width="1em" xmlns="http://www.w3.org/2000/svg"><path d="M19 13h-6v6h-2v-6H5v-2h6V5h2v6h6v2z"></path></svg><span class="css-idkz9h">Add Strawberry Milkshake to cart</span></button></div></div></div></div></div></div><div class="css-0"><div class="css-f5i5wc"><div class="chakra-linkbox css-vhnn8v"><div data-testid="product-image" class="css-16dr4ly"><img alt="Nestlé COFFEE-MATE Light Powder 450 g, $1.44/100g" src="https://assets.shop.loblaws.ca/products/20309221001/b3/en/front/20309221001_front_a06_@2.png" srcset="https://assets.shop.loblaws.ca/products/20309221001/b3/en/front/20309221001_front_a06_@2.png 1x, https://assets.shop.loblaws.ca/products/20309221001/b3/en/front/20309221001_front_a06_@2.png 2x" loading="lazy" class="chakra-image css-oguq8l" aria-hidden="true"></div><div class="css-qoklea"><div class="css-12dchmx"></div><div data-testid="price-product-tile" class="css-8atqhb"><p class="chakra-text css-0"><span class="chakra-text css-pwnbcb" data-testid="regular-price"><span class="css-idkz9h">$6.49</span>$6.49</span></p></div><a href="/coffee-mate-light-powder/p/20309221001_EA?source=nspt" class="chakra-linkbox__overlay css-1hnz6hu"><div class="css-0"><p class="chakra-text css-1ecdp9w" data-testid="product-brand">Nestlé</p><h3 class="chakra-heading css-6qrhwc" id="20309221001_EA" data-testid="product-title">COFFEE-MATE Light Powder</h3><p class="chakra-text css-1yftjin" data-testid="product-package-size">450 g, $1.44/100g</p></div></a><div class="css-8keand"></div></div><div class="css-1q5omjq"><div class="css-fcebb8"><div data-testid="atc-compact" class="css-y94ivq" style="width: 45px;"><button type="button" class="chakra-button css-mudsm6" data-testid="atc-button"><svg stroke="currentColor" fill="currentColor" stroke-width="0" viewBox="0 0 24 24" focusable="false" class="chakra-icon css-1g3sp7a" data-testid="btn-icon" aria-hidden="true" height="1em" width="1em" xmlns="http://www.w3.org/2000/svg"><path d="M19 13h-6v6h-2v-6H5v-2h6V5h2v6h6v2z"></path></svg><span class="css-idkz9h">Add COFFEE-MATE Light Powder to cart</span></button></div></div></div></div></div></div><div class="css-0"><div class="css-f5i5wc"><div class="chakra-linkbox css-vhnn8v"><div data-testid="product-image" class="css-16dr4ly"><img alt="Neilson Trutaste Lactose Free Cream Half &amp; Half 10% M.F. 1 l, $0.51/100ml" src="https://assets.shop.loblaws.ca/products/21107133/b3/en/front/21107133_front_a06_@2.png" srcset="https://assets.shop.loblaws.ca/products/21107133/b3/en/front/21107133_front_a06_@2.png 1x, https://assets.shop.loblaws.ca/products/21107133/b3/en/front/21107133_front_a06_@2.png 2x" loading="lazy" class="chakra-image css-oguq8l" aria-hidden="true"></div><div class="css-qoklea"><div class="css-12dchmx"></div><div data-testid="price-product-tile" class="css-8atqhb"><p class="chakra-text css-0"><span class="chakra-text css-pwnbcb" data-testid="regular-price"><span class="css-idkz9h">$5.07</span>$5.07</span></p></div><a href="/trutaste-lactose-free-cream-half-half-10-m-f/p/21107133_EA?source=nspt" class="chakra-linkbox__overlay css-1hnz6hu"><div class="css-0"><p class="chakra-text css-1ecdp9w" data-testid="product-brand">Neilson</p><h3 class="chakra-heading css-6qrhwc" id="21107133_EA" data-testid="product-title">Trutaste Lactose Free Cream Half &amp; Half 10% M.F.</h3><p class="chakra-text css-1yftjin" data-testid="product-package-size">1 l, $0.51/100ml</p></div></a><div class="css-8keand"></div></div><div class="css-1q5omjq"><div class="css-fcebb8"><div data-testid="atc-compact" class="css-y94ivq" style="width: 45px;"><button type="button" class="chakra-button css-mudsm6" data-testid="atc-button"><svg stroke="currentColor" fill="currentColor" stroke-width="0" viewBox="0 0 24 24" focusable="false" class="chakra-icon css-1g3sp7a" data-testid="btn-icon" aria-hidden="true" height="1em" width="1em" xmlns="http://www.w3.org/2000/svg"><path d="M19 13h-6v6h-2v-6H5v-2h6V5h2v6h6v2z"></path></svg><span class="css-idkz9h">Add Trutaste Lactose Free Cream Half &amp; Half 10% M.F. to cart</span></button></div></div></div></div></div></div><div class="css-0"><div class="css-f5i5wc"><div class="chakra-linkbox css-vhnn8v"><div data-testid="product-image" class="css-16dr4ly"><img alt="PC Organics Organic Skim Milk 4 l, $0.25/100ml" src="https://assets.shop.loblaws.ca/products/20308534001/b3/en/front/20308534001_front_a06_@2.png" srcset="https://assets.shop.loblaws.ca/products/20308534001/b3/en/front/20308534001_front_a06_@2.png 1x, https://assets.shop.loblaws.ca/products/20308534001/b3/en/front/20308534001_front_a06_@2.png 2x" loading="lazy" class="chakra-image css-oguq8l" aria-hidden="true"></div><div class="css-qoklea"><div class="css-12dchmx"></div><div data-testid="price-product-tile" class="css-8atqhb"><p class="chakra-text css-0"><span class="chakra-text css-pwnbcb" data-testid="regular-price"><span class="css-idkz9h">$10.19</span>$10.19</span></p></div><a href="/organic-skim-milk/p/20308534001_EA?source=nspt" class="chakra-linkbox__overlay css-1hnz6hu"><div class="css-0"><p class="chakra-text css-1ecdp9w" data-testid="product-brand">PC Organics</p><h3 class="chakra-heading css-6qrhwc" id="20308534001_EA" data-testid="product-title">Organic Skim Milk</h3><p class="chakra-text css-1yftjin" data-testid="product-package-size">4 l, $0.25/100ml</p></div></a><div class="css-8keand"></div></div><div class="css-1q5omjq"><div class="css-fcebb8"><div data-testid="atc-compact" class="css-y94ivq" style="width: 45px;"><button type="button" class="chakra-button css-mudsm6" data-testid="atc-button"><svg stroke="currentColor" fill="currentColor" stroke-width="0" viewBox="0 0 24 24" focusable="false" class="chakra-icon css-1g3sp7a" data-testid="btn-icon" aria-hidden="true" height="1em" width="1em" xmlns="http://www.w3.org/2000/svg"><path d="M19 13h-6v6h-2v-6H5v-2h6V5h2v6h6v2z"></path></svg><span class="css-idkz9h">Add Organic Skim Milk to cart</span></button></div></div></div></div></div></div><div class="css-0"><div class="css-f5i5wc"><div class="chakra-linkbox css-vhnn8v"><div data-testid="product-image" class="css-16dr4ly"><img alt="Neilson Flavoured Milk, Strawberry 1 l, $0.28/100ml" src="https://assets.shop.loblaws.ca/products/20577247/b3/en/front/20577247_front_a06_@2.png" srcset="https://assets.shop.loblaws.ca/products/20577247/b3/en/front/20577247_front_a06_@2.png 1x, https://assets.shop.loblaws.ca/products/20577247/b3/en/front/20577247_front_a06_@2.png 2x" loading="lazy" class="chakra-image css-oguq8l" aria-hidden="true"></div><div class="css-qoklea"><div class="css-12dchmx"></div><div data-testid="price-product-tile" class="css-8atqhb"><p class="chakra-text css-0"><span class="chakra-text css-pwnbcb" data-testid="regular-price"><span class="css-idkz9h">$2.79</span>$2.79</span></p></div><a href="/flavoured-milk-strawberry/p/20577247_EA?source=nspt" class="chakra-linkbox__overlay css-1hnz6hu"><div class="css-0"><p class="chakra-text css-1ecdp9w" data-testid="product-brand">Neilson</p><h3 class="chakra-heading css-6qrhwc" id="20577247_EA" data-testid="product-title">Flavoured Milk, Strawberry</h3><p class="chakra-text css-1yftjin" data-testid="product-package-size">1 l, $0.28/100ml</p></div></a><div class="css-8keand"></div></div><div class="css-1q5omjq"><div class="css-fcebb8"><div data-testid="atc-compact" class="css-y94ivq" style="width: 45px;"><button type="button" class="chakra-button css-mudsm6" data-testid="atc-button"><svg stroke="currentColor" fill="currentColor" stroke-width="0" viewBox="0 0 24 24" focusable="false" class="chakra-icon css-1g3sp7a" data-testid="btn-icon" aria-hidden="true" height="1em" width="1em" xmlns="http://www.w3.org/2000/svg"><path d="M19 13h-6v6h-2v-6H5v-2h6V5h2v6h6v2z"></path></svg><span class="css-idkz9h">Add Flavoured Milk, Strawberry to cart</span></button></div></div></div></div></div></div><div class="css-0"><div class="css-f5i5wc"><div class="chakra-linkbox css-vhnn8v"><div data-testid="product-image" class="css-16dr4ly"><img alt="Neilson Trutaste No Lactose 3.25% Milk 2 l, $0.25/100ml" src="https://assets.shop.loblaws.ca/products/20909875/b3/en/front/20909875_front_a06_@2.png" srcset="https://assets.shop.loblaws.ca/products/20909875/b3/en/front/20909875_front_a06_@2.png 1x, https://assets.shop.loblaws.ca/products/20909875/b3/en/front/20909875_front_a06_@2.png 2x" loading="lazy" class="chakra-image css-oguq8l" aria-hidden="true"></div><div class="css-qoklea"><div class="css-12dchmx"></div><div data-testid="price-product-tile" class="css-8atqhb"><p class="chakra-text css-0"><span class="chakra-text css-o93gbd" data-testid="sale-price"><span class="css-idkz9h">$4.99</span>$4.99</span><span class="chakra-text css-623q5h" data-testid="was-price"><span class="css-idkz9h">$6.19</span>$6.19</span></p><p class="chakra-text css-1m5a6y8" data-testid="price-descriptor">SAVE $1.20</p></div><a href="/trutaste-no-lactose-3-25-milk/p/20909875_EA?source=nspt" class="chakra-linkbox__overlay css-1hnz6hu"><div class="css-0"><p class="chakra-text css-1ecdp9w" data-testid="product-brand">Neilson</p><h3 class="chakra-heading css-6qrhwc" id="20909875_EA" data-testid="product-title">Trutaste No Lactose 3.25% Milk</h3><p class="chakra-text css-1yftjin" data-testid="product-package-size">2 l, $0.25/100ml</p></div></a><div class="css-8keand"></div></div><div class="css-1q5omjq"><div class="css-fcebb8"><div data-testid="atc-compact" class="css-y94ivq" style="width: 45px;"><button type="button" class="chakra-button css-mudsm6" data-testid="atc-button"><svg stroke="currentColor" fill="currentColor" stroke-width="0" viewBox="0 0 24 24" focusable="false" class="chakra-icon css-1g3sp7a" data-testid="btn-icon" aria-hidden="true" height="1em" width="1em" xmlns="http://www.w3.org/2000/svg"><path d="M19 13h-6v6h-2v-6H5v-2h6V5h2v6h6v2z"></path></svg><span class="css-idkz9h">Add Trutaste No Lactose 3.25% Milk to cart</span></button></div></div></div></div></div></div><div class="css-0"><div class="css-f5i5wc"><div class="chakra-linkbox css-vhnn8v"><div data-testid="product-image" class="css-16dr4ly"><img alt="PC Organics Organic Fresh Skim Milk 2 l, $0.36/100ml" src="https://assets.shop.loblaws.ca/products/20354309/b3/en/front/20354309_front_a06_@2.png" srcset="https://assets.shop.loblaws.ca/products/20354309/b3/en/front/20354309_front_a06_@2.png 1x, https://assets.shop.loblaws.ca/products/20354309/b3/en/front/20354309_front_a06_@2.png 2x" loading="lazy" class="chakra-image css-oguq8l" aria-hidden="true"></div><div class="css-qoklea"><div class="css-12dchmx"></div><div data-testid="price-product-tile" class="css-8atqhb"><p class="chakra-text css-0"><span class="chakra-text css-pwnbcb" data-testid="regular-price"><span class="css-idkz9h">$7.14</span>$7.14</span></p></div><a href="/organic-fresh-skim-milk/p/20354309_EA?source=nspt" class="chakra-linkbox__overlay css-1hnz6hu"><div class="css-0"><p class="chakra-text css-1ecdp9w" data-testid="product-brand">PC Organics</p><h3 class="chakra-heading css-6qrhwc" id="20354309_EA" data-testid="product-title">Organic Fresh Skim Milk</h3><p class="chakra-text css-1yftjin" data-testid="product-package-size">2 l, $0.36/100ml</p></div></a><div class="css-8keand"></div></div><div class="css-1q5omjq"><div class="css-fcebb8"><div data-testid="atc-compact" class="css-y94ivq" style="width: 45px;"><button type="button" class="chakra-button css-mudsm6" data-testid="atc-button"><svg stroke="currentColor" fill="currentColor" stroke-width="0" viewBox="0 0 24 24" focusable="false" class="chakra-icon css-1g3sp7a" data-testid="btn-icon" aria-hidden="true" height="1em" width="1em" xmlns="http://www.w3.org/2000/svg"><path d="M19 13h-6v6h-2v-6H5v-2h6V5h2v6h6v2z"></path></svg><span class="css-idkz9h">Add Organic Fresh Skim Milk to cart</span></button></div></div><div class="css-4saf4a"><p class="chakra-text css-py8788" data-testid="inventory-badge-text">Low Stock</p></div></div></div></div></div><div class="css-0"><div class="css-f5i5wc"><div class="chakra-linkbox css-vhnn8v"><div data-testid="product-image" class="css-16dr4ly"><img alt="Lactantia Ultrapūr Skim 0% 1.5 l, $0.39/100ml" src="https://assets.shop.loblaws.ca/products/21496759/b3/en/front/21496759_front_a06_@2.png" srcset="https://assets.shop.loblaws.ca/products/21496759/b3/en/front/21496759_front_a06_@2.png 1x, https://assets.shop.loblaws.ca/products/21496759/b3/en/front/21496759_front_a06_@2.png 2x" loading="lazy" class="chakra-image css-oguq8l" aria-hidden="true"></div><div class="css-qoklea"><div class="css-12dchmx"></div><div data-testid="price-product-tile" class="css-8atqhb"><p class="chakra-text css-0"><span class="chakra-text css-pwnbcb" data-testid="regular-price"><span class="css-idkz9h">$5.79</span>$5.79</span></p></div><a href="/ultrap-r-skim-0/p/21496759_EA?source=nspt" class="chakra-linkbox__overlay css-1hnz6hu"><div class="css-0"><p class="chakra-text css-1ecdp9w" data-testid="product-brand">Lactantia</p><h3 class="chakra-heading css-6qrhwc" id="21496759_EA" data-testid="product-title">Ultrapūr Skim 0%</h3><p class="chakra-text css-1yftjin" data-testid="product-package-size">1.5 l, $0.39/100ml</p></div></a><div class="css-8keand"></div></div><div class="css-1q5omjq"><div class="css-fcebb8"><div data-testid="atc-compact" class="css-y94ivq" style="width: 45px;"><button type="button" class="chakra-button css-mudsm6" data-testid="atc-button"><svg stroke="currentColor" fill="currentColor" stroke-width="0" viewBox="0 0 24 24" focusable="false" class="chakra-icon css-1g3sp7a" data-testid="btn-icon" aria-hidden="true" height="1em" width="1em" xmlns="http://www.w3.org/2000/svg"><path d="M19 13h-6v6h-2v-6H5v-2h6V5h2v6h6v2z"></path></svg><span class="css-idkz9h">Add Ultrapūr Skim 0% to cart</span></button></div></div></div></div></div></div><div class="css-0"><div class="css-f5i5wc"><div class="chakra-linkbox css-vhnn8v"><div data-testid="product-image" class="css-16dr4ly"><img alt="Neilson Trutaste Chocolate Partly Skimmed Milk 1% M.F. 2 l, $0.25/100ml" src="https://assets.shop.loblaws.ca/products/21040983/b3/en/front/21040983_front_a06_@2.png" srcset="https://assets.shop.loblaws.ca/products/21040983/b3/en/front/21040983_front_a06_@2.png 1x, https://assets.shop.loblaws.ca/products/21040983/b3/en/front/21040983_front_a06_@2.png 2x" loading="lazy" class="chakra-image css-oguq8l" aria-hidden="true"></div><div class="css-qoklea"><div class="css-12dchmx"></div><div data-testid="price-product-tile" class="css-8atqhb"><p class="chakra-text css-0"><span class="chakra-text css-o93gbd" data-testid="sale-price"><span class="css-idkz9h">$4.99</span>$4.99</span><span class="chakra-text css-623q5h" data-testid="was-price"><span class="css-idkz9h">$6.39</span>$6.39</span></p><p class="chakra-text css-1m5a6y8" data-testid="price-descriptor">SAVE $1.40</p></div><a href="/trutaste-chocolate-partly-skimmed-milk-1-m-f/p/21040983_EA?source=nspt" class="chakra-linkbox__overlay css-1hnz6hu"><div class="css-0"><p class="chakra-text css-1ecdp9w" data-testid="product-brand">Neilson</p><h3 class="chakra-heading css-6qrhwc" id="21040983_EA" data-testid="product-title">Trutaste Chocolate Partly Skimmed Milk 1% M.F.</h3><p class="chakra-text css-1yftjin" data-testid="product-package-size">2 l, $0.25/100ml</p></div></a><div class="css-8keand"></div></div><div class="css-1q5omjq"><div class="css-fcebb8"><div data-testid="atc-compact" class="css-y94ivq" style="width: 45px;"><button type="button" class="chakra-button css-mudsm6" data-testid="atc-button"><svg stroke="currentColor" fill="currentColor" stroke-width="0" viewBox="0 0 24 24" focusable="false" class="chakra-icon css-1g3sp7a" data-testid="btn-icon" aria-hidden="true" height="1em" width="1em" xmlns="http://www.w3.org/2000/svg"><path d="M19 13h-6v6h-2v-6H5v-2h6V5h2v6h6v2z"></path></svg><span class="css-idkz9h">Add Trutaste Chocolate Partly Skimmed Milk 1% M.F. to cart</span></button></div></div></div></div></div></div><div class="css-0"><div class="css-f5i5wc"><div class="chakra-linkbox css-vhnn8v"><div data-testid="product-image" class="css-16dr4ly"><img alt="Milk 2 Go Milk, Chocolate Partly Skimmed 1 % M.F. 310 ml, $0.48/100ml" src="https://assets.shop.loblaws.ca/products/21062620/b3/en/front/21062620_front_a06_@2.png" srcset="https://assets.shop.loblaws.ca/products/21062620/b3/en/front/21062620_front_a06_@2.png 1x, https://assets.shop.loblaws.ca/products/21062620/b3/en/front/21062620_front_a06_@2.png 2x" loading="lazy" class="chakra-image css-oguq8l" aria-hidden="true"></div><div class="css-qoklea"><div class="css-12dchmx"></div><div data-testid="price-product-tile" class="css-8atqhb"><p class="chakra-text css-0"><span class="chakra-text css-pwnbcb" data-testid="regular-price"><span class="css-idkz9h">$1.49</span>$1.49</span></p></div><a href="/milk-chocolate-partly-skimmed-1-m-f/p/21062620_EA?source=nspt" class="chakra-linkbox__overlay css-1hnz6hu"><div class="css-0"><p class="chakra-text css-1ecdp9w" data-testid="product-brand">Milk 2 Go</p><h3 class="chakra-heading css-6qrhwc" id="21062620_EA" data-testid="product-title">Milk, Chocolate Partly Skimmed 1 % M.F.</h3><p class="chakra-text css-1yftjin" data-testid="product-package-size">310 ml, $0.48/100ml</p></div></a><div class="css-8keand"></div></div><div class="css-1q5omjq"><div class="css-fcebb8"><div data-testid="atc-compact" class="css-y94ivq" style="width: 45px;"><button type="button" class="chakra-button css-mudsm6" data-testid="atc-button"><svg stroke="currentColor" fill="currentColor" stroke-width="0" viewBox="0 0 24 24" focusable="false" class="chakra-icon css-1g3sp7a" data-testid="btn-icon" aria-hidden="true" height="1em" width="1em" xmlns="http://www.w3.org/2000/svg"><path d="M19 13h-6v6h-2v-6H5v-2h6V5h2v6h6v2z"></path></svg><span class="css-idkz9h">Add Milk, Chocolate Partly Skimmed 1 % M.F. to cart</span></button></div></div></div></div></div></div><div class="css-0"><div class="css-f5i5wc"><div class="chakra-linkbox css-vhnn8v"><div data-testid="product-image" class="css-16dr4ly"><img alt="Neilson 2% Milk 2 l, $0.27/100ml" src="https://assets.shop.loblaws.ca/products/20017001/b3/en/front/20017001_front_a06_@2.png" srcset="https://assets.shop.loblaws.ca/products/20017001/b3/en/front/20017001_front_a06_@2.png 1x, https://assets.shop.loblaws.ca/products/20017001/b3/en/front/20017001_front_a06_@2.png 2x" loading="lazy" class="chakra-image css-oguq8l" aria-hidden="true"></div><div class="css-qoklea"><div class="css-12dchmx"></div><div data-testid="price-product-tile" class="css-8atqhb"><p class="chakra-text css-0"><span class="chakra-text css-pwnbcb" data-testid="regular-price"><span class="css-idkz9h">$5.34</span>$5.34</span></p></div><a href="/2-milk/p/20017001_EA?source=nspt" class="chakra-linkbox__overlay css-1hnz6hu"><div class="css-0"><p class="chakra-text css-1ecdp9w" data-testid="product-brand">Neilson</p><h3 class="chakra-heading css-6qrhwc" id="20017001_EA" data-testid="product-title">2% Milk</h3><p class="chakra-text css-1yftjin" data-testid="product-package-size">2 l, $0.27/100ml</p></div></a><div class="css-8keand"></div></div><div class="css-1q5omjq"><div class="css-fcebb8"><div data-testid="atc-compact" class="css-y94ivq" style="width: 45px;"><button type="button" class="chakra-button css-mudsm6" data-testid="atc-button"><svg stroke="currentColor" fill="currentColor" stroke-width="0" viewBox="0 0 24 24" focusable="false" class="chakra-icon css-1g3sp7a" data-testid="btn-icon" aria-hidden="true" height="1em" width="1em" xmlns="http://www.w3.org/2000/svg"><path d="M19 13h-6v6h-2v-6H5v-2h6V5h2v6h6v2z"></path></svg><span class="css-idkz9h">Add 2% Milk to cart</span></button></div></div></div></div></div></div><div class="css-0"><div class="css-f5i5wc"><div class="chakra-linkbox css-vhnn8v"><div data-testid="product-image" class="css-16dr4ly"><img alt="Nestlé Rolo Milkshake 473 ml, $0.59/100ml" src="https://assets.shop.loblaws.ca/products/20323668001/b3/en/front/20323668001_front_a06_@2.png" srcset="https://assets.shop.loblaws.ca/products/20323668001/b3/en/front/20323668001_front_a06_@2.png 1x, https://assets.shop.loblaws.ca/products/20323668001/b3/en/front/20323668001_front_a06_@2.png 2x" loading="lazy" class="chakra-image css-oguq8l" aria-hidden="true"></div><div class="css-qoklea"><div class="css-12dchmx"></div><div data-testid="price-product-tile" class="css-8atqhb"><p class="chakra-text css-0"><span class="chakra-text css-pwnbcb" data-testid="regular-price"><span class="css-idkz9h">$2.79</span>$2.79</span></p></div><a href="/rolo-milkshake/p/20323668001_EA?source=nspt" class="chakra-linkbox__overlay css-1hnz6hu"><div class="css-0"><p class="chakra-text css-1ecdp9w" data-testid="product-brand">Nestlé</p><h3 class="chakra-heading css-6qrhwc" id="20323668001_EA" data-testid="product-title">Rolo Milkshake</h3><p class="chakra-text css-1yftjin" data-testid="product-package-size">473 ml, $0.59/100ml</p></div></a><div class="css-8keand"></div></div><div class="css-1q5omjq"><div class="css-fcebb8"><div data-testid="atc-compact" class="css-y94ivq" style="width: 45px;"><button type="button" class="chakra-button css-mudsm6" data-testid="atc-button"><svg stroke="currentColor" fill="currentColor" stroke-width="0" viewBox="0 0 24 24" focusable="false" class="chakra-icon css-1g3sp7a" data-testid="btn-icon" aria-hidden="true" height="1em" width="1em" xmlns="http://www.w3.org/2000/svg"><path d="M19 13h-6v6h-2v-6H5v-2h6V5h2v6h6v2z"></path></svg><span class="css-idkz9h">Add Rolo Milkshake to cart</span></button></div></div></div></div></div></div><div class="css-0"><div class="css-f5i5wc"><div class="chakra-linkbox css-vhnn8v"><div data-testid="product-image" class="css-16dr4ly"><img alt="Woolwich Partially Skimmed Goat Milk 2% 1 l, $0.48/100ml" src="https://assets.shop.loblaws.ca/products/21212030/b3/en/front/21212030_front_a06_@2.png" srcset="https://assets.shop.loblaws.ca/products/21212030/b3/en/front/21212030_front_a06_@2.png 1x, https://assets.shop.loblaws.ca/products/21212030/b3/en/front/21212030_front_a06_@2.png 2x" loading="lazy" class="chakra-image css-oguq8l" aria-hidden="true"></div><div class="css-qoklea"><div class="css-12dchmx"></div><div data-testid="price-product-tile" class="css-8atqhb"><p class="chakra-text css-0"><span class="chakra-text css-pwnbcb" data-testid="regular-price"><span class="css-idkz9h">$4.79</span>$4.79</span></p></div><a href="/partially-skimmed-goat-milk-2/p/21212030_EA?source=nspt" class="chakra-linkbox__overlay css-1hnz6hu"><div class="css-0"><p class="chakra-text css-1ecdp9w" data-testid="product-brand">Woolwich</p><h3 class="chakra-heading css-6qrhwc" id="21212030_EA" data-testid="product-title">Partially Skimmed Goat Milk 2%</h3><p class="chakra-text css-1yftjin" data-testid="product-package-size">1 l, $0.48/100ml</p></div></a><div class="css-8keand"></div></div><div class="css-1q5omjq"><div class="css-fcebb8"><div data-testid="atc-compact" class="css-y94ivq" style="width: 45px;"><button type="button" class="chakra-button css-mudsm6" data-testid="atc-button"><svg stroke="currentColor" fill="currentColor" stroke-width="0" viewBox="0 0 24 24" focusable="false" class="chakra-icon css-1g3sp7a" data-testid="btn-icon" aria-hidden="true" height="1em" width="1em" xmlns="http://www.w3.org/2000/svg"><path d="M19 13h-6v6h-2v-6H5v-2h6V5h2v6h6v2z"></path></svg><span class="css-idkz9h">Add Partially Skimmed Goat Milk 2% to cart</span></button></div></div></div></div></div></div><div class="css-0"><div class="css-f5i5wc"><div class="chakra-linkbox css-vhnn8v"><div data-testid="product-image" class="css-16dr4ly"><img alt="Neilson TruTaste Homogenized Milk 2 l, $0.29/100ml" src="https://assets.shop.loblaws.ca/products/20131121/b3/en/front/20131121_front_a06_@2.png" srcset="https://assets.shop.loblaws.ca/products/20131121/b3/en/front/20131121_front_a06_@2.png 1x, https://assets.shop.loblaws.ca/products/20131121/b3/en/front/20131121_front_a06_@2.png 2x" loading="lazy" class="chakra-image css-oguq8l" aria-hidden="true"></div><div class="css-qoklea"><div class="css-12dchmx"></div><div data-testid="price-product-tile" class="css-8atqhb"><p class="chakra-text css-0"><span class="chakra-text css-pwnbcb" data-testid="regular-price"><span class="css-idkz9h">$5.84</span>$5.84</span></p></div><a href="/trutaste-homogenized-milk/p/20131121_EA?source=nspt" class="chakra-linkbox__overlay css-1hnz6hu"><div class="css-0"><p class="chakra-text css-1ecdp9w" data-testid="product-brand">Neilson</p><h3 class="chakra-heading css-6qrhwc" id="20131121_EA" data-testid="product-title">TruTaste Homogenized Milk</h3><p class="chakra-text css-1yftjin" data-testid="product-package-size">2 l, $0.29/100ml</p></div></a><div class="css-8keand"></div></div><div class="css-1q5omjq"><div class="css-fcebb8"><div data-testid="atc-compact" class="css-y94ivq" style="width: 45px;"><button type="button" class="chakra-button css-mudsm6" data-testid="atc-button"><svg stroke="currentColor" fill="currentColor" stroke-width="0" viewBox="0 0 24 24" focusable="false" class="chakra-icon css-1g3sp7a" data-testid="btn-icon" aria-hidden="true" height="1em" width="1em" xmlns="http://www.w3.org/2000/svg"><path d="M19 13h-6v6h-2v-6H5v-2h6V5h2v6h6v2z"></path></svg><span class="css-idkz9h">Add TruTaste Homogenized Milk to cart</span></button></div></div></div></div></div></div><div class="css-0"><div class="css-f5i5wc"><div class="chakra-linkbox css-vhnn8v"><div data-testid="product-image" class="css-16dr4ly"><img alt="PC Organics Organic Partly Skimmed 2% Milk 2 l, $0.36/100ml" src="https://assets.shop.loblaws.ca/products/20354310/b3/en/front/20354310_front_a06_@2.png" srcset="https://assets.shop.loblaws.ca/products/20354310/b3/en/front/20354310_front_a06_@2.png 1x, https://assets.shop.loblaws.ca/products/20354310/b3/en/front/20354310_front_a06_@2.png 2x" loading="lazy" class="chakra-image css-oguq8l" aria-hidden="true"></div><div class="css-qoklea"><div class="css-12dchmx"></div><div data-testid="price-product-tile" class="css-8atqhb"><p class="chakra-text css-0"><span class="chakra-text css-pwnbcb" data-testid="regular-price"><span class="css-idkz9h">$7.14</span>$7.14</span></p></div><a href="/organic-partly-skimmed-2-milk/p/20354310_EA?source=nspt" class="chakra-linkbox__overlay css-1hnz6hu"><div class="css-0"><p class="chakra-text css-1ecdp9w" data-testid="product-brand">PC Organics</p><h3 class="chakra-heading css-6qrhwc" id="20354310_EA" data-testid="product-title">Organic Partly Skimmed 2% Milk</h3><p class="chakra-text css-1yftjin" data-testid="product-package-size">2 l, $0.36/100ml</p></div></a><div class="css-8keand"></div></div><div class="css-1q5omjq"><div class="css-fcebb8"><div data-testid="atc-compact" class="css-y94ivq" style="width: 45px;"><button type="button" class="chakra-button css-mudsm6" data-testid="atc-button"><svg stroke="currentColor" fill="currentColor" stroke-width="0" viewBox="0 0 24 24" focusable="false" class="chakra-icon css-1g3sp7a" data-testid="btn-icon" aria-hidden="true" height="1em" width="1em" xmlns="http://www.w3.org/2000/svg"><path d="M19 13h-6v6h-2v-6H5v-2h6V5h2v6h6v2z"></path></svg><span class="css-idkz9h">Add Organic Partly Skimmed 2% Milk to cart</span></button></div></div></div></div></div></div><div class="css-0"><div class="css-f5i5wc"><div class="chakra-linkbox css-vhnn8v"><div data-testid="product-image" class="css-16dr4ly"><img alt="Nestlé Coffee Crisp Milkshake 473 ml, $0.59/100ml" src="https://assets.shop.loblaws.ca/products/20323668004/b3/en/front/20323668004_front_a06_@2.png" srcset="https://assets.shop.loblaws.ca/products/20323668004/b3/en/front/20323668004_front_a06_@2.png 1x, https://assets.shop.loblaws.ca/products/20323668004/b3/en/front/20323668004_front_a06_@2.png 2x" loading="lazy" class="chakra-image css-oguq8l" aria-hidden="true"></div><div class="css-qoklea"><div class="css-12dchmx"></div><div data-testid="price-product-tile" class="css-8atqhb"><p class="chakra-text css-0"><span class="chakra-text css-pwnbcb" data-testid="regular-price"><span class="css-idkz9h">$2.79</span>$2.79</span></p></div><a href="/coffee-crisp-milkshake/p/20323668004_EA?source=nspt" class="chakra-linkbox__overlay css-1hnz6hu"><div class="css-0"><p class="chakra-text css-1ecdp9w" data-testid="product-brand">Nestlé</p><h3 class="chakra-heading css-6qrhwc" id="20323668004_EA" data-testid="product-title">Coffee Crisp Milkshake</h3><p class="chakra-text css-1yftjin" data-testid="product-package-size">473 ml, $0.59/100ml</p></div></a><div class="css-8keand"></div></div><div class="css-1q5omjq"><div class="css-fcebb8"><div data-testid="atc-compact" class="css-y94ivq" style="width: 45px;"><button type="button" class="chakra-button css-mudsm6" data-testid="atc-button"><svg stroke="currentColor" fill="currentColor" stroke-width="0" viewBox="0 0 24 24" focusable="false" class="chakra-icon css-1g3sp7a" data-testid="btn-icon" aria-hidden="true" height="1em" width="1em" xmlns="http://www.w3.org/2000/svg"><path d="M19 13h-6v6h-2v-6H5v-2h6V5h2v6h6v2z"></path></svg><span class="css-idkz9h">Add Coffee Crisp Milkshake to cart</span></button></div></div></div></div></div></div><div class="css-0"><div class="css-f5i5wc"><div class="chakra-linkbox css-vhnn8v"><div data-testid="product-image" class="css-16dr4ly"><img alt="PC Organics Organic Partly Skimmed 2% Milk 4 l, $0.25/100ml" src="https://assets.shop.loblaws.ca/products/20304385/b3/en/front/20304385_front_a06_@2.png" srcset="https://assets.shop.loblaws.ca/products/20304385/b3/en/front/20304385_front_a06_@2.png 1x, https://assets.shop.loblaws.ca/products/20304385/b3/en/front/20304385_front_a06_@2.png 2x" loading="lazy" class="chakra-image css-oguq8l" aria-hidden="true"></div><div class="css-qoklea"><div class="css-12dchmx"></div><div data-testid="price-product-tile" class="css-8atqhb"><p class="chakra-text css-0"><span class="chakra-text css-pwnbcb" data-testid="regular-price"><span class="css-idkz9h">$10.19</span>$10.19</span></p></div><a href="/organic-partly-skimmed-2-milk/p/20304385_EA?source=nspt" class="chakra-linkbox__overlay css-1hnz6hu"><div class="css-0"><p class="chakra-text css-1ecdp9w" data-testid="product-brand">PC Organics</p><h3 class="chakra-heading css-6qrhwc" id="20304385_EA" data-testid="product-title">Organic Partly Skimmed 2% Milk</h3><p class="chakra-text css-1yftjin" data-testid="product-package-size">4 l, $0.25/100ml</p></div></a><div class="css-8keand"></div></div><div class="css-1q5omjq"><div class="css-fcebb8"><div data-testid="atc-compact" class="css-y94ivq" style="width: 45px;"><button type="button" class="chakra-button css-mudsm6" data-testid="atc-button"><svg stroke="currentColor" fill="currentColor" stroke-width="0" viewBox="0 0 24 24" focusable="false" class="chakra-icon css-1g3sp7a" data-testid="btn-icon" aria-hidden="true" height="1em" width="1em" xmlns="http://www.w3.org/2000/svg"><path d="M19 13h-6v6h-2v-6H5v-2h6V5h2v6h6v2z"></path></svg><span class="css-idkz9h">Add Organic Partly Skimmed 2% Milk to cart</span></button></div></div></div></div></div></div><div class="css-0"><div class="css-f5i5wc"><div class="chakra-linkbox css-vhnn8v"><div data-testid="product-image" class="css-16dr4ly"><img alt="Silk Almond Coffee Creamer Creamy Maple Flavoured 450 ml, $0.73/100ml" src="https://assets.shop.loblaws.ca/products/21589691/b3/en/front/21589691_front_a06_@2.png" srcset="https://assets.shop.loblaws.ca/products/21589691/b3/en/front/21589691_front_a06_@2.png 1x, https://assets.shop.loblaws.ca/products/21589691/b3/en/front/21589691_front_a06_@2.png 2x" loading="lazy" class="chakra-image css-oguq8l" aria-hidden="true"></div><div class="css-qoklea"><div class="css-12dchmx"></div><div data-testid="price-product-tile" class="css-8atqhb"><p class="chakra-text css-0"><span class="chakra-text css-pwnbcb" data-testid="regular-price"><span class="css-idkz9h">$3.29</span>$3.29</span></p></div><a href="/almond-coffee-creamer-creamy-maple-flavoured/p/21589691_EA?source=nspt" class="chakra-linkbox__overlay css-1hnz6hu"><div class="css-0"><p class="chakra-text css-1ecdp9w" data-testid="product-brand">Silk</p><h3 class="chakra-heading css-6qrhwc" id="21589691_EA" data-testid="product-title">Almond Coffee Creamer Creamy Maple Flavoured</h3><p class="chakra-text css-1yftjin" data-testid="product-package-size">450 ml, $0.73/100ml</p></div></a><div class="css-8keand"></div></div><div class="css-1q5omjq"><div class="css-fcebb8"><div data-testid="atc-compact" class="css-y94ivq" style="width: 45px;"><button disabled="" type="button" class="chakra-button css-mudsm6" data-testid="atc-button"><svg stroke="currentColor" fill="currentColor" stroke-width="0" viewBox="0 0 24 24" focusable="false" class="chakra-icon css-1g3sp7a" data-testid="btn-icon" aria-hidden="true" height="1em" width="1em" xmlns="http://www.w3.org/2000/svg"><path d="M19 13h-6v6h-2v-6H5v-2h6V5h2v6h6v2z"></path></svg><span class="css-idkz9h">Add Almond Coffee Creamer Creamy Maple Flavoured to cart</span></button></div></div><div class="css-4saf4a"><p class="chakra-text css-py8788" data-testid="inventory-badge-text">Out of Stock</p></div></div></div></div></div><div class="css-0"><div class="css-f5i5wc"><div class="chakra-linkbox css-vhnn8v"><div data-testid="product-image" class="css-16dr4ly"><img alt="Silk Caramel Plant-Based Coffee Creamer, Limited Edition 450 ml, $0.73/100ml" src="https://assets.shop.loblaws.ca/products/21400040/b3/en/front/21400040_front_a06_@2.png" srcset="https://assets.shop.loblaws.ca/products/21400040/b3/en/front/21400040_front_a06_@2.png 1x, https://assets.shop.loblaws.ca/products/21400040/b3/en/front/21400040_front_a06_@2.png 2x" loading="lazy" class="chakra-image css-oguq8l" aria-hidden="true"></div><div class="css-qoklea"><div class="css-12dchmx"></div><div data-testid="price-product-tile" class="css-8atqhb"><p class="chakra-text css-0"><span class="chakra-text css-pwnbcb" data-testid="regular-price"><span class="css-idkz9h">$3.29</span>$3.29</span></p></div><a href="/caramel-plant-based-coffee-creamer-limited-edition/p/21400040_EA?source=nspt" class="chakra-linkbox__overlay css-1hnz6hu"><div class="css-0"><p class="chakra-text css-1ecdp9w" data-testid="product-brand">Silk</p><h3 class="chakra-heading css-6qrhwc" id="21400040_EA" data-testid="product-title">Caramel Plant-Based Coffee Creamer, Limited Edition</h3><p class="chakra-text css-1yftjin" data-testid="product-package-size">450 ml, $0.73/100ml</p></div></a><div class="css-8keand"></div></div><div class="css-1q5omjq"><div class="css-fcebb8"><div data-testid="atc-compact" class="css-y94ivq" style="width: 45px;"><button disabled="" type="button" class="chakra-button css-mudsm6" data-testid="atc-button"><svg stroke="currentColor" fill="currentColor" stroke-width="0" viewBox="0 0 24 24" focusable="false" class="chakra-icon css-1g3sp7a" data-testid="btn-icon" aria-hidden="true" height="1em" width="1em" xmlns="http://www.w3.org/2000/svg"><path d="M19 13h-6v6h-2v-6H5v-2h6V5h2v6h6v2z"></path></svg><span class="css-idkz9h">Add Caramel Plant-Based Coffee Creamer, Limited Edition to cart</span></button></div></div><div class="css-4saf4a"><p class="chakra-text css-py8788" data-testid="inventory-badge-text">Out of Stock</p></div></div></div></div></div><div class="css-0"><div class="css-f5i5wc"><div class="chakra-linkbox css-vhnn8v"><div data-testid="product-image" class="css-16dr4ly"><img alt="International Delight Classic French Vanilla Coffee Creamer 1.42 l, $0.56/100ml" src="https://assets.shop.loblaws.ca/products/21337027/b3/en/front/21337027_front_a06_@2.png" srcset="https://assets.shop.loblaws.ca/products/21337027/b3/en/front/21337027_front_a06_@2.png 1x, https://assets.shop.loblaws.ca/products/21337027/b3/en/front/21337027_front_a06_@2.png 2x" loading="lazy" class="chakra-image css-oguq8l" aria-hidden="true"></div><div class="css-qoklea"><div class="css-12dchmx"></div><div data-testid="price-product-tile" class="css-8atqhb"><p class="chakra-text css-0"><span class="chakra-text css-pwnbcb" data-testid="regular-price"><span class="css-idkz9h">$7.99</span>$7.99</span></p></div><a href="/classic-french-vanilla-coffee-creamer/p/21337027_EA?source=nspt" class="chakra-linkbox__overlay css-1hnz6hu"><div class="css-0"><p class="chakra-text css-1ecdp9w" data-testid="product-brand">International Delight</p><h3 class="chakra-heading css-6qrhwc" id="21337027_EA" data-testid="product-title">Classic French Vanilla Coffee Creamer</h3><p class="chakra-text css-1yftjin" data-testid="product-package-size">1.42 l, $0.56/100ml</p></div></a><div class="css-8keand"></div></div><div class="css-1q5omjq"><div class="css-fcebb8"><div data-testid="atc-compact" class="css-y94ivq" style="width: 45px;"><button type="button" class="chakra-button css-mudsm6" data-testid="atc-button"><svg stroke="currentColor" fill="currentColor" stroke-width="0" viewBox="0 0 24 24" focusable="false" class="chakra-icon css-1g3sp7a" data-testid="btn-icon" aria-hidden="true" height="1em" width="1em" xmlns="http://www.w3.org/2000/svg"><path d="M19 13h-6v6h-2v-6H5v-2h6V5h2v6h6v2z"></path></svg><span class="css-idkz9h">Add Classic French Vanilla Coffee Creamer to cart</span></button></div></div><div class="css-4saf4a"><p class="chakra-text css-py8788" data-testid="inventory-badge-text">Low Stock</p></div></div></div></div></div><div class="css-0"><div class="css-f5i5wc"><div class="chakra-linkbox css-vhnn8v"><div data-testid="product-image" class="css-16dr4ly"><img alt="Neilson Half and Half Cream 1 l, $0.35/100ml" src="https://assets.shop.loblaws.ca/products/20123609/b3/en/front/20123609_front_a06_@2.png" srcset="https://assets.shop.loblaws.ca/products/20123609/b3/en/front/20123609_front_a06_@2.png 1x, https://assets.shop.loblaws.ca/products/20123609/b3/en/front/20123609_front_a06_@2.png 2x" loading="lazy" class="chakra-image css-oguq8l" aria-hidden="true"></div><div class="css-qoklea"><div class="css-12dchmx"></div><div data-testid="price-product-tile" class="css-8atqhb"><p class="chakra-text css-0"><span class="chakra-text css-o93gbd" data-testid="sale-price"><span class="css-idkz9h">$3.49</span>$3.49</span><span class="chakra-text css-623q5h" data-testid="was-price"><span class="css-idkz9h">$3.99</span>$3.99</span></p><p class="chakra-text css-1m5a6y8" data-testid="price-descriptor">SAVE $0.50</p></div><a href="/half-and-half-cream/p/20123609_EA?source=nspt" class="chakra-linkbox__overlay css-1hnz6hu"><div class="css-0"><p class="chakra-text css-1ecdp9w" data-testid="product-brand">Neilson</p><h3 class="chakra-heading css-6qrhwc" id="20123609_EA" data-testid="product-title">Half and Half Cream</h3><p class="chakra-text css-1yftjin" data-testid="product-package-size">1 l, $0.35/100ml</p></div></a><div class="css-8keand"></div></div><div class="css-1q5omjq"><div class="css-fcebb8"><div data-testid="atc-compact" class="css-y94ivq" style="width: 45px;"><button type="button" class="chakra-button css-mudsm6" data-testid="atc-button"><svg stroke="currentColor" fill="currentColor" stroke-width="0" viewBox="0 0 24 24" focusable="false" class="chakra-icon css-1g3sp7a" data-testid="btn-icon" aria-hidden="true" height="1em" width="1em" xmlns="http://www.w3.org/2000/svg"><path d="M19 13h-6v6h-2v-6H5v-2h6V5h2v6h6v2z"></path></svg><span class="css-idkz9h">Add Half and Half Cream to cart</span></button></div></div></div></div></div></div><div class="css-0"><div class="css-f5i5wc"><div class="chakra-linkbox css-vhnn8v"><div data-testid="product-image" class="css-16dr4ly"><img alt="Starbucks Almond And Oat Dairy Free Hazelnut Latte Coffee Enhancer 828 ml, $0.96/100ml" src="https://assets.shop.loblaws.ca/products/21436915/b3/en/front/21436915_front_a06_@2.png" srcset="https://assets.shop.loblaws.ca/products/21436915/b3/en/front/21436915_front_a06_@2.png 1x, https://assets.shop.loblaws.ca/products/21436915/b3/en/front/21436915_front_a06_@2.png 2x" loading="lazy" class="chakra-image css-oguq8l" aria-hidden="true"></div><div class="css-qoklea"><div class="css-12dchmx"></div><div data-testid="price-product-tile" class="css-8atqhb"><p class="chakra-text css-0"><span class="chakra-text css-pwnbcb" data-testid="regular-price"><span class="css-idkz9h">$7.99</span>$7.99</span></p></div><a href="/almond-and-oat-dairy-free-hazelnut-latte-coffee-en/p/21436915_EA?source=nspt" class="chakra-linkbox__overlay css-1hnz6hu"><div class="css-0"><p class="chakra-text css-1ecdp9w" data-testid="product-brand">Starbucks</p><h3 class="chakra-heading css-6qrhwc" id="21436915_EA" data-testid="product-title">Almond And Oat Dairy Free Hazelnut Latte Coffee Enhancer</h3><p class="chakra-text css-1yftjin" data-testid="product-package-size">828 ml, $0.96/100ml</p></div></a><div class="css-8keand"></div></div><div class="css-1q5omjq"><div class="css-fcebb8"><div data-testid="atc-compact" class="css-y94ivq" style="width: 45px;"><button type="button" class="chakra-button css-mudsm6" data-testid="atc-button"><svg stroke="currentColor" fill="currentColor" stroke-width="0" viewBox="0 0 24 24" focusable="false" class="chakra-icon css-1g3sp7a" data-testid="btn-icon" aria-hidden="true" height="1em" width="1em" xmlns="http://www.w3.org/2000/svg"><path d="M19 13h-6v6h-2v-6H5v-2h6V5h2v6h6v2z"></path></svg><span class="css-idkz9h">Add Almond And Oat Dairy Free Hazelnut Latte Coffee Enhancer to cart</span></button></div></div></div></div></div></div><div class="css-0"><div class="css-f5i5wc"><div class="chakra-linkbox css-vhnn8v"><div data-testid="product-image" class="css-16dr4ly"><img alt="Gay Lea Real Coconut Whipped Cream 225 g, $2.22/100g" src="https://assets.shop.loblaws.ca/products/20048223003/b3/en/front/20048223003_front_a06_@2.png" srcset="https://assets.shop.loblaws.ca/products/20048223003/b3/en/front/20048223003_front_a06_@2.png 1x, https://assets.shop.loblaws.ca/products/20048223003/b3/en/front/20048223003_front_a06_@2.png 2x" loading="lazy" class="chakra-image css-oguq8l" aria-hidden="true"></div><div class="css-qoklea"><div class="css-12dchmx"></div><div data-testid="price-product-tile" class="css-8atqhb"><p class="chakra-text css-0"><span class="chakra-text css-pwnbcb" data-testid="regular-price"><span class="css-idkz9h">$4.99</span>$4.99</span></p></div><a href="/real-coconut-whipped-cream/p/20048223003_EA?source=nspt" class="chakra-linkbox__overlay css-1hnz6hu"><div class="css-0"><p class="chakra-text css-1ecdp9w" data-testid="product-brand">Gay Lea</p><h3 class="chakra-heading css-6qrhwc" id="20048223003_EA" data-testid="product-title">Real Coconut Whipped Cream</h3><p class="chakra-text css-1yftjin" data-testid="product-package-size">225 g, $2.22/100g</p></div></a><div class="css-8keand"></div></div><div class="css-1q5omjq"><div class="css-fcebb8"><div data-testid="atc-compact" class="css-y94ivq" style="width: 45px;"><button type="button" class="chakra-button css-mudsm6" data-testid="atc-button"><svg stroke="currentColor" fill="currentColor" stroke-width="0" viewBox="0 0 24 24" focusable="false" class="chakra-icon css-1g3sp7a" data-testid="btn-icon" aria-hidden="true" height="1em" width="1em" xmlns="http://www.w3.org/2000/svg"><path d="M19 13h-6v6h-2v-6H5v-2h6V5h2v6h6v2z"></path></svg><span class="css-idkz9h">Add Real Coconut Whipped Cream to cart</span></button></div></div></div></div></div></div><div class="css-0"><div class="css-f5i5wc"><div class="chakra-linkbox css-vhnn8v"><div data-testid="product-image" class="css-16dr4ly"><img alt="International Delight Classic Hazelnut Coffee Creamer 1.42 l, $0.56/100ml" src="https://assets.shop.loblaws.ca/products/21345072/b3/en/front/21345072_front_a06_@2.png" srcset="https://assets.shop.loblaws.ca/products/21345072/b3/en/front/21345072_front_a06_@2.png 1x, https://assets.shop.loblaws.ca/products/21345072/b3/en/front/21345072_front_a06_@2.png 2x" loading="lazy" class="chakra-image css-oguq8l" aria-hidden="true"></div><div class="css-qoklea"><div class="css-12dchmx"></div><div data-testid="price-product-tile" class="css-8atqhb"><p class="chakra-text css-0"><span class="chakra-text css-pwnbcb" data-testid="regular-price"><span class="css-idkz9h">$7.99</span>$7.99</span></p></div><a href="/classic-hazelnut-coffee-creamer/p/21345072_EA?source=nspt" class="chakra-linkbox__overlay css-1hnz6hu"><div class="css-0"><p class="chakra-text css-1ecdp9w" data-testid="product-brand">International Delight</p><h3 class="chakra-heading css-6qrhwc" id="21345072_EA" data-testid="product-title">Classic Hazelnut Coffee Creamer</h3><p class="chakra-text css-1yftjin" data-testid="product-package-size">1.42 l, $0.56/100ml</p></div></a><div class="css-8keand"></div></div><div class="css-1q5omjq"><div class="css-fcebb8"><div data-testid="atc-compact" class="css-y94ivq" style="width: 45px;"><button type="button" class="chakra-button css-mudsm6" data-testid="atc-button"><svg stroke="currentColor" fill="currentColor" stroke-width="0" viewBox="0 0 24 24" focusable="false" class="chakra-icon css-1g3sp7a" data-testid="btn-icon" aria-hidden="true" height="1em" width="1em" xmlns="http://www.w3.org/2000/svg"><path d="M19 13h-6v6h-2v-6H5v-2h6V5h2v6h6v2z"></path></svg><span class="css-idkz9h">Add Classic Hazelnut Coffee Creamer to cart</span></button></div></div><div class="css-4saf4a"><p class="chakra-text css-py8788" data-testid="inventory-badge-text">Low Stock</p></div></div></div></div></div><div class="css-0"><div class="css-f5i5wc"><div class="chakra-linkbox css-vhnn8v"><div data-testid="product-image" class="css-16dr4ly"><img alt="Neilson Table Cream 237 ml, $1.19/100ml" src="https://assets.shop.loblaws.ca/products/20773801/b3/en/front/20773801_front_a06_@2.png" srcset="https://assets.shop.loblaws.ca/products/20773801/b3/en/front/20773801_front_a06_@2.png 1x, https://assets.shop.loblaws.ca/products/20773801/b3/en/front/20773801_front_a06_@2.png 2x" loading="lazy" class="chakra-image css-oguq8l" aria-hidden="true"></div><div class="css-qoklea"><div class="css-12dchmx"></div><div data-testid="price-product-tile" class="css-8atqhb"><p class="chakra-text css-0"><span class="chakra-text css-pwnbcb" data-testid="regular-price"><span class="css-idkz9h">$2.82</span>$2.82</span></p></div><a href="/table-cream/p/20773801_EA?source=nspt" class="chakra-linkbox__overlay css-1hnz6hu"><div class="css-0"><p class="chakra-text css-1ecdp9w" data-testid="product-brand">Neilson</p><h3 class="chakra-heading css-6qrhwc" id="20773801_EA" data-testid="product-title">Table Cream</h3><p class="chakra-text css-1yftjin" data-testid="product-package-size">237 ml, $1.19/100ml</p></div></a><div class="css-8keand"></div></div><div class="css-1q5omjq"><div class="css-fcebb8"><div data-testid="atc-compact" class="css-y94ivq" style="width: 45px;"><button type="button" class="chakra-button css-mudsm6" data-testid="atc-button"><svg stroke="currentColor" fill="currentColor" stroke-width="0" viewBox="0 0 24 24" focusable="false" class="chakra-icon css-1g3sp7a" data-testid="btn-icon" aria-hidden="true" height="1em" width="1em" xmlns="http://www.w3.org/2000/svg"><path d="M19 13h-6v6h-2v-6H5v-2h6V5h2v6h6v2z"></path></svg><span class="css-idkz9h">Add Table Cream to cart</span></button></div></div></div></div></div></div><div class="css-0"><div class="css-f5i5wc"><div class="chakra-linkbox css-vhnn8v"><div data-testid="product-image" class="css-16dr4ly"><img alt="Neilson Dairy Protein Milk Beverage 3.25% M.F. 1.89 l, $0.26/100ml" src="https://assets.shop.loblaws.ca/products/21554245/b3/en/front/21554245_front_a06_@2.png" srcset="https://assets.shop.loblaws.ca/products/21554245/b3/en/front/21554245_front_a06_@2.png 1x, https://assets.shop.loblaws.ca/products/21554245/b3/en/front/21554245_front_a06_@2.png 2x" loading="lazy" class="chakra-image css-oguq8l" aria-hidden="true"></div><div class="css-qoklea"><div class="css-12dchmx"></div><div data-testid="price-product-tile" class="css-8atqhb"><p class="chakra-text css-0"><span class="chakra-text css-o93gbd" data-testid="sale-price"><span class="css-idkz9h">$4.99</span>$4.99</span><span class="chakra-text css-623q5h" data-testid="was-price"><span class="css-idkz9h">$7.79</span>$7.79</span></p><p class="chakra-text css-1m5a6y8" data-testid="price-descriptor">SAVE $2.80</p></div><a href="/dairy-protein-milk-beverage-3-25-m-f/p/21554245_EA?source=nspt" class="chakra-linkbox__overlay css-1hnz6hu"><div class="css-0"><p class="chakra-text css-1ecdp9w" data-testid="product-brand">Neilson</p><h3 class="chakra-heading css-6qrhwc" id="21554245_EA" data-testid="product-title">Dairy Protein Milk Beverage 3.25% M.F.</h3><p class="chakra-text css-1yftjin" data-testid="product-package-size">1.89 l, $0.26/100ml</p></div></a><div class="css-8keand"></div></div><div class="css-1q5omjq"><div class="css-fcebb8"><div data-testid="atc-compact" class="css-y94ivq" style="width: 45px;"><button type="button" class="chakra-button css-mudsm6" data-testid="atc-button"><svg stroke="currentColor" fill="currentColor" stroke-width="0" viewBox="0 0 24 24" focusable="false" class="chakra-icon css-1g3sp7a" data-testid="btn-icon" aria-hidden="true" height="1em" width="1em" xmlns="http://www.w3.org/2000/svg"><path d="M19 13h-6v6h-2v-6H5v-2h6V5h2v6h6v2z"></path></svg><span class="css-idkz9h">Add Dairy Protein Milk Beverage 3.25% M.F. to cart</span></button></div></div></div></div></div></div><div class="css-0"><div class="css-f5i5wc"><div class="chakra-linkbox css-vhnn8v"><div data-testid="product-image" class="css-16dr4ly"><img alt="Neilson True Taste, 2% Milk 2 l, $0.28/100ml" src="https://assets.shop.loblaws.ca/products/20130270/b3/en/front/20130270_front_a06_@2.png" srcset="https://assets.shop.loblaws.ca/products/20130270/b3/en/front/20130270_front_a06_@2.png 1x, https://assets.shop.loblaws.ca/products/20130270/b3/en/front/20130270_front_a06_@2.png 2x" loading="lazy" class="chakra-image css-oguq8l" aria-hidden="true"></div><div class="css-qoklea"><div class="css-12dchmx"></div><div data-testid="price-product-tile" class="css-8atqhb"><p class="chakra-text css-0"><span class="chakra-text css-pwnbcb" data-testid="regular-price"><span class="css-idkz9h">$5.64</span>$5.64</span></p></div><a href="/true-taste-2-milk/p/20130270_EA?source=nspt" class="chakra-linkbox__overlay css-1hnz6hu"><div class="css-0"><p class="chakra-text css-1ecdp9w" data-testid="product-brand">Neilson</p><h3 class="chakra-heading css-6qrhwc" id="20130270_EA" data-testid="product-title">True Taste, 2% Milk</h3><p class="chakra-text css-1yftjin" data-testid="product-package-size">2 l, $0.28/100ml</p></div></a><div class="css-8keand"></div></div><div class="css-1q5omjq"><div class="css-fcebb8"><div data-testid="atc-compact" class="css-y94ivq" style="width: 45px;"><button type="button" class="chakra-button css-mudsm6" data-testid="atc-button"><svg stroke="currentColor" fill="currentColor" stroke-width="0" viewBox="0 0 24 24" focusable="false" class="chakra-icon css-1g3sp7a" data-testid="btn-icon" aria-hidden="true" height="1em" width="1em" xmlns="http://www.w3.org/2000/svg"><path d="M19 13h-6v6h-2v-6H5v-2h6V5h2v6h6v2z"></path></svg><span class="css-idkz9h">Add True Taste, 2% Milk to cart</span></button></div></div></div></div></div></div><div class="css-0"><div class="css-f5i5wc"><div class="chakra-linkbox css-vhnn8v"><div data-testid="product-image" class="css-16dr4ly"><img alt="Neilson Trutaste Lactose Free Skim Milk 2 l, $0.25/100ml" src="https://assets.shop.loblaws.ca/products/20188053002/b3/en/front/20188053002_front_a06_@2.png" srcset="https://assets.shop.loblaws.ca/products/20188053002/b3/en/front/20188053002_front_a06_@2.png 1x, https://assets.shop.loblaws.ca/products/20188053002/b3/en/front/20188053002_front_a06_@2.png 2x" loading="lazy" class="chakra-image css-oguq8l" aria-hidden="true"></div><div class="css-qoklea"><div class="css-12dchmx"></div><div data-testid="price-product-tile" class="css-8atqhb"><p class="chakra-text css-0"><span class="chakra-text css-o93gbd" data-testid="sale-price"><span class="css-idkz9h">$4.99</span>$4.99</span><span class="chakra-text css-623q5h" data-testid="was-price"><span class="css-idkz9h">$6.19</span>$6.19</span></p><p class="chakra-text css-1m5a6y8" data-testid="price-descriptor">SAVE $1.20</p></div><a href="/trutaste-lactose-free-skim-milk/p/20188053002_EA?source=nspt" class="chakra-linkbox__overlay css-1hnz6hu"><div class="css-0"><p class="chakra-text css-1ecdp9w" data-testid="product-brand">Neilson</p><h3 class="chakra-heading css-6qrhwc" id="20188053002_EA" data-testid="product-title">Trutaste Lactose Free Skim Milk</h3><p class="chakra-text css-1yftjin" data-testid="product-package-size">2 l, $0.25/100ml</p></div></a><div class="css-8keand"></div></div><div class="css-1q5omjq"><div class="css-fcebb8"><div data-testid="atc-compact" class="css-y94ivq" style="width: 45px;"><button type="button" class="chakra-button css-mudsm6" data-testid="atc-button"><svg stroke="currentColor" fill="currentColor" stroke-width="0" viewBox="0 0 24 24" focusable="false" class="chakra-icon css-1g3sp7a" data-testid="btn-icon" aria-hidden="true" height="1em" width="1em" xmlns="http://www.w3.org/2000/svg"><path d="M19 13h-6v6h-2v-6H5v-2h6V5h2v6h6v2z"></path></svg><span class="css-idkz9h">Add Trutaste Lactose Free Skim Milk to cart</span></button></div></div></div></div></div></div><div class="css-0"><div class="css-f5i5wc"><div class="chakra-linkbox css-vhnn8v"><div data-testid="product-image" class="css-16dr4ly"><img alt="Neilson Trutaste Light Cream 1 l, $0.35/100ml" src="https://assets.shop.loblaws.ca/products/20095354/b3/en/front/20095354_front_a06_@2.png" srcset="https://assets.shop.loblaws.ca/products/20095354/b3/en/front/20095354_front_a06_@2.png 1x, https://assets.shop.loblaws.ca/products/20095354/b3/en/front/20095354_front_a06_@2.png 2x" loading="lazy" class="chakra-image css-oguq8l" aria-hidden="true"></div><div class="css-qoklea"><div class="css-12dchmx"></div><div data-testid="price-product-tile" class="css-8atqhb"><p class="chakra-text css-0"><span class="chakra-text css-o93gbd" data-testid="sale-price"><span class="css-idkz9h">$3.49</span>$3.49</span><span class="chakra-text css-623q5h" data-testid="was-price"><span class="css-idkz9h">$3.99</span>$3.99</span></p><p class="chakra-text css-1m5a6y8" data-testid="price-descriptor">SAVE $0.50</p></div><a href="/trutaste-light-cream/p/20095354_EA?source=nspt" class="chakra-linkbox__overlay css-1hnz6hu"><div class="css-0"><p class="chakra-text css-1ecdp9w" data-testid="product-brand">Neilson</p><h3 class="chakra-heading css-6qrhwc" id="20095354_EA" data-testid="product-title">Trutaste Light Cream</h3><p class="chakra-text css-1yftjin" data-testid="product-package-size">1 l, $0.35/100ml</p></div></a><div class="css-8keand"></div></div><div class="css-1q5omjq"><div class="css-fcebb8"><div data-testid="atc-compact" class="css-y94ivq" style="width: 45px;"><button type="button" class="chakra-button css-mudsm6" data-testid="atc-button"><svg stroke="currentColor" fill="currentColor" stroke-width="0" viewBox="0 0 24 24" focusable="false" class="chakra-icon css-1g3sp7a" data-testid="btn-icon" aria-hidden="true" height="1em" width="1em" xmlns="http://www.w3.org/2000/svg"><path d="M19 13h-6v6h-2v-6H5v-2h6V5h2v6h6v2z"></path></svg><span class="css-idkz9h">Add Trutaste Light Cream to cart</span></button></div></div></div></div></div></div><div class="css-0"><div class="css-f5i5wc"><div class="chakra-linkbox css-vhnn8v"><div data-testid="product-image" class="css-16dr4ly"><img alt="Neilson Flavoured Milk, Chocolate 750 ml, $0.17/100ml" src="https://assets.shop.loblaws.ca/products/20766719/b3/en/front/20766719_front_a06_@2.png" srcset="https://assets.shop.loblaws.ca/products/20766719/b3/en/front/20766719_front_a06_@2.png 1x, https://assets.shop.loblaws.ca/products/20766719/b3/en/front/20766719_front_a06_@2.png 2x" loading="lazy" class="chakra-image css-oguq8l" aria-hidden="true"></div><div class="css-qoklea"><div class="css-12dchmx"></div><div data-testid="price-product-tile" class="css-8atqhb"><p class="chakra-text css-0"><span class="chakra-text css-pwnbcb" data-testid="regular-price"><span class="css-idkz9h">$1.25</span>$1.25</span></p></div><a href="/flavoured-milk-chocolate/p/20766719_EA?source=nspt" class="chakra-linkbox__overlay css-1hnz6hu"><div class="css-0"><p class="chakra-text css-1ecdp9w" data-testid="product-brand">Neilson</p><h3 class="chakra-heading css-6qrhwc" id="20766719_EA" data-testid="product-title">Flavoured Milk, Chocolate</h3><p class="chakra-text css-1yftjin" data-testid="product-package-size">750 ml, $0.17/100ml</p></div></a><div class="css-8keand"></div></div><div class="css-1q5omjq"><div class="css-fcebb8"><div data-testid="atc-compact" class="css-y94ivq" style="width: 45px;"><button type="button" class="chakra-button css-mudsm6" data-testid="atc-button"><svg stroke="currentColor" fill="currentColor" stroke-width="0" viewBox="0 0 24 24" focusable="false" class="chakra-icon css-1g3sp7a" data-testid="btn-icon" aria-hidden="true" height="1em" width="1em" xmlns="http://www.w3.org/2000/svg"><path d="M19 13h-6v6h-2v-6H5v-2h6V5h2v6h6v2z"></path></svg><span class="css-idkz9h">Add Flavoured Milk, Chocolate to cart</span></button></div></div></div></div></div></div><div class="css-0"><div class="css-f5i5wc"><div class="chakra-linkbox css-vhnn8v"><div data-testid="product-image" class="css-16dr4ly"><img alt="Lactantia PūrFiltre Milk 2% Partly Skimmed 2 l, $0.28/100ml" src="https://assets.shop.loblaws.ca/products/21424991/b3/en/front/21424991_front_a06_@2.png" srcset="https://assets.shop.loblaws.ca/products/21424991/b3/en/front/21424991_front_a06_@2.png 1x, https://assets.shop.loblaws.ca/products/21424991/b3/en/front/21424991_front_a06_@2.png 2x" loading="lazy" class="chakra-image css-oguq8l" aria-hidden="true"></div><div class="css-qoklea"><div class="css-12dchmx"></div><div data-testid="price-product-tile" class="css-8atqhb"><p class="chakra-text css-0"><span class="chakra-text css-pwnbcb" data-testid="regular-price"><span class="css-idkz9h">$5.69</span>$5.69</span></p></div><a href="/p-rfiltre-milk-2-partly-skimmed/p/21424991_EA?source=nspt" class="chakra-linkbox__overlay css-1hnz6hu"><div class="css-0"><p class="chakra-text css-1ecdp9w" data-testid="product-brand">Lactantia</p><h3 class="chakra-heading css-6qrhwc" id="21424991_EA" data-testid="product-title">PūrFiltre Milk 2% Partly Skimmed</h3><p class="chakra-text css-1yftjin" data-testid="product-package-size">2 l, $0.28/100ml</p></div></a><div class="css-8keand"></div></div><div class="css-1q5omjq"><div class="css-fcebb8"><div data-testid="atc-compact" class="css-y94ivq" style="width: 45px;"><button type="button" class="chakra-button css-mudsm6" data-testid="atc-button"><svg stroke="currentColor" fill="currentColor" stroke-width="0" viewBox="0 0 24 24" focusable="false" class="chakra-icon css-1g3sp7a" data-testid="btn-icon" aria-hidden="true" height="1em" width="1em" xmlns="http://www.w3.org/2000/svg"><path d="M19 13h-6v6h-2v-6H5v-2h6V5h2v6h6v2z"></path></svg><span class="css-idkz9h">Add PūrFiltre Milk 2% Partly Skimmed to cart</span></button></div></div></div></div></div></div><div class="css-0"><div class="css-f5i5wc"><div class="chakra-linkbox css-vhnn8v"><div data-testid="product-image" class="css-16dr4ly"><img alt="Milk 2 Go Strawberry 473 ml, $0.51/100ml" src="https://assets.shop.loblaws.ca/products/20895935004/b3/en/front/20895935004_front_a06_@2.png" srcset="https://assets.shop.loblaws.ca/products/20895935004/b3/en/front/20895935004_front_a06_@2.png 1x, https://assets.shop.loblaws.ca/products/20895935004/b3/en/front/20895935004_front_a06_@2.png 2x" loading="lazy" class="chakra-image css-oguq8l" aria-hidden="true"></div><div class="css-qoklea"><div class="css-12dchmx"></div><div data-testid="price-product-tile" class="css-8atqhb"><p class="chakra-text css-0"><span class="chakra-text css-pwnbcb" data-testid="regular-price"><span class="css-idkz9h">$2.39</span>$2.39</span></p></div><a href="/strawberry/p/20895935004_EA?source=nspt" class="chakra-linkbox__overlay css-1hnz6hu"><div class="css-0"><p class="chakra-text css-1ecdp9w" data-testid="product-brand">Milk 2 Go</p><h3 class="chakra-heading css-6qrhwc" id="20895935004_EA" data-testid="product-title">Strawberry</h3><p class="chakra-text css-1yftjin" data-testid="product-package-size">473 ml, $0.51/100ml</p></div></a><div class="css-8keand"></div></div><div class="css-1q5omjq"><div class="css-fcebb8"><div data-testid="atc-compact" class="css-y94ivq" style="width: 45px;"><button type="button" class="chakra-button css-mudsm6" data-testid="atc-button"><svg stroke="currentColor" fill="currentColor" stroke-width="0" viewBox="0 0 24 24" focusable="false" class="chakra-icon css-1g3sp7a" data-testid="btn-icon" aria-hidden="true" height="1em" width="1em" xmlns="http://www.w3.org/2000/svg"><path d="M19 13h-6v6h-2v-6H5v-2h6V5h2v6h6v2z"></path></svg><span class="css-idkz9h">Add Strawberry to cart</span></button></div></div></div></div></div></div><div class="css-0"><div class="css-f5i5wc"><div class="chakra-linkbox css-vhnn8v"><div data-testid="product-image" class="css-16dr4ly"><img alt="Milk 2 Go Milk, Strawberry Partly Skimmed 1 % M.F. 310 ml, $0.48/100ml" src="https://assets.shop.loblaws.ca/products/21061412/b3/en/front/21061412_front_a06_@2.png" srcset="https://assets.shop.loblaws.ca/products/21061412/b3/en/front/21061412_front_a06_@2.png 1x, https://assets.shop.loblaws.ca/products/21061412/b3/en/front/21061412_front_a06_@2.png 2x" loading="lazy" class="chakra-image css-oguq8l" aria-hidden="true"></div><div class="css-qoklea"><div class="css-12dchmx"></div><div data-testid="price-product-tile" class="css-8atqhb"><p class="chakra-text css-0"><span class="chakra-text css-pwnbcb" data-testid="regular-price"><span class="css-idkz9h">$1.49</span>$1.49</span></p></div><a href="/milk-strawberry-partly-skimmed-1-m-f/p/21061412_EA?source=nspt" class="chakra-linkbox__overlay css-1hnz6hu"><div class="css-0"><p class="chakra-text css-1ecdp9w" data-testid="product-brand">Milk 2 Go</p><h3 class="chakra-heading css-6qrhwc" id="21061412_EA" data-testid="product-title">Milk, Strawberry Partly Skimmed 1 % M.F.</h3><p class="chakra-text css-1yftjin" data-testid="product-package-size">310 ml, $0.48/100ml</p></div></a><div class="css-8keand"></div></div><div class="css-1q5omjq"><div class="css-fcebb8"><div data-testid="atc-compact" class="css-y94ivq" style="width: 45px;"><button type="button" class="chakra-button css-mudsm6" data-testid="atc-button"><svg stroke="currentColor" fill="currentColor" stroke-width="0" viewBox="0 0 24 24" focusable="false" class="chakra-icon css-1g3sp7a" data-testid="btn-icon" aria-hidden="true" height="1em" width="1em" xmlns="http://www.w3.org/2000/svg"><path d="M19 13h-6v6h-2v-6H5v-2h6V5h2v6h6v2z"></path></svg><span class="css-idkz9h">Add Milk, Strawberry Partly Skimmed 1 % M.F. to cart</span></button></div></div></div></div></div></div><div class="css-0"><div class="css-f5i5wc"><div class="chakra-linkbox css-vhnn8v"><div data-testid="product-image" class="css-16dr4ly"><img alt="Neilson TruTaste Skim Milk 2 l, $0.28/100ml" src="https://assets.shop.loblaws.ca/products/20058742/b3/en/front/20058742_front_a06_@2.png" srcset="https://assets.shop.loblaws.ca/products/20058742/b3/en/front/20058742_front_a06_@2.png 1x, https://assets.shop.loblaws.ca/products/20058742/b3/en/front/20058742_front_a06_@2.png 2x" loading="lazy" class="chakra-image css-oguq8l" aria-hidden="true"></div><div class="css-qoklea"><div class="css-12dchmx"></div><div data-testid="price-product-tile" class="css-8atqhb"><p class="chakra-text css-0"><span class="chakra-text css-pwnbcb" data-testid="regular-price"><span class="css-idkz9h">$5.64</span>$5.64</span></p></div><a href="/trutaste-skim-milk/p/20058742_EA?source=nspt" class="chakra-linkbox__overlay css-1hnz6hu"><div class="css-0"><p class="chakra-text css-1ecdp9w" data-testid="product-brand">Neilson</p><h3 class="chakra-heading css-6qrhwc" id="20058742_EA" data-testid="product-title">TruTaste Skim Milk</h3><p class="chakra-text css-1yftjin" data-testid="product-package-size">2 l, $0.28/100ml</p></div></a><div class="css-8keand"></div></div><div class="css-1q5omjq"><div class="css-fcebb8"><div data-testid="atc-compact" class="css-y94ivq" style="width: 45px;"><button type="button" class="chakra-button css-mudsm6" data-testid="atc-button"><svg stroke="currentColor" fill="currentColor" stroke-width="0" viewBox="0 0 24 24" focusable="false" class="chakra-icon css-1g3sp7a" data-testid="btn-icon" aria-hidden="true" height="1em" width="1em" xmlns="http://www.w3.org/2000/svg"><path d="M19 13h-6v6h-2v-6H5v-2h6V5h2v6h6v2z"></path></svg><span class="css-idkz9h">Add TruTaste Skim Milk to cart</span></button></div></div></div></div></div></div><div class="css-0"><div class="css-f5i5wc"><div class="chakra-linkbox css-vhnn8v"><div data-testid="product-image" class="css-16dr4ly"><img alt="Neilson Trutaste Light Cream 473 ml, $0.70/100ml" src="https://assets.shop.loblaws.ca/products/20774033/b3/en/front/20774033_front_a06_@2.png" srcset="https://assets.shop.loblaws.ca/products/20774033/b3/en/front/20774033_front_a06_@2.png 1x, https://assets.shop.loblaws.ca/products/20774033/b3/en/front/20774033_front_a06_@2.png 2x" loading="lazy" class="chakra-image css-oguq8l" aria-hidden="true"></div><div class="css-qoklea"><div class="css-12dchmx"></div><div data-testid="price-product-tile" class="css-8atqhb"><p class="chakra-text css-0"><span class="chakra-text css-pwnbcb" data-testid="regular-price"><span class="css-idkz9h">$3.33</span>$3.33</span></p></div><a href="/trutaste-light-cream/p/20774033_EA?source=nspt" class="chakra-linkbox__overlay css-1hnz6hu"><div class="css-0"><p class="chakra-text css-1ecdp9w" data-testid="product-brand">Neilson</p><h3 class="chakra-heading css-6qrhwc" id="20774033_EA" data-testid="product-title">Trutaste Light Cream</h3><p class="chakra-text css-1yftjin" data-testid="product-package-size">473 ml, $0.70/100ml</p></div></a><div class="css-8keand"></div></div><div class="css-1q5omjq"><div class="css-fcebb8"><div data-testid="atc-compact" class="css-y94ivq" style="width: 45px;"><button type="button" class="chakra-button css-mudsm6" data-testid="atc-button"><svg stroke="currentColor" fill="currentColor" stroke-width="0" viewBox="0 0 24 24" focusable="false" class="chakra-icon css-1g3sp7a" data-testid="btn-icon" aria-hidden="true" height="1em" width="1em" xmlns="http://www.w3.org/2000/svg"><path d="M19 13h-6v6h-2v-6H5v-2h6V5h2v6h6v2z"></path></svg><span class="css-idkz9h">Add Trutaste Light Cream to cart</span></button></div></div></div></div></div></div><div class="css-0"><div class="css-f5i5wc"><div class="chakra-linkbox css-vhnn8v"><div data-testid="product-image" class="css-16dr4ly"><img alt="Neilson 1% Milk 1 l, $0.36/100ml" src="https://assets.shop.loblaws.ca/products/20185616/b3/en/front/20185616_front_a06_@2.png" srcset="https://assets.shop.loblaws.ca/products/20185616/b3/en/front/20185616_front_a06_@2.png 1x, https://assets.shop.loblaws.ca/products/20185616/b3/en/front/20185616_front_a06_@2.png 2x" loading="lazy" class="chakra-image css-oguq8l" aria-hidden="true"></div><div class="css-qoklea"><div class="css-12dchmx"></div><div data-testid="price-product-tile" class="css-8atqhb"><p class="chakra-text css-0"><span class="chakra-text css-pwnbcb" data-testid="regular-price"><span class="css-idkz9h">$3.59</span>$3.59</span></p></div><a href="/1-milk/p/20185616_EA?source=nspt" class="chakra-linkbox__overlay css-1hnz6hu"><div class="css-0"><p class="chakra-text css-1ecdp9w" data-testid="product-brand">Neilson</p><h3 class="chakra-heading css-6qrhwc" id="20185616_EA" data-testid="product-title">1% Milk</h3><p class="chakra-text css-1yftjin" data-testid="product-package-size">1 l, $0.36/100ml</p></div></a><div class="css-8keand"></div></div><div class="css-1q5omjq"><div class="css-fcebb8"><div data-testid="atc-compact" class="css-y94ivq" style="width: 45px;"><button type="button" class="chakra-button css-mudsm6" data-testid="atc-button"><svg stroke="currentColor" fill="currentColor" stroke-width="0" viewBox="0 0 24 24" focusable="false" class="chakra-icon css-1g3sp7a" data-testid="btn-icon" aria-hidden="true" height="1em" width="1em" xmlns="http://www.w3.org/2000/svg"><path d="M19 13h-6v6h-2v-6H5v-2h6V5h2v6h6v2z"></path></svg><span class="css-idkz9h">Add 1% Milk to cart</span></button></div></div></div></div></div></div><div class="css-0"><div class="css-f5i5wc"><div class="chakra-linkbox css-vhnn8v"><div data-testid="product-image" class="css-16dr4ly"><img alt="Woolwich Homogenized Goat Milk 3.25%MF&nbsp;&nbsp; 1 l, $0.48/100ml" src="https://assets.shop.loblaws.ca/products/21212050/b3/en/front/21212050_front_a06_@2.png" srcset="https://assets.shop.loblaws.ca/products/21212050/b3/en/front/21212050_front_a06_@2.png 1x, https://assets.shop.loblaws.ca/products/21212050/b3/en/front/21212050_front_a06_@2.png 2x" loading="lazy" class="chakra-image css-oguq8l" aria-hidden="true"></div><div class="css-qoklea"><div class="css-12dchmx"></div><div data-testid="price-product-tile" class="css-8atqhb"><p class="chakra-text css-0"><span class="chakra-text css-pwnbcb" data-testid="regular-price"><span class="css-idkz9h">$4.79</span>$4.79</span></p></div><a href="/homogenized-goat-milk-3-25-mf/p/21212050_EA?source=nspt" class="chakra-linkbox__overlay css-1hnz6hu"><div class="css-0"><p class="chakra-text css-1ecdp9w" data-testid="product-brand">Woolwich</p><h3 class="chakra-heading css-6qrhwc" id="21212050_EA" data-testid="product-title">Homogenized Goat Milk 3.25%MF&nbsp;&nbsp;</h3><p class="chakra-text css-1yftjin" data-testid="product-package-size">1 l, $0.48/100ml</p></div></a><div class="css-8keand"></div></div><div class="css-1q5omjq"><div class="css-fcebb8"><div data-testid="atc-compact" class="css-y94ivq" style="width: 45px;"><button type="button" class="chakra-button css-mudsm6" data-testid="atc-button"><svg stroke="currentColor" fill="currentColor" stroke-width="0" viewBox="0 0 24 24" focusable="false" class="chakra-icon css-1g3sp7a" data-testid="btn-icon" aria-hidden="true" height="1em" width="1em" xmlns="http://www.w3.org/2000/svg"><path d="M19 13h-6v6h-2v-6H5v-2h6V5h2v6h6v2z"></path></svg><span class="css-idkz9h">Add Homogenized Goat Milk 3.25%MF&nbsp;&nbsp; to cart</span></button></div></div></div></div></div></div><div class="css-0"><div class="css-f5i5wc"><div class="chakra-linkbox css-vhnn8v"><div data-testid="product-image" class="css-16dr4ly"><img alt="Lactantia Ultrapūr 2%, 50% more protein 1.5 l, $0.39/100ml" src="https://assets.shop.loblaws.ca/products/21239137/b3/en/front/21239137_front_a06_@2.png" srcset="https://assets.shop.loblaws.ca/products/21239137/b3/en/front/21239137_front_a06_@2.png 1x, https://assets.shop.loblaws.ca/products/21239137/b3/en/front/21239137_front_a06_@2.png 2x" loading="lazy" class="chakra-image css-oguq8l" aria-hidden="true"></div><div class="css-qoklea"><div class="css-12dchmx"></div><div data-testid="price-product-tile" class="css-8atqhb"><p class="chakra-text css-0"><span class="chakra-text css-pwnbcb" data-testid="regular-price"><span class="css-idkz9h">$5.79</span>$5.79</span></p></div><a href="/ultrap-r-2-50-more-protein/p/21239137_EA?source=nspt" class="chakra-linkbox__overlay css-1hnz6hu"><div class="css-0"><p class="chakra-text css-1ecdp9w" data-testid="product-brand">Lactantia</p><h3 class="chakra-heading css-6qrhwc" id="21239137_EA" data-testid="product-title">Ultrapūr 2%, 50% more protein</h3><p class="chakra-text css-1yftjin" data-testid="product-package-size">1.5 l, $0.39/100ml</p></div></a><div class="css-8keand"></div></div><div class="css-1q5omjq"><div class="css-fcebb8"><div data-testid="atc-compact" class="css-y94ivq" style="width: 45px;"><button type="button" class="chakra-button css-mudsm6" data-testid="atc-button"><svg stroke="currentColor" fill="currentColor" stroke-width="0" viewBox="0 0 24 24" focusable="false" class="chakra-icon css-1g3sp7a" data-testid="btn-icon" aria-hidden="true" height="1em" width="1em" xmlns="http://www.w3.org/2000/svg"><path d="M19 13h-6v6h-2v-6H5v-2h6V5h2v6h6v2z"></path></svg><span class="css-idkz9h">Add Ultrapūr 2%, 50% more protein to cart</span></button></div></div></div></div></div></div><div class="css-0"><div class="css-f5i5wc"><div class="chakra-linkbox css-vhnn8v"><div data-testid="product-image" class="css-16dr4ly"><img alt="Neilson Trutaste Partially Skimmed Milk 2 percent MF 4 l, $0.12/100ml" src="https://assets.shop.loblaws.ca/products/20148677/b3/en/front/20148677_front_a06_@2.png" srcset="https://assets.shop.loblaws.ca/products/20148677/b3/en/front/20148677_front_a06_@2.png 1x, https://assets.shop.loblaws.ca/products/20148677/b3/en/front/20148677_front_a06_@2.png 2x" loading="lazy" class="chakra-image css-oguq8l" aria-hidden="true"></div><div class="css-qoklea"><div class="css-12dchmx"></div><div data-testid="price-product-tile" class="css-8atqhb"><p class="chakra-text css-0"><span class="chakra-text css-o93gbd" data-testid="sale-price"><span class="css-idkz9h">$4.99</span>$4.99</span><span class="chakra-text css-623q5h" data-testid="was-price"><span class="css-idkz9h">$6.49</span>$6.49</span></p><p class="chakra-text css-1m5a6y8" data-testid="price-descriptor">SAVE $1.50</p></div><a href="/trutaste-partially-skimmed-milk-2-percent-mf/p/20148677_EA?source=nspt" class="chakra-linkbox__overlay css-1hnz6hu"><div class="css-0"><p class="chakra-text css-1ecdp9w" data-testid="product-brand">Neilson</p><h3 class="chakra-heading css-6qrhwc" id="20148677_EA" data-testid="product-title">Trutaste Partially Skimmed Milk 2 percent MF</h3><p class="chakra-text css-1yftjin" data-testid="product-package-size">4 l, $0.12/100ml</p></div></a><div class="css-8keand"></div></div><div class="css-1q5omjq"><div class="css-fcebb8"><div data-testid="atc-compact" class="css-y94ivq" style="width: 45px;"><button type="button" class="chakra-button css-mudsm6" data-testid="atc-button"><svg stroke="currentColor" fill="currentColor" stroke-width="0" viewBox="0 0 24 24" focusable="false" class="chakra-icon css-1g3sp7a" data-testid="btn-icon" aria-hidden="true" height="1em" width="1em" xmlns="http://www.w3.org/2000/svg"><path d="M19 13h-6v6h-2v-6H5v-2h6V5h2v6h6v2z"></path></svg><span class="css-idkz9h">Add Trutaste Partially Skimmed Milk 2 percent MF to cart</span></button></div></div></div></div></div></div></div><div data-testid="product-grid" class="css-epcqr3"><div class="css-0"><div class="css-f5i5wc"><div class="chakra-linkbox css-vhnn8v"><div data-testid="product-image" class="css-16dr4ly"><img alt="Neilson Trutaste Light Cream 473 ml, $0.70/100ml" src="https://assets.shop.loblaws.ca/products/20774033/b3/en/front/20774033_front_a06_@2.png" srcset="https://assets.shop.loblaws.ca/products/20774033/b3/en/front/20774033_front_a06_@2.png 1x, https://assets.shop.loblaws.ca/products/20774033/b3/en/front/20774033_front_a06_@2.png 2x" loading="lazy" class="chakra-image css-oguq8l" aria-hidden="true"></div><div class="css-qoklea"><div class="css-12dchmx"></div><div data-testid="price-product-tile" class="css-8atqhb"><p class="chakra-text css-0"><span class="chakra-text css-pwnbcb" data-testid="regular-price"><span class="css-idkz9h">$3.33</span>$3.33</span></p></div><a href="/trutaste-light-cream/p/20774033_EA?source=nspt" class="chakra-linkbox__overlay css-1hnz6hu"><div class="css-0"><p class="chakra-text css-1ecdp9w" data-testid="product-brand">Neilson</p><h3 class="chakra-heading css-6qrhwc" id="20774033_EA" data-testid="product-title">Trutaste Light Cream</h3><p class="chakra-text css-1yftjin" data-testid="product-package-size">473 ml, $0.70/100ml</p></div></a><div class="css-8keand"></div></div><div class="css-1q5omjq"><div class="css-fcebb8"><div data-testid="atc-compact" class="css-y94ivq" style="width: 45px;"><button type="button" class="chakra-button css-mudsm6" data-testid="atc-button"><svg stroke="currentColor" fill="currentColor" stroke-width="0" viewBox="0 0 24 24" focusable="false" class="chakra-icon css-1g3sp7a" data-testid="btn-icon" aria-hidden="true" height="1em" width="1em" xmlns="http://www.w3.org/2000/svg"><path d="M19 13h-6v6h-2v-6H5v-2h6V5h2v6h6v2z"></path></svg><span class="css-idkz9h">Add Trutaste Light Cream to cart</span></button></div></div></div></div></div></div></div>