[
    {
        "id": 1,
        "name": "Nano Drinkable Yogurt, Strawberry 1%",
        "price": "6x93.0 ml, $0.82/100ml",
        "brand": "IOGO",
        "image_url": "https://assets.shop.loblaws.ca/products/20609687001/b3/en/front/20609687001_front_a06_@2.png",
        "image_alt": "IOGO Nano Drinkable Yogurt, Strawberry 1% 6x93.0 ml, $0.82/100ml",
        "price_product_tile": "$4.59$4.59"
    },
    {
        "id": 2,
        "name": "Nano Drinkable Yogurt, Vanilla 1%",
        "price": "6x93.0 ml, $0.82/100ml",
        "brand": "IOGO",
        "image_url": "https://assets.shop.loblaws.ca/products/20903653/b3/en/front/20903653_front_a06_@2.png",
        "image_alt": "IOGO Nano Drinkable Yogurt, Vanilla 1% 6x93.0 ml, $0.82/100ml",
        "price_product_tile": "$4.59$4.59"
    },
    {
        "id": 3,
        "name": "Nano Drinkable Yogurt, Peach 1%",
        "price": "6x93.0 ml, $0.82/100ml",
        "brand": "IOGO",
        "image_url": "https://assets.shop.loblaws.ca/products/21042490/b3/en/front/21042490_front_a06_@2.png",
        "image_alt": "IOGO Nano Drinkable Yogurt, Peach 1% 6x93.0 ml, $0.82/100ml",
        "price_product_tile": "$4.59$4.59"
    },
    {
        "id": 4,
        "name": "Nano Drinkable Yogurt, Raspberry 1%",
        "price": "6x93.0 ml, $0.82/100ml",
        "brand": "IOGO",
        "image_url": "https://assets.shop.loblaws.ca/products/20609687002/b3/en/front/20609687002_front_a06_@2.png",
        "image_alt": "IOGO Nano Drinkable Yogurt, Raspberry 1% 6x93.0 ml, $0.82/100ml",
        "price_product_tile": "$4.59$4.59"
    },
    {
        "id": 5,
        "name": "Nano Drinkable Yogurt, Banana 1%",
        "price": "6x93.0 ml, $0.82/100ml",
        "brand": "IOGO",
        "image_url": "https://assets.shop.loblaws.ca/products/20609687003/b3/en/front/20609687003_front_a06_@2.png",
        "image_alt": "IOGO Nano Drinkable Yogurt, Banana 1% 6x93.0 ml, $0.82/100ml",
        "price_product_tile": "$4.59$4.59"
    },
    {
        "id": 6,
        "name": "Nano Drinkable Yogurt, Lactose Free, Strawberry-Banana 1%",
        "price": "6x93.0 ml, $0.82/100g",
        "brand": "IOGO",
        "image_url": "https://assets.shop.loblaws.ca/products/21219007/b3/en/front/21219007_front_a06_@2.png",
        "image_alt": "IOGO Nano Drinkable Yogurt, Lactose Free, Strawberry-Banana 1% 6x93.0 ml, $0.82/100g",
        "price_product_tile": "$4.59$4.59"
    },
    {
        "id": 7,
        "name": "Yop 1% Drinkable Yogurt, Strawberry Banana, Yogurt Drink",
        "price": "200 ml, $0.50/100ml",
        "brand": "Yoplait",
        "image_url": "https://assets.shop.loblaws.ca/products/21477986/b3/en/front/21477986_front_a06_@2.png",
        "image_alt": "Yoplait Yop 1% Drinkable Yogurt, Strawberry Banana, Yogurt Drink 200 ml, $0.50/100ml",
        "price_product_tile": "$1.00$1.00"
    },
    {
        "id": 8,
        "name": "Yop 1% Drinkable Yogurt, Strawberry, Yogurt Drink",
        "price": "200 ml, $0.50/100ml",
        "brand": "Yoplait",
        "image_url": "https://assets.shop.loblaws.ca/products/21478178/b3/en/front/21478178_front_a06_@2.png",
        "image_alt": "Yoplait Yop 1% Drinkable Yogurt, Strawberry, Yogurt Drink 200 ml, $0.50/100ml",
        "price_product_tile": "$1.00$1.00"
    },
    {
        "id": 9,
        "name": "Yop 1% Drinkable Yogurt, Vanilla, Yogurt Drink",
        "price": "200 ml, $0.50/100ml",
        "brand": "Yoplait",
        "image_url": "https://assets.shop.loblaws.ca/products/21478300/b3/en/front/21478300_front_a06_@2.png",
        "image_alt": "Yoplait Yop 1% Drinkable Yogurt, Vanilla, Yogurt Drink 200 ml, $0.50/100ml",
        "price_product_tile": "$1.00$1.00"
    },
    {
        "id": 10,
        "name": "Yop 1% Drinkable Yogurt, Tropical, Yogurt Drink",
        "price": "200 ml, $0.50/100ml",
        "brand": "Yoplait",
        "image_url": "https://assets.shop.loblaws.ca/products/21478243/b3/en/front/21478243_front_a06_@2.png",
        "image_alt": "Yoplait Yop 1% Drinkable Yogurt, Tropical, Yogurt Drink 200 ml, $0.50/100ml",
        "price_product_tile": "$1.00$1.00"
    },
    {
        "id": 11,
        "name": "Yop 1% Drinkable Yogurt, Peach, Yogurt Drink",
        "price": "200 ml, $0.50/100ml",
        "brand": "Yoplait",
        "image_url": "https://assets.shop.loblaws.ca/products/21478288/b3/en/front/21478288_front_a06_@2.png",
        "image_alt": "Yoplait Yop 1% Drinkable Yogurt, Peach, Yogurt Drink 200 ml, $0.50/100ml",
        "price_product_tile": "$1.00$1.00"
    },
    {
        "id": 12,
        "name": "Nano Drinkable Yogurt, Lactose Free, Apple-Grape 1%",
        "price": "6x93.0 ml, $0.82/100ml",
        "brand": "IOGO",
        "image_url": "https://assets.shop.loblaws.ca/products/21349902/b3/en/front/21349902_front_a06_@2.png",
        "image_alt": "IOGO Nano Drinkable Yogurt, Lactose Free, Apple-Grape 1% 6x93.0 ml, $0.82/100ml",
        "price_product_tile": "$4.59$4.59"
    },
    {
        "id": 13,
        "name": "Yop 1.5% Drinkable Yogurt Pack, Strawberry Raspberry, Yogurt Drinks, No Added Sugar",
        "price": "8x93.0 ml, $0.79/100ml",
        "brand": "Yoplait",
        "image_url": "https://assets.shop.loblaws.ca/products/21390088/b3/en/front/21390088_front_a06_@2.png",
        "image_alt": "Yoplait Yop 1.5% Drinkable Yogurt Pack, Strawberry Raspberry, Yogurt Drinks, No Added Sugar 8x93.0 ml, $0.79/100ml",
        "price_product_tile": "$5.89$5.89$6.99$6.99SAVE $1.10"
    },
    {
        "id": 14,
        "name": "Yop 1.5% Drinkable Yogurt Pack, Strawberry Banana, Yogurt Drinks, No Added Sugar",
        "price": "8x93.0 ml, $0.79/100ml",
        "brand": "Yoplait",
        "image_url": "https://assets.shop.loblaws.ca/products/21390111/b3/en/front/21390111_front_a06_@2.png",
        "image_alt": "Yoplait Yop 1.5% Drinkable Yogurt Pack, Strawberry Banana, Yogurt Drinks, No Added Sugar 8x93.0 ml, $0.79/100ml",
        "price_product_tile": "$5.89$5.89$6.99$6.99SAVE $1.10"
    },
    {
        "id": 15,
        "name": "Danino Strawberry-Banana Flavoured Paw Patrol Yogurt Drink for Kids, 6x93ml",
        "price": "558 ml, $0.63/100ml",
        "brand": "Danone",
        "image_url": "https://assets.shop.loblaws.ca/products/21520250/b3/en/front/21520250_front_a06_@2.png",
        "image_alt": "Danone Danino Strawberry-Banana Flavoured Paw Patrol Yogurt Drink for Kids, 6x93ml 558 ml, $0.63/100ml",
        "price_product_tile": "$3.49$3.49"
    },
    {
        "id": 16,
        "name": "Yop 1% Drinkable Yogurt, Strawberry Raspberry, Lactose Free Yogurt Drink",
        "price": "200 ml, $0.50/100ml",
        "brand": "Yoplait",
        "image_url": "https://assets.shop.loblaws.ca/products/21478479/b3/en/front/21478479_front_a06_@2.png",
        "image_alt": "Yoplait Yop 1% Drinkable Yogurt, Strawberry Raspberry, Lactose Free Yogurt Drink 200 ml, $0.50/100ml",
        "price_product_tile": "$1.00$1.00"
    },
    {
        "id": 17,
        "name": "Plain Kefir Probiotic Fermented 1% M.F. Milk",
        "price": "1 l, $0.45/100ml",
        "brand": "President's Choice",
        "image_url": "https://assets.shop.loblaws.ca/products/20840914003/b3/en/front/20840914003_front_a06_@2.png",
        "image_alt": "President's Choice Plain Kefir Probiotic Fermented 1% M.F. Milk 1 l, $0.45/100ml",
        "price_product_tile": "$4.49$4.49"
    },
    {
        "id": 18,
        "name": "Plain Yogurt 6%, Balkan Style",
        "price": "750 g, $0.47/100g",
        "brand": "Astro",
        "image_url": "https://assets.shop.loblaws.ca/products/20165226001/b3/en/front/20165226001_front_a06_@2.png",
        "image_alt": "Astro Plain Yogurt 6%, Balkan Style 750 g, $0.47/100g",
        "price_product_tile": "$3.49$3.49"
    },
    {
        "id": 19,
        "name": "Danino Raspberry Flavoured Drinkable Yogurt, 6 bottles",
        "price": "558 ml, $0.63/100ml",
        "brand": "Danone",
        "image_url": "https://assets.shop.loblaws.ca/products/21520245/b3/en/front/21520245_front_a06_@2.png",
        "image_alt": "Danone Danino Raspberry Flavoured Drinkable Yogurt, 6 bottles 558 ml, $0.63/100ml",
        "price_product_tile": "$3.49$3.49"
    },
    {
        "id": 20,
        "name": "Danino Strawberry Flavoured Drinkable Yogurt, 6 bottles",
        "price": "6x93.0 ml, $3.75/100ml",
        "brand": "Danone",
        "image_url": "https://assets.shop.loblaws.ca/products/21520253/b3/en/front/21520253_front_a06_@2.png",
        "image_alt": "Danone Danino Strawberry Flavoured Drinkable Yogurt, 6 bottles 6x93.0 ml, $3.75/100ml",
        "price_product_tile": "$3.49$3.49"
    },
    {
        "id": 21,
        "name": "Probiotic Yogurt, Mixed Berries, Drinkable Yogurt, 8 Pack",
        "price": "8x93.0 ml, $0.81/100ml",
        "brand": "Activia",
        "image_url": "https://assets.shop.loblaws.ca/products/21108458/b3/en/front/21108458_front_a06_@2.png",
        "image_alt": "Activia Probiotic Yogurt, Mixed Berries, Drinkable Yogurt, 8 Pack 8x93.0 ml, $0.81/100ml",
        "price_product_tile": "$5.99$5.99"
    },
    {
        "id": 22,
        "name": "Drinkable Greek Yogurt High Protein, Strawberry flavoured",
        "price": "190 ml, $0.79/100ml",
        "brand": "Oikos",
        "image_url": "https://assets.shop.loblaws.ca/products/21588614/b3/en/front/21588614_front_a06_@2.png",
        "image_alt": "Oikos Drinkable Greek Yogurt High Protein, Strawberry flavoured 190 ml, $0.79/100ml",
        "price_product_tile": "$1.50$1.50"
    },
    {
        "id": 23,
        "name": "Yogurt With Probiotics, Vanilla Flavour",
        "price": "650 g, $0.71/100g",
        "brand": "Activia",
        "image_url": "https://assets.shop.loblaws.ca/products/20325132003/b3/en/front/20325132003_front_a06_@2.png",
        "image_alt": "Activia Yogurt With Probiotics, Vanilla Flavour 650 g, $0.71/100g",
        "price_product_tile": "$4.59$4.59"
    },
    {
        "id": 24,
        "name": "1% Kefir, Plain",
        "price": "1000 ml, $0.55/100ml",
        "brand": "Liberte",
        "image_url": "https://assets.shop.loblaws.ca/products/21216416/b3/en/front/21216416_front_a06_@2.png",
        "image_alt": "Liberte 1% Kefir, Plain 1000 ml, $0.55/100ml",
        "price_product_tile": "$5.49$5.49"
    },
    {
        "id": 25,
        "name": "Drinkable Greek Yogurt High Protein, Vanilla flavoured",
        "price": "190 ml, $0.79/100ml",
        "brand": "Oikos",
        "image_url": "https://assets.shop.loblaws.ca/products/21588703/b3/en/front/21588703_front_a06_@2.png",
        "image_alt": "Oikos Drinkable Greek Yogurt High Protein, Vanilla flavoured 190 ml, $0.79/100ml",
        "price_product_tile": "$1.50$1.50"
    },
    {
        "id": 26,
        "name": "Danino Vanilla Flavoured Drinkable Yogurt for Kids, 6 Bottles",
        "price": "558 ml, $0.63/100ml",
        "brand": "Danone",
        "image_url": "https://assets.shop.loblaws.ca/products/21520257/b3/en/front/21520257_front_a06_@2.png",
        "image_alt": "Danone Danino Vanilla Flavoured Drinkable Yogurt for Kids, 6 Bottles 558 ml, $0.63/100ml",
        "price_product_tile": "$3.49$3.49"
    },
    {
        "id": 27,
        "name": "Strawberry Kefir Probiotic Fermented 1% M.F. Milk",
        "price": "1 l, $0.45/100ml",
        "brand": "President's Choice",
        "image_url": "https://assets.shop.loblaws.ca/products/20840914002/b3/en/front/20840914002_front_a06_@2.png",
        "image_alt": "President's Choice Strawberry Kefir Probiotic Fermented 1% M.F. Milk 1 l, $0.45/100ml",
        "price_product_tile": "$4.49$4.49"
    },
    {
        "id": 28,
        "name": "Probiotic Smoothie, Blueberry, Strawberry, & Beet, Drinkable Yogurt",
        "price": "190 ml, $0.79/100ml",
        "brand": "Activia",
        "image_url": "https://assets.shop.loblaws.ca/products/21348503/b3/en/front/21348503_front_a06_@2.png",
        "image_alt": "Activia Probiotic Smoothie, Blueberry, Strawberry, & Beet, Drinkable Yogurt 190 ml, $0.79/100ml",
        "price_product_tile": "$1.50$1.50"
    },
    {
        "id": 29,
        "name": "Organic Plain Kefir Probiotic Fermented 1% M.F. Milk",
        "price": "1 l, $0.65/100ml",
        "brand": "PC Organics",
        "image_url": "https://assets.shop.loblaws.ca/products/20944278/b3/en/front/20944278_front_a06_@2.png",
        "image_alt": "PC Organics Organic Plain Kefir Probiotic Fermented 1% M.F. Milk 1 l, $0.65/100ml",
        "price_product_tile": "$6.49$6.49"
    },
    {
        "id": 30,
        "name": "Dairy-Free Coconut Milk Kefir",
        "price": "1000 ml, $0.65/100ml",
        "brand": "PC Organics",
        "image_url": "https://assets.shop.loblaws.ca/products/21105766/b3/en/front/21105766_front_a06_@2.png",
        "image_alt": "PC Organics Dairy-Free Coconut Milk Kefir 1000 ml, $0.65/100ml",
        "price_product_tile": "$6.49$6.49"
    },
    {
        "id": 31,
        "name": "Greek Yogurt, Key Lime Flavour, 2% M.F., Blended",
        "price": "4x100.0 g, $0.97/100g",
        "brand": "Oikos",
        "image_url": "https://assets.shop.loblaws.ca/products/20419715004/b3/en/front/20419715004_front_a06_@2.png",
        "image_alt": "Oikos Greek Yogurt, Key Lime Flavour, 2% M.F., Blended 4x100.0 g, $0.97/100g",
        "price_product_tile": "$3.89$3.89"
    },
    {
        "id": 32,
        "name": "Plain Greek Yogurt 0%",
        "price": "750 g, $0.67/100g",
        "brand": "President's Choice",
        "image_url": "https://assets.shop.loblaws.ca/products/21518484/b3/en/front/21518484_front_a06_@2.png",
        "image_alt": "President's Choice Plain Greek Yogurt 0% 750 g, $0.67/100g",
        "price_product_tile": "$5.00$5.00"
    },
    {
        "id": 33,
        "name": "Drinkable Greek Yogurt With Field Berries, Oats, & Seeds, 9G Protein",
        "price": "190 ml, $0.79/100ml",
        "brand": "Oikos",
        "image_url": "https://assets.shop.loblaws.ca/products/21396076/b3/en/front/21396076_front_a06_@2.png",
        "image_alt": "Oikos Drinkable Greek Yogurt With Field Berries, Oats, & Seeds, 9G Protein 190 ml, $0.79/100ml",
        "price_product_tile": "$1.50$1.50"
    },
    {
        "id": 34,
        "name": "Immune System, Probiotic Drinkable Yogurt, Vanilla, 8 Bottles",
        "price": "744 ml, $0.81/100ml",
        "brand": "Activia",
        "image_url": "https://assets.shop.loblaws.ca/products/21520273/b3/en/front/21520273_front_a06_@2.png",
        "image_alt": "Activia Immune System, Probiotic Drinkable Yogurt, Vanilla, 8 Bottles 744 ml, $0.81/100ml",
        "price_product_tile": "$5.99$5.99"
    },
    {
        "id": 35,
        "name": "Immune System, Probiotic Drinkable Yogurt, Strawberry Banana, 8X",
        "price": "8x93.0 ml, $0.81/100ml",
        "brand": "Activia",
        "image_url": "https://assets.shop.loblaws.ca/products/21430512/b3/en/front/21430512_front_a06_@2.png",
        "image_alt": "Activia Immune System, Probiotic Drinkable Yogurt, Strawberry Banana, 8X 8x93.0 ml, $0.81/100ml",
        "price_product_tile": "$5.99$5.99"
    },
    {
        "id": 36,
        "name": "Probiotic Smoothie, Blueberry Banana",
        "price": "190 ml, $0.79/100ml",
        "brand": "Activia",
        "image_url": "https://assets.shop.loblaws.ca/products/21547648/b3/en/front/21547648_front_a06_@2.png",
        "image_alt": "Activia Probiotic Smoothie, Blueberry Banana 190 ml, $0.79/100ml",
        "price_product_tile": "$1.50$1.50"
    },
    {
        "id": 37,
        "name": "Vanilla Kefir",
        "price": "1000 ml, $0.45/100ml",
        "brand": "President's Choice",
        "image_url": "https://assets.shop.loblaws.ca/products/20939815/b3/en/front/20939815_front_a06_@2.png",
        "image_alt": "President's Choice Vanilla Kefir 1000 ml, $0.45/100ml",
        "price_product_tile": "$4.49$4.49"
    },
    {
        "id": 38,
        "name": "Greek 0% Yogurt, Plain, High Protein",
        "price": "750 g, $0.79/100g",
        "brand": "Liberte",
        "image_url": "https://assets.shop.loblaws.ca/products/20642273/b3/en/front/20642273_front_a06_@2.png",
        "image_alt": "Liberte Greek 0% Yogurt, Plain, High Protein 750 g, $0.79/100g",
        "price_product_tile": "$5.89$5.89$6.99$6.99SAVE $1.10"
    },
    {
        "id": 39,
        "name": "Yogurt With Probiotics, Vanilla Flavour",
        "price": "8x100.0 g, $0.47/100g",
        "brand": "Activia",
        "image_url": "https://assets.shop.loblaws.ca/products/20325384002/b3/en/front/20325384002_front_a06_@2.png",
        "image_alt": "Activia Yogurt With Probiotics, Vanilla Flavour 8x100.0 g, $0.47/100g",
        "price_product_tile": "$3.79$3.79$4.00$4.00SAVE $0.21"
    },
    {
        "id": 40,
        "name": "Lassi Yogurt Smoothie, Sweet",
        "price": "1 l, $0.30/100ml",
        "brand": "Hans",
        "image_url": "https://assets.shop.loblaws.ca/products/20094676/b3/en/front/20094676_front_a06_@2.png",
        "image_alt": "Hans Lassi Yogurt Smoothie, Sweet 1 l, $0.30/100ml",
        "price_product_tile": "$2.99$2.99"
    },
    {
        "id": 41,
        "name": "Plain Yogurt 1%, Balkan Style",
        "price": "750 g, $0.47/100g",
        "brand": "Astro",
        "image_url": "https://assets.shop.loblaws.ca/products/20315501/b3/en/front/20315501_front_a06_@2.png",
        "image_alt": "Astro Plain Yogurt 1%, Balkan Style 750 g, $0.47/100g",
        "price_product_tile": "$3.49$3.49"
    },
    {
        "id": 42,
        "name": "Dairy 3.2% Natural Yogurt",
        "price": "750 g, $0.40/100g",
        "brand": "Hans",
        "image_url": "https://assets.shop.loblaws.ca/products/20092811/b3/en/front/20092811_front_a06_@2.png",
        "image_alt": "Hans Dairy 3.2% Natural Yogurt 750 g, $0.40/100g",
        "price_product_tile": "$2.99$2.99"
    },
    {
        "id": 43,
        "name": "Halal 2% Plain Probiotic Yogurt",
        "price": "750 g, $0.33/100g",
        "brand": "Sufra",
        "image_url": "https://assets.shop.loblaws.ca/products/21246554/b3/en/front/21246554_front_a06_@2.png",
        "image_alt": "Sufra Halal 2% Plain Probiotic Yogurt 750 g, $0.33/100g",
        "price_product_tile": "$2.49$2.49"
    },
    {
        "id": 44,
        "name": "Probiotics Yogurt, Yellow Apple/Apricot/Mango/Peach",
        "price": "12x100.0 g, $0.46/100g",
        "brand": "Activia",
        "image_url": "https://assets.shop.loblaws.ca/products/20640892/b3/en/front/20640892_front_a06_@2.png",
        "image_alt": "Activia Probiotics Yogurt, Yellow Apple/Apricot/Mango/Peach 12x100.0 g, $0.46/100g",
        "price_product_tile": "$5.50$5.50"
    },
    {
        "id": 45,
        "name": "M\u00e9diterran\u00e9e Yogourt Mango 9 % M.F.",
        "price": "500 g, $0.86/100g",
        "brand": "Liberte",
        "image_url": "https://assets.shop.loblaws.ca/products/21547567/b3/en/front/21547567_front_a06_@2.png",
        "image_alt": "Liberte M\u00e9diterran\u00e9e Yogourt Mango 9 % M.F. 500 g, $0.86/100g",
        "price_product_tile": "$4.29$4.29"
    },
    {
        "id": 46,
        "name": "Creamy Stirred Yogurt Cups - Strawberry, Raspberry, Blueberry & Peach",
        "price": "16x100.0 g, $0.36/100g",
        "brand": "President's Choice",
        "image_url": "https://assets.shop.loblaws.ca/products/20699925002/b3/en/front/20699925002_front_a06_@2.png",
        "image_alt": "President's Choice Creamy Stirred Yogurt Cups - Strawberry, Raspberry, Blueberry & Peach  16x100.0 g, $0.36/100g",
        "price_product_tile": "$5.79$5.79"
    },
    {
        "id": 47,
        "name": "Source 0% Smooth Traditional Yogurt, Raspberry, No Added Sugar",
        "price": "630 g, $0.42/100g",
        "brand": "Yoplait",
        "image_url": "https://assets.shop.loblaws.ca/products/21391318005/b3/en/front/21391318005_front_a06_@2.png",
        "image_alt": "Yoplait Source 0% Smooth Traditional Yogurt, Raspberry, No Added Sugar 630 g, $0.42/100g",
        "price_product_tile": "$2.65$2.65"
    },
    {
        "id": 48,
        "name": "M\u00e9diterran\u00e9e 9% Yogurt, Strawberry",
        "price": "500 g, $0.86/100g",
        "brand": "Liberte",
        "image_url": "https://assets.shop.loblaws.ca/products/20788062003/b3/en/front/20788062003_front_a06_@2.png",
        "image_alt": "Liberte M\u00e9diterran\u00e9e 9% Yogurt, Strawberry 500 g, $0.86/100g",
        "price_product_tile": "$4.29$4.29"
    },
    {
        "id": 49,
        "name": "Yogurt With Probiotics, Mango Flavour Tub",
        "price": "650 g, $0.71/100g",
        "brand": "Activia",
        "image_url": "https://assets.shop.loblaws.ca/products/21429094/b3/en/front/21429094_front_a06_@2.png",
        "image_alt": "Activia Yogurt With Probiotics, Mango Flavour Tub 650 g, $0.71/100g",
        "price_product_tile": "$4.59$4.59"
    },
    {
        "id": 50,
        "name": "M\u00e9diterran\u00e9e 9% Yogurt, Strawberry",
        "price": "500 g, $0.86/100g",
        "brand": "Liberte",
        "image_url": "https://assets.shop.loblaws.ca/products/20788062003/b3/en/front/20788062003_front_a06_@2.png",
        "image_alt": "Liberte M\u00e9diterran\u00e9e 9% Yogurt, Strawberry 500 g, $0.86/100g",
        "price_product_tile": "$4.29$4.29"
    },
    {
        "id": 51,
        "name": "Probiotic Yogurt, Strawberry/Blueberry/Raspberry/Peach Flavour",
        "price": "12x100.0 g, $0.46/100g",
        "brand": "Activia",
        "image_url": "https://assets.shop.loblaws.ca/products/20303412001/b3/en/front/20303412001_front_a06_@2.png",
        "image_alt": "Activia Probiotic Yogurt, Strawberry/Blueberry/Raspberry/Peach Flavour 12x100.0 g, $0.46/100g",
        "price_product_tile": "$5.50$5.50"
    },
    {
        "id": 52,
        "name": "Vanilla Stirred 0% M.F. Yogurt",
        "price": "650 g, $0.49/100g",
        "brand": "No Name",
        "image_url": "https://assets.shop.loblaws.ca/products/20685773003/b3/en/front/20685773003_front_a06_@2.png",
        "image_alt": "No Name Vanilla Stirred 0% M.F. Yogurt 650 g, $0.49/100g",
        "price_product_tile": "$3.19$3.19"
    },
    {
        "id": 53,
        "name": "Plain Stirred 0% M.F. Yogurt",
        "price": "750 g, $0.43/100g",
        "brand": "No Name",
        "image_url": "https://assets.shop.loblaws.ca/products/20685942/b3/en/front/20685942_front_a06_@2.png",
        "image_alt": "No Name Plain Stirred 0% M.F. Yogurt 750 g, $0.43/100g",
        "price_product_tile": "$3.19$3.19"
    },
    {
        "id": 54,
        "name": "Tubes Yogurt Raspberry Flavour 1% M.F.",
        "price": "448 g, $0.59/100g",
        "brand": "Yoplait",
        "image_url": "https://assets.shop.loblaws.ca/products/21547597/b3/en/front/21547597_front_a06_@2.png",
        "image_alt": "Yoplait Tubes Yogurt Raspberry Flavour 1% M.F. 448 g, $0.59/100g",
        "price_product_tile": "$2.65$2.65"
    },
    {
        "id": 55,
        "name": "3.25% M.F. Dahi Yogurt",
        "price": "750 g, $0.37/100g",
        "brand": "Suraj",
        "image_url": "https://assets.shop.loblaws.ca/products/20959052/b3/en/front/20959052_front_a06_@2.png",
        "image_alt": "Suraj 3.25% M.F. Dahi Yogurt 750 g, $0.37/100g",
        "price_product_tile": "$2.79$2.79"
    },
    {
        "id": 56,
        "name": "M\u00e9diterran\u00e9e Yogourt Key Lime Pie 9 % M.F.",
        "price": "500 g, $0.86/100g",
        "brand": "Liberte",
        "image_url": "https://assets.shop.loblaws.ca/products/21547564/b3/en/front/21547564_front_a06_@2.png",
        "image_alt": "Liberte M\u00e9diterran\u00e9e Yogourt Key Lime Pie 9 % M.F. 500 g, $0.86/100g",
        "price_product_tile": "$4.29$4.29"
    },
    {
        "id": 57,
        "name": "Creamy Stirred Yogurt Cups - Strawberry, Raspberry, Blueberry & Peach",
        "price": "16x100.0 g, $0.36/100g",
        "brand": "President's Choice",
        "image_url": "https://assets.shop.loblaws.ca/products/20699925002/b3/en/front/20699925002_front_a06_@2.png",
        "image_alt": "President's Choice Creamy Stirred Yogurt Cups - Strawberry, Raspberry, Blueberry & Peach  16x100.0 g, $0.36/100g",
        "price_product_tile": "$5.79$5.79"
    },
    {
        "id": 58,
        "name": "Stirred Yogurts 0 % M.F.",
        "price": "12x100.0 g, $0.37/100g",
        "brand": "No Name",
        "image_url": "https://assets.shop.loblaws.ca/products/20685574001/b3/en/front/20685574001_front_a06_@2.png",
        "image_alt": "No Name Stirred Yogurts 0 % M.F. 12x100.0 g, $0.37/100g",
        "price_product_tile": "$4.49$4.49"
    },
    {
        "id": 59,
        "name": "Strawberry Watermelon Cream Pop  2% Greek Yogurt",
        "price": "400 g, $1.05/100g",
        "brand": "President's Choice",
        "image_url": "https://assets.shop.loblaws.ca/products/21575858/b3/en/front/21575858_front_a06_@2.png",
        "image_alt": "President's Choice Strawberry Watermelon Cream Pop  2% Greek Yogurt  400 g, $1.05/100g",
        "price_product_tile": "$4.19$4.19"
    },
    {
        "id": 60,
        "name": "Greek 2% Vanilla Bean Yogurt Crunch Cups with Dark Chocolate, Salted Almonds, and Caramel Toppings, 130 g, 2 ct",
        "price": "2x130.0 g, $1.61/100g",
        "brand": "Liberte",
        "image_url": "https://assets.shop.loblaws.ca/products/21041543002/b3/en/front/21041543002_front_a06_@2.png",
        "image_alt": "Liberte Greek 2% Vanilla Bean Yogurt Crunch Cups with Dark Chocolate, Salted Almonds, and Caramel Toppings, 130 g, 2 ct 2x130.0 g, $1.61/100g",
        "price_product_tile": "$4.19$4.19"
    },
    {
        "id": 61,
        "name": "Greek 2% Yogurt, Vanilla, High Protein",
        "price": "750 g, $0.79/100g",
        "brand": "Liberte",
        "image_url": "https://assets.shop.loblaws.ca/products/20704361002/b3/en/front/20704361002_front_a06_@2.png",
        "image_alt": "Liberte Greek 2% Yogurt, Vanilla, High Protein 750 g, $0.79/100g",
        "price_product_tile": "$5.89$5.89$6.99$6.99SAVE $1.10"
    },
    {
        "id": 62,
        "name": "Source 0% Smooth Traditional Yogurt, Cherry, No Added Sugar",
        "price": "630 g, $0.42/100g",
        "brand": "Yoplait",
        "image_url": "https://assets.shop.loblaws.ca/products/21391318002/b3/en/front/21391318002_front_a06_@2.png",
        "image_alt": "Yoplait Source 0% Smooth Traditional Yogurt, Cherry, No Added Sugar 630 g, $0.42/100g",
        "price_product_tile": "$2.65$2.65"
    },
    {
        "id": 63,
        "name": "Greek 5% Extra Creamy Yogurt, Vanilla Bean, High Protein",
        "price": "650 g, $0.91/100g",
        "brand": "Liberte",
        "image_url": "https://assets.shop.loblaws.ca/products/21353463/b3/en/front/21353463_front_a06_@2.png",
        "image_alt": "Liberte Greek 5% Extra Creamy Yogurt, Vanilla Bean, High Protein 650 g, $0.91/100g",
        "price_product_tile": "$5.89$5.89$6.99$6.99SAVE $1.10"
    },
    {
        "id": 64,
        "name": "Yogurt With Probiotics, Prune Flavour",
        "price": "650 g, $0.71/100g",
        "brand": "Activia",
        "image_url": "https://assets.shop.loblaws.ca/products/20325132002/b3/en/front/20325132002_front_a06_@2.png",
        "image_alt": "Activia Yogurt With Probiotics, Prune Flavour 650 g, $0.71/100g",
        "price_product_tile": "$4.59$4.59"
    },
    {
        "id": 65,
        "name": "Organic Greek Yogurt, Plain",
        "price": "500 g, $1.20/100g",
        "brand": "PC Organics",
        "image_url": "https://assets.shop.loblaws.ca/products/20774037001/b3/en/front/20774037001_front_a06_@2.png",
        "image_alt": "PC Organics Organic Greek Yogurt, Plain 500 g, $1.20/100g",
        "price_product_tile": "$5.99$5.99"
    },
    {
        "id": 66,
        "name": "Plain Yogurt 0%, Balkan Style",
        "price": "750 g, $0.47/100g",
        "brand": "Astro",
        "image_url": "https://assets.shop.loblaws.ca/products/20170533003/b3/en/front/20170533003_front_a06_@2.png",
        "image_alt": "Astro Plain Yogurt 0%, Balkan Style 750 g, $0.47/100g",
        "price_product_tile": "$3.49$3.49"
    },
    {
        "id": 67,
        "name": "Probiotics Yogurt Fiber Plain",
        "price": "625 g, $0.73/100g",
        "brand": "Activia",
        "image_url": "https://assets.shop.loblaws.ca/products/21588667/b3/en/front/21588667_front_a06_@2.png",
        "image_alt": "Activia Probiotics Yogurt Fiber Plain 625 g, $0.73/100g",
        "price_product_tile": "$4.59$4.59"
    },
    {
        "id": 68,
        "name": "Greek Yogurt, Blueberry Flavour, Fruit On The Bottom, 2% M.F.",
        "price": "4x100.0 g, $0.97/100g",
        "brand": "Oikos",
        "image_url": "https://assets.shop.loblaws.ca/products/20419715003/b3/en/front/20419715003_front_a06_@2.png",
        "image_alt": "Oikos Greek Yogurt, Blueberry Flavour, Fruit On The Bottom, 2% M.F. 4x100.0 g, $0.97/100g",
        "price_product_tile": "$3.89$3.89"
    },
    {
        "id": 69,
        "name": "Skyr Yogurt Vanilla 0%, High Protein",
        "price": "750 g, $0.87/100g",
        "brand": "siggi's",
        "image_url": "https://assets.shop.loblaws.ca/products/21353874/b3/en/front/21353874_front_a06_@2.png",
        "image_alt": "siggi's Skyr Yogurt Vanilla 0%, High Protein 750 g, $0.87/100g",
        "price_product_tile": "$6.49$6.49"
    },
    {
        "id": 70,
        "name": "Source 0% Smooth Traditional Yogurt Cups Variety Pack, No Added Sugar",
        "price": "16x100.0 g, $0.47/100g",
        "brand": "Yoplait",
        "image_url": "https://assets.shop.loblaws.ca/products/20310980001/b3/en/front/20310980001_front_a06_@2.png",
        "image_alt": "Yoplait Source 0% Smooth Traditional Yogurt Cups Variety Pack, No Added Sugar 16x100.0 g, $0.47/100g",
        "price_product_tile": "$7.49$7.49"
    },
    {
        "id": 71,
        "name": "Greek 2% Extra Fruit Black Cherry Raspberry, High Protein",
        "price": "650 g, $0.91/100g",
        "brand": "Liberte",
        "image_url": "https://assets.shop.loblaws.ca/products/21520309/b3/en/front/21520309_front_a06_@2.png",
        "image_alt": "Liberte Greek 2% Extra Fruit Black Cherry Raspberry, High Protein 650 g, $0.91/100g",
        "price_product_tile": "$5.89$5.89$6.99$6.99SAVE $1.10"
    },
    {
        "id": 72,
        "name": "Source 0% Smooth Traditional Yogurt, Vanilla, No Added Sugar",
        "price": "630 g, $0.42/100g",
        "brand": "Yoplait",
        "image_url": "https://assets.shop.loblaws.ca/products/21391318001/b3/en/front/21391318001_front_a06_@2.png",
        "image_alt": "Yoplait Source 0% Smooth Traditional Yogurt, Vanilla, No Added Sugar 630 g, $0.42/100g",
        "price_product_tile": "$2.65$2.65"
    },
    {
        "id": 73,
        "name": "Source 0% Smooth Traditional Yogurt, Strawberry, No Added Sugar",
        "price": "630 g, $0.42/100g",
        "brand": "Yoplait",
        "image_url": "https://assets.shop.loblaws.ca/products/21391318006/b3/en/front/21391318006_front_a06_@2.png",
        "image_alt": "Yoplait Source 0% Smooth Traditional Yogurt, Strawberry, No Added Sugar 630 g, $0.42/100g",
        "price_product_tile": "$2.65$2.65"
    },
    {
        "id": 74,
        "name": "Plain Yogurt, Balkan 6%",
        "price": "550 g, $1.54/100g",
        "brand": "Icim",
        "image_url": "https://assets.shop.loblaws.ca/products/21367589/b3/en/front/21367589_front_a06_@2.png",
        "image_alt": "Icim Plain Yogurt, Balkan 6% 550 g, $1.54/100g",
        "price_product_tile": "$8.49$8.49"
    },
    {
        "id": 75,
        "name": "Authentic 3.2 % Mf Dahi",
        "price": "750 g, $0.40/100g",
        "brand": "Modhani",
        "image_url": "https://assets.shop.loblaws.ca/products/21418597/b3/en/front/21418597_front_a06_@2.png",
        "image_alt": "Modhani Authentic 3.2 % Mf Dahi 750 g, $0.40/100g",
        "price_product_tile": "$2.99$2.99"
    },
    {
        "id": 76,
        "name": "Yogurt Drink Mango Fat Free 0 % M.F.",
        "price": "1 l, $0.35/100ml",
        "brand": "Hans",
        "image_url": "https://assets.shop.loblaws.ca/products/21369906/b3/en/front/21369906_front_a06_@2.png",
        "image_alt": "Hans Yogurt Drink Mango Fat Free 0 % M.F. 1 l, $0.35/100ml",
        "price_product_tile": "$3.49$3.49"
    },
    {
        "id": 77,
        "name": "Halal  Plain Probiotic 3% M.F. Yogurt",
        "price": "750 g, $0.33/100g",
        "brand": "Sufra",
        "image_url": "https://assets.shop.loblaws.ca/products/21246557/b3/en/front/21246557_front_a06_@2.png",
        "image_alt": "Sufra Halal  Plain Probiotic 3% M.F. Yogurt 750 g, $0.33/100g",
        "price_product_tile": "$2.49$2.49"
    },
    {
        "id": 78,
        "name": "Goat Yogurt, Plain 4.9%",
        "price": "500 g, $1.30/100ml",
        "brand": "Riviera",
        "image_url": "https://assets.shop.loblaws.ca/products/20977480/b3/en/front/20977480_front_a06_@2.png",
        "image_alt": "Riviera Goat Yogurt, Plain 4.9% 500 g, $1.30/100ml",
        "price_product_tile": "$6.49$6.49"
    },
    {
        "id": 79,
        "name": "High Protein Greek Yogurt, Vanilla Flavour, Blended, Value Tub",
        "price": "650 g, $0.92/100g",
        "brand": "Oikos",
        "image_url": "https://assets.shop.loblaws.ca/products/21305946/b3/en/front/21305946_front_a06_@2.png",
        "image_alt": "Oikos High Protein Greek Yogurt, Vanilla Flavour, Blended, Value Tub 650 g, $0.92/100g",
        "price_product_tile": "$5.99$5.99"
    },
    {
        "id": 80,
        "name": "Halal Yogurt, Plain 3%",
        "price": "750 g, $0.33/100g",
        "brand": "Khaas",
        "image_url": "https://assets.shop.loblaws.ca/products/20343515/b3/en/front/20343515_front_a06_@2.png",
        "image_alt": "Khaas Halal Yogurt, Plain 3% 750 g, $0.33/100g",
        "price_product_tile": "$2.49$2.49"
    },
    {
        "id": 81,
        "name": "0% Yogurt Zero, Strawberry, Blueberry, Peach, and Vanilla",
        "price": "16x100.0 g, $0.39/100g",
        "brand": "IOGO",
        "image_url": "https://assets.shop.loblaws.ca/products/20606778002/b3/en/front/20606778002_front_a06_@2.png",
        "image_alt": "IOGO 0% Yogurt Zero, Strawberry, Blueberry, Peach, and Vanilla 16x100.0 g, $0.39/100g",
        "price_product_tile": "$6.29$6.29"
    },
    {
        "id": 82,
        "name": "Fat Free Greek Yogurt, Vanilla Flavour, Blended, 0% M.F.",
        "price": "750 g, $0.80/100g",
        "brand": "Oikos",
        "image_url": "https://assets.shop.loblaws.ca/products/21006667/b3/en/front/21006667_front_a06_@2.png",
        "image_alt": "Oikos Fat Free Greek Yogurt, Vanilla Flavour, Blended, 0% M.F. 750 g, $0.80/100g",
        "price_product_tile": "$5.99$5.99"
    },
    {
        "id": 83,
        "name": "Banana 2% M.F. Greek Yogurt",
        "price": "4x100.0 g, $1.05/100g",
        "brand": "President's Choice",
        "image_url": "https://assets.shop.loblaws.ca/products/21347778/b3/en/front/21347778_front_a06_@2.png",
        "image_alt": "President's Choice Banana 2% M.F. Greek Yogurt 4x100.0 g, $1.05/100g",
        "price_product_tile": "$4.19$4.19"
    },
    {
        "id": 84,
        "name": "Krema Yogurt, Plain 10%",
        "price": "650 g, $0.92/100g",
        "brand": "Olympic",
        "image_url": "https://assets.shop.loblaws.ca/products/20588372002/b3/en/front/20588372002_front_a06_@2.png",
        "image_alt": "Olympic Krema Yogurt, Plain 10% 650 g, $0.92/100g",
        "price_product_tile": "$5.99$5.99"
    },
    {
        "id": 85,
        "name": "Skyr Yogurt Vanilla 2%, High Protein, 4 units",
        "price": "400 g, $1.25/100g",
        "brand": "siggi's",
        "image_url": "https://assets.shop.loblaws.ca/products/21590027/b3/en/front/21590027_front_a06_@2.png",
        "image_alt": "siggi's Skyr Yogurt Vanilla 2%, High Protein, 4 units 400 g, $1.25/100g",
        "price_product_tile": "$4.99$4.99"
    },
    {
        "id": 86,
        "name": "Organic Yogurt, Plain 3.5%",
        "price": "650 g, $0.92/100g",
        "brand": "Olympic",
        "image_url": "https://assets.shop.loblaws.ca/products/20316485005/b3/en/front/20316485005_front_a06_@2.png",
        "image_alt": "Olympic Organic Yogurt, Plain 3.5% 650 g, $0.92/100g",
        "price_product_tile": "$5.99$5.99"
    },
    {
        "id": 87,
        "name": "2% M.F. Dahi Yogurt",
        "price": "750 g, $0.37/100g",
        "brand": "Suraj",
        "image_url": "https://assets.shop.loblaws.ca/products/20958145/b3/en/front/20958145_front_a06_@2.png",
        "image_alt": "Suraj 2% M.F. Dahi Yogurt 750 g, $0.37/100g",
        "price_product_tile": "$2.79$2.79"
    },
    {
        "id": 88,
        "name": "Yogurt With Probiotics, Plain 3.2% M/F.",
        "price": "650 g, $0.71/100g",
        "brand": "Activia",
        "image_url": "https://assets.shop.loblaws.ca/products/21043151001/b3/en/front/21043151001_front_a06_@2.png",
        "image_alt": "Activia Yogurt With Probiotics, Plain 3.2% M/F. 650 g, $0.71/100g",
        "price_product_tile": "$4.59$4.59"
    },
    {
        "id": 89,
        "name": "Greek Yogurt, Plain, No Added Sugar, 2% Mf, Value Tub",
        "price": "750 g, $0.80/100g",
        "brand": "Oikos",
        "image_url": "https://assets.shop.loblaws.ca/products/21006885/b3/en/front/21006885_front_a06_@2.png",
        "image_alt": "Oikos Greek Yogurt, Plain, No Added Sugar, 2% Mf, Value Tub 750 g, $0.80/100g",
        "price_product_tile": "$5.99$5.99"
    },
    {
        "id": 90,
        "name": "Two Good, Plain Low Sugar Yogurt, 1g sugar, 9g Protein",
        "price": "625 g, $0.64/100g",
        "brand": "Danone",
        "image_url": "https://assets.shop.loblaws.ca/products/21477313/b3/en/front/21477313_front_a06_@2.png",
        "image_alt": "Danone Two Good, Plain Low Sugar Yogurt, 1g sugar, 9g Protein 625 g, $0.64/100g",
        "price_product_tile": "$3.99$3.99"
    },
    {
        "id": 91,
        "name": "Lactose Free Plain 2%  M.F. Yogurt",
        "price": "750 g, $0.40/100g",
        "brand": "President's Choice",
        "image_url": "https://assets.shop.loblaws.ca/products/20796737/b3/en/front/20796737_front_a06_@2.png",
        "image_alt": "President's Choice Lactose Free Plain 2%  M.F. Yogurt 750 g, $0.40/100g",
        "price_product_tile": "$2.99$2.99"
    },
    {
        "id": 92,
        "name": "High Protein Greek Yogurt, Strawberry-Raspberry Flavour, Blended, Value Tub",
        "price": "650 g, $0.92/100g",
        "brand": "Oikos",
        "image_url": "https://assets.shop.loblaws.ca/products/21216464/b3/en/front/21216464_front_a06_@2.png",
        "image_alt": "Oikos High Protein Greek Yogurt, Strawberry-Raspberry Flavour, Blended, Value Tub 650 g, $0.92/100g",
        "price_product_tile": "$5.99$5.99"
    },
    {
        "id": 93,
        "name": "0% Yogurt  Zero, Strawberry, Raspberry, Cherry, and Blueberry",
        "price": "16x100.0 g, $0.39/100g",
        "brand": "IOGO",
        "image_url": "https://assets.shop.loblaws.ca/products/20606778001/b3/en/front/20606778001_front_a06_@2.png",
        "image_alt": "IOGO 0% Yogurt  Zero, Strawberry, Raspberry, Cherry, and Blueberry 16x100.0 g, $0.39/100g",
        "price_product_tile": "$6.29$6.29"
    },
    {
        "id": 94,
        "name": "Source 0% Smooth Traditional Yogurt Pack, Vanilla, High Protein,",
        "price": "400 g, $0.66/100g",
        "brand": "Yoplait",
        "image_url": "https://assets.shop.loblaws.ca/products/21588150/b3/en/front/21588150_front_a06_@2.png",
        "image_alt": "Yoplait Source 0% Smooth Traditional Yogurt Pack, Vanilla, High Protein, 400 g, $0.66/100g",
        "price_product_tile": "$2.65$2.65$3.99$3.99SAVE $1.34"
    },
    {
        "id": 95,
        "name": "Plain Greek Yogurt Club Size 2% M.F.",
        "price": "1 kg, $0.68/100g",
        "brand": "President's Choice",
        "image_url": "https://assets.shop.loblaws.ca/products/21520199/b3/en/front/21520199_front_a06_@2.png",
        "image_alt": "President's Choice Plain Greek Yogurt Club Size 2% M.F. 1 kg, $0.68/100g",
        "price_product_tile": "$6.79$6.79"
    },
    {
        "id": 96,
        "name": "Greek Yogurt Plain Flavour 2%",
        "price": "750 g, $0.67/100g",
        "brand": "President's Choice",
        "image_url": "https://assets.shop.loblaws.ca/products/21518407/b3/en/front/21518407_front_a06_@2.png",
        "image_alt": "President's Choice Greek Yogurt Plain Flavour 2%  750 g, $0.67/100g",
        "price_product_tile": "$5.00$5.00"
    },
    {
        "id": 97,
        "name": "Tubes Yogurt Mixed Berry Flavour 1% M.F.",
        "price": "448 g, $0.59/100g",
        "brand": "Yoplait",
        "image_url": "https://assets.shop.loblaws.ca/products/21547587/b3/en/front/21547587_front_a06_@2.png",
        "image_alt": "Yoplait Tubes Yogurt Mixed Berry Flavour 1% M.F. 448 g, $0.59/100g",
        "price_product_tile": "$2.65$2.65"
    },
    {
        "id": 98,
        "name": "M\u00e9diterran\u00e9e 9% Yogurt, Coconut",
        "price": "500 g, $0.86/100g",
        "brand": "Liberte",
        "image_url": "https://assets.shop.loblaws.ca/products/20788062002/b3/en/front/20788062002_front_a06_@2.png",
        "image_alt": "Liberte M\u00e9diterran\u00e9e 9% Yogurt, Coconut 500 g, $0.86/100g",
        "price_product_tile": "$4.29$4.29"
    },
    {
        "id": 99,
        "name": "Greek Yogurt, Strawberry Raspberry, Fruit On The Bottom, 2% M.F.",
        "price": "4x100.0 g, $0.97/100g",
        "brand": "Oikos",
        "image_url": "https://assets.shop.loblaws.ca/products/21430727/b3/en/front/21430727_front_a06_@2.png",
        "image_alt": "Oikos Greek Yogurt, Strawberry Raspberry, Fruit On The Bottom, 2% M.F. 4x100.0 g, $0.97/100g",
        "price_product_tile": "$3.89$3.89"
    },
    {
        "id": 100,
        "name": "Greek Yogurt, Strawberry Flavour, Fruit On The Bottom, 2% M.F.",
        "price": "4x100.0 g, $0.97/100g",
        "brand": "Oikos",
        "image_url": "https://assets.shop.loblaws.ca/products/20419715001/b3/en/front/20419715001_front_a06_@2.png",
        "image_alt": "Oikos Greek Yogurt, Strawberry Flavour, Fruit On The Bottom, 2% M.F. 4x100.0 g, $0.97/100g",
        "price_product_tile": "$3.89$3.89"
    },
    {
        "id": 101,
        "name": "Greek 5% Extra Creamy Yogurt, Strawberry Banana, High Protein",
        "price": "650 g, $0.91/100g",
        "brand": "Liberte",
        "image_url": "https://assets.shop.loblaws.ca/products/21353476/b3/en/front/21353476_front_a06_@2.png",
        "image_alt": "Liberte Greek 5% Extra Creamy Yogurt, Strawberry Banana, High Protein 650 g, $0.91/100g",
        "price_product_tile": "$5.89$5.89$6.99$6.99SAVE $1.10"
    },
    {
        "id": 102,
        "name": "Peach Mango 2% M.F. Greek Yogurt",
        "price": "4x100.0 g, $1.05/100g",
        "brand": "President's Choice",
        "image_url": "https://assets.shop.loblaws.ca/products/21053734/b3/en/front/21053734_front_a06_@2.png",
        "image_alt": "President's Choice Peach Mango 2% M.F. Greek Yogurt 4x100.0 g, $1.05/100g",
        "price_product_tile": "$4.19$4.19"
    },
    {
        "id": 103,
        "name": "Organic 14% M.F. Sour Cream",
        "price": "500 g, $1.10/100g",
        "brand": "PC Organics",
        "image_url": "https://assets.shop.loblaws.ca/products/21021374/b3/en/front/21021374_front_a06_@2.png",
        "image_alt": "PC Organics Organic 14% M.F. Sour Cream 500 g, $1.10/100g",
        "price_product_tile": "$5.49$5.49"
    },
    {
        "id": 104,
        "name": "Greek Yogurt, Plain, No Added Sugar, 2% M.F., 4 Pack",
        "price": "4x100.0 g, $0.97/100g",
        "brand": "Oikos",
        "image_url": "https://assets.shop.loblaws.ca/products/20903842003/b3/en/front/20903842003_front_a06_@2.png",
        "image_alt": "Oikos Greek Yogurt, Plain, No Added Sugar, 2% M.F., 4 Pack 4x100.0 g, $0.97/100g",
        "price_product_tile": "$3.89$3.89"
    },
    {
        "id": 105,
        "name": "Probiotic Yogurt, Blueberry/Vanilla",
        "price": "12x100.0 g, $0.46/100g",
        "brand": "Activia",
        "image_url": "https://assets.shop.loblaws.ca/products/20303412004/b3/en/front/20303412004_front_a06_@2.png",
        "image_alt": "Activia Probiotic Yogurt, Blueberry/Vanilla 12x100.0 g, $0.46/100g",
        "price_product_tile": "$5.50$5.50"
    },
    {
        "id": 106,
        "name": "Probiotic Yogurt, Raspberry/Apple/Blackberry/Strawberry Flavour, 12XG",
        "price": "12x100.0 g, $0.46/100g",
        "brand": "Activia",
        "image_url": "https://assets.shop.loblaws.ca/products/20608924/b3/en/front/20608924_front_a06_@2.png",
        "image_alt": "Activia Probiotic Yogurt, Raspberry/Apple/Blackberry/Strawberry Flavour, 12XG 12x100.0 g, $0.46/100g",
        "price_product_tile": "$5.50$5.50"
    },
    {
        "id": 107,
        "name": "Yogurt With Probiotics, Stawberry Raspberry Flavour",
        "price": "8x100.0 g, $0.47/100g",
        "brand": "Activia",
        "image_url": "https://assets.shop.loblaws.ca/products/20324741002/b3/en/front/20324741002_front_a06_@2.png",
        "image_alt": "Activia Yogurt With Probiotics, Stawberry Raspberry Flavour 8x100.0 g, $0.47/100g",
        "price_product_tile": "$3.79$3.79$4.00$4.00SAVE $0.21"
    },
    {
        "id": 108,
        "name": "Creamy 1% Smooth Traditional Yogurt Cups, Variety Pack with Real Fruit Puree",
        "price": "16x100.0 g, $0.47/100g",
        "brand": "Yoplait",
        "image_url": "https://assets.shop.loblaws.ca/products/20120316002/b3/en/front/20120316002_front_a06_@2.png",
        "image_alt": "Yoplait Creamy 1% Smooth Traditional Yogurt Cups, Variety Pack with Real Fruit Puree 16x100.0 g, $0.47/100g",
        "price_product_tile": "$7.49$7.49"
    },
    {
        "id": 109,
        "name": "Protein Plant-Based Yogurt, Key Lime Flavoured",
        "price": "500 g, $1.20/100g",
        "brand": "Silk",
        "image_url": "https://assets.shop.loblaws.ca/products/21588714/b3/en/front/21588714_front_a06_@2.png",
        "image_alt": "Silk Protein Plant-Based Yogurt, Key Lime Flavoured 500 g, $1.20/100g",
        "price_product_tile": "$5.99$5.99"
    },
    {
        "id": 110,
        "name": "Greek Yogourt Peach Passion Fruit 2 % M.F.",
        "price": "650 g, $0.91/100g",
        "brand": "Liberte",
        "image_url": "https://assets.shop.loblaws.ca/products/21588248/b3/en/front/21588248_front_a06_@2.png",
        "image_alt": "Liberte Greek Yogourt Peach Passion Fruit 2 % M.F. 650 g, $0.91/100g",
        "price_product_tile": "$5.89$5.89$6.99$6.99SAVE $1.10"
    },
    {
        "id": 111,
        "name": "Greek Yogurt, Strawberry-Banana Flavour, Blended, 2% M.F.",
        "price": "4x100.0 g, $0.97/100g",
        "brand": "Oikos",
        "image_url": "https://assets.shop.loblaws.ca/products/21194518/b3/en/front/21194518_front_a06_@2.png",
        "image_alt": "Oikos Greek Yogurt, Strawberry-Banana Flavour, Blended, 2% M.F. 4x100.0 g, $0.97/100g",
        "price_product_tile": "$3.89$3.89"
    },
    {
        "id": 112,
        "name": "Source 0% Smooth Traditional Yogurt Cups Variety Pack, No Added Sugar",
        "price": "16x100.0 g, $0.47/100g",
        "brand": "Yoplait",
        "image_url": "https://assets.shop.loblaws.ca/products/20317317001/b3/en/front/20317317001_front_a06_@2.png",
        "image_alt": "Yoplait Source 0% Smooth Traditional Yogurt Cups Variety Pack, No Added Sugar 16x100.0 g, $0.47/100g",
        "price_product_tile": "$7.49$7.49"
    },
    {
        "id": 113,
        "name": "Drinkable Greek Yogurt With Banana, Oats, & Seeds, 9G Protein",
        "price": "190 ml, $0.79/100ml",
        "brand": "Oikos",
        "image_url": "https://assets.shop.loblaws.ca/products/21401296/b3/en/front/21401296_front_a06_@2.png",
        "image_alt": "Oikos Drinkable Greek Yogurt With Banana, Oats, & Seeds, 9G Protein 190 ml, $0.79/100ml",
        "price_product_tile": "$1.50$1.50"
    },
    {
        "id": 114,
        "name": "Yogurt With Probiotics, Peach Flavour Tub",
        "price": "650 g, $0.71/100g",
        "brand": "Activia",
        "image_url": "https://assets.shop.loblaws.ca/products/21107643/b3/en/front/21107643_front_a06_@2.png",
        "image_alt": "Activia Yogurt With Probiotics, Peach Flavour Tub 650 g, $0.71/100g",
        "price_product_tile": "$4.59$4.59"
    },
    {
        "id": 115,
        "name": "Fat Free Greek Yogurt, Coconut Flavour, Blended, 0% M.F.",
        "price": "4x100.0 g, $0.97/100g",
        "brand": "Oikos",
        "image_url": "https://assets.shop.loblaws.ca/products/20642276002/b3/en/front/20642276002_front_a06_@2.png",
        "image_alt": "Oikos Fat Free Greek Yogurt, Coconut Flavour, Blended, 0% M.F. 4x100.0 g, $0.97/100g",
        "price_product_tile": "$3.89$3.89"
    },
    {
        "id": 116,
        "name": "Dahi Authentic 3.2 % Mf",
        "price": "2 kg, $0.35/100g",
        "brand": "Modhani",
        "image_url": "https://assets.shop.loblaws.ca/products/21418657/b3/en/front/21418657_front_a06_@2.png",
        "image_alt": "Modhani Dahi Authentic 3.2 % Mf 2 kg, $0.35/100g",
        "price_product_tile": "$6.99$6.99"
    },
    {
        "id": 117,
        "name": "Plain Yogurt",
        "price": "2 kg, $0.35/100g",
        "brand": "Modhani",
        "image_url": "https://assets.shop.loblaws.ca/products/21418650/b3/en/front/21418650_front_a06_@2.png",
        "image_alt": "Modhani Plain Yogurt 2 kg, $0.35/100g",
        "price_product_tile": "$6.99$6.99"
    },
    {
        "id": 118,
        "name": "Authentic 2 % Mf Dahi",
        "price": "750 g, $0.40/100g",
        "brand": "Modhani",
        "image_url": "https://assets.shop.loblaws.ca/products/21418666/b3/en/front/21418666_front_a06_@2.png",
        "image_alt": "Modhani Authentic 2 % Mf Dahi 750 g, $0.40/100g",
        "price_product_tile": "$2.99$2.99"
    },
    {
        "id": 119,
        "name": "Lassi Yogurt Smoothie, Salty & Spiced",
        "price": "1 l, $0.30/100ml",
        "brand": "Hans",
        "image_url": "https://assets.shop.loblaws.ca/products/20436040/b3/en/front/20436040_front_a06_@2.png",
        "image_alt": "Hans Lassi Yogurt Smoothie, Salty & Spiced 1 l, $0.30/100ml",
        "price_product_tile": "$2.99$2.99"
    },
    {
        "id": 120,
        "name": "Halal 0% Plain Probiotic Yogurt",
        "price": "750 g, $0.33/100g",
        "brand": "Sufra",
        "image_url": "https://assets.shop.loblaws.ca/products/21246560/b3/en/front/21246560_front_a06_@2.png",
        "image_alt": "Sufra Halal 0% Plain Probiotic Yogurt 750 g, $0.33/100g",
        "price_product_tile": "$2.49$2.49"
    },
    {
        "id": 121,
        "name": "Creamy Lactose Free Yogurt, Vanilla 1.5%",
        "price": "2 kg, $0.52/100g",
        "brand": "IOGO",
        "image_url": "https://assets.shop.loblaws.ca/products/21433581/b3/en/front/21433581_front_a06_@2.png",
        "image_alt": "IOGO Creamy Lactose Free Yogurt, Vanilla 1.5% 2 kg, $0.52/100g",
        "price_product_tile": "$10.49$10.49"
    },
    {
        "id": 122,
        "name": "Tubes Yogurt Vanilla Flavour 1% M.F.",
        "price": "448 g, $0.59/100g",
        "brand": "Yoplait",
        "image_url": "https://assets.shop.loblaws.ca/products/21547571/b3/en/front/21547571_front_a06_@2.png",
        "image_alt": "Yoplait Tubes Yogurt Vanilla Flavour 1% M.F. 448 g, $0.59/100g",
        "price_product_tile": "$2.65$2.65"
    },
    {
        "id": 123,
        "name": "Yogurt, Mango Vanilla Cream 6%",
        "price": "625 g, $0.56/100g",
        "brand": "Astro",
        "image_url": "https://assets.shop.loblaws.ca/products/21520655/b3/en/front/21520655_front_a06_@2.png",
        "image_alt": "Astro Yogurt, Mango Vanilla Cream 6% 625 g, $0.56/100g",
        "price_product_tile": "$3.49$3.49"
    },
    {
        "id": 124,
        "name": "Creamy Yogurt, Lactose Free Cherry, Lemon, Vanilla, and Blackberry-Blueberry 1.5%",
        "price": "16x100.0 g, $0.39/100g",
        "brand": "IOGO",
        "image_url": "https://assets.shop.loblaws.ca/products/21207564/b3/en/front/21207564_front_a06_@2.png",
        "image_alt": "IOGO Creamy Yogurt, Lactose Free Cherry, Lemon, Vanilla, and Blackberry-Blueberry 1.5% 16x100.0 g, $0.39/100g",
        "price_product_tile": "$6.29$6.29"
    },
    {
        "id": 125,
        "name": "Fat Free Greek Yogurt, High Protein, Plain, 0% M.F.",
        "price": "650 g, $0.92/100g",
        "brand": "Oikos",
        "image_url": "https://assets.shop.loblaws.ca/products/21305945/b3/en/front/21305945_front_a06_@2.png",
        "image_alt": "Oikos Fat Free Greek Yogurt, High Protein, Plain, 0% M.F. 650 g, $0.92/100g",
        "price_product_tile": "$5.99$5.99"
    },
    {
        "id": 126,
        "name": "Vegan Yogurt, Vanilla Coconut",
        "price": "650 g, $1.00/100g",
        "brand": "Riviera",
        "image_url": "https://assets.shop.loblaws.ca/products/21184636/b3/en/front/21184636_front_a06_@2.png",
        "image_alt": "Riviera Vegan Yogurt, Vanilla Coconut 650 g, $1.00/100g",
        "price_product_tile": "$6.49$6.49"
    },
    {
        "id": 127,
        "name": "2% MF Greek Yogurt, Vanilla, Club Size",
        "price": "1 kg, $0.68/100g",
        "brand": "President's Choice",
        "image_url": "https://assets.shop.loblaws.ca/products/21520200/b3/en/front/21520200_front_a06_@2.png",
        "image_alt": "President's Choice 2% MF Greek Yogurt, Vanilla, Club Size 1 kg, $0.68/100g",
        "price_product_tile": "$6.79$6.79"
    },
    {
        "id": 128,
        "name": "Yogurt With Probiotics, Strawberry Flavour",
        "price": "12x100.0 g, $0.46/100g",
        "brand": "Activia",
        "image_url": "https://assets.shop.loblaws.ca/products/20303412003/b3/en/front/20303412003_front_a06_@2.png",
        "image_alt": "Activia Yogurt With Probiotics, Strawberry Flavour 12x100.0 g, $0.46/100g",
        "price_product_tile": "$5.50$5.50"
    },
    {
        "id": 129,
        "name": "Strawberry 0% M.F. Greek Yogurt",
        "price": "4x100.0 g, $1.05/100g",
        "brand": "President's Choice",
        "image_url": "https://assets.shop.loblaws.ca/products/20830628001/b3/en/front/20830628001_front_a06_@2.png",
        "image_alt": "President's Choice Strawberry 0% M.F. Greek Yogurt  4x100.0 g, $1.05/100g",
        "price_product_tile": "$4.19$4.19"
    },
    {
        "id": 130,
        "name": "Yogurt With Probiotics, Fat Free 0% Mf, Vanilla Flavour",
        "price": "650 g, $0.71/100g",
        "brand": "Activia",
        "image_url": "https://assets.shop.loblaws.ca/products/20325132006/b3/en/front/20325132006_front_a06_@2.png",
        "image_alt": "Activia Yogurt With Probiotics, Fat Free 0% Mf, Vanilla Flavour 650 g, $0.71/100g",
        "price_product_tile": "$4.59$4.59"
    },
    {
        "id": 131,
        "name": "Yogurt With Probiotics, Cherry Flavour",
        "price": "650 g, $0.71/100g",
        "brand": "Activia",
        "image_url": "https://assets.shop.loblaws.ca/products/20608416002/b3/en/front/20608416002_front_a06_@2.png",
        "image_alt": "Activia Yogurt With Probiotics, Cherry Flavour 650 g, $0.71/100g",
        "price_product_tile": "$4.59$4.59"
    },
    {
        "id": 132,
        "name": "Yogurt With Probiotics, Blueberry Flavour",
        "price": "650 g, $0.71/100g",
        "brand": "Activia",
        "image_url": "https://assets.shop.loblaws.ca/products/20302315001/b3/en/front/20302315001_front_a06_@2.png",
        "image_alt": "Activia Yogurt With Probiotics, Blueberry Flavour 650 g, $0.71/100g",
        "price_product_tile": "$4.59$4.59"
    },
    {
        "id": 133,
        "name": "Vanilla Protein Plant-Based Yogurt",
        "price": "500 g, $1.20/100g",
        "brand": "Silk",
        "image_url": "https://assets.shop.loblaws.ca/products/21588707/b3/en/front/21588707_front_a06_@2.png",
        "image_alt": "Silk Vanilla Protein Plant-Based Yogurt 500 g, $1.20/100g",
        "price_product_tile": "$5.99$5.99"
    },
    {
        "id": 134,
        "name": "Plain 3% M.F. Yogurt",
        "price": "750 g, $0.40/100g",
        "brand": "President's Choice",
        "image_url": "https://assets.shop.loblaws.ca/products/20180775002/b3/en/front/20180775002_front_a06_@2.png",
        "image_alt": "President's Choice Plain 3% M.F. Yogurt 750 g, $0.40/100g",
        "price_product_tile": "$2.99$2.99"
    },
    {
        "id": 135,
        "name": "Nano Drinkable Yogurt, Strawberry 1%",
        "price": "900 ml, $0.61/100ml",
        "brand": "IOGO",
        "image_url": "https://assets.shop.loblaws.ca/products/21481057/b3/en/front/21481057_front_a06_@2.png",
        "image_alt": "IOGO Nano Drinkable Yogurt, Strawberry 1% 900 ml, $0.61/100ml",
        "price_product_tile": "$5.49$5.49"
    },
    {
        "id": 136,
        "name": "GO! Drinkable Yogurt, Strawberry, Made with Real Fruit",
        "price": "190 ml, $0.63/100ml",
        "brand": "Danone",
        "image_url": "https://assets.shop.loblaws.ca/products/21349097/b3/en/front/21349097_front_a06_@2.png",
        "image_alt": "Danone GO! Drinkable Yogurt, Strawberry, Made with Real Fruit 190 ml, $0.63/100ml",
        "price_product_tile": "$1.19$1.19"
    },
    {
        "id": 137,
        "name": "Almond Plant Based Yogurt, Plain, Unsweetened, Dairy-Free",
        "price": "640 g, $0.94/100g",
        "brand": "Silk",
        "image_url": "https://assets.shop.loblaws.ca/products/21245214/b3/en/front/21245214_front_a06_@2.png",
        "image_alt": "Silk Almond Plant Based Yogurt, Plain, Unsweetened, Dairy-Free 640 g, $0.94/100g",
        "price_product_tile": "$5.99$5.99"
    },
    {
        "id": 138,
        "name": "Yogurt With Probiotics Lactose Free, Vanilla, Strawberry, Raspberry, Cherry Flavour",
        "price": "12x100.0 g, $0.46/100g",
        "brand": "Activia",
        "image_url": "https://assets.shop.loblaws.ca/products/20944744/b3/en/front/20944744_front_a06_@2.png",
        "image_alt": "Activia Yogurt With Probiotics Lactose Free, Vanilla, Strawberry, Raspberry, Cherry Flavour 12x100.0 g, $0.46/100g",
        "price_product_tile": "$5.50$5.50"
    },
    {
        "id": 139,
        "name": "Yop 1% Drinkable Yogurt Pack, Strawberry, Yogurt Drinks",
        "price": "6x200.0 ml, $0.49/100ml",
        "brand": "Yoplait",
        "image_url": "https://assets.shop.loblaws.ca/products/21478984/b3/en/front/21478984_front_a06_@2.png",
        "image_alt": "Yoplait Yop 1% Drinkable Yogurt Pack, Strawberry, Yogurt Drinks 6x200.0 ml, $0.49/100ml",
        "price_product_tile": "$5.89$5.89$6.99$6.99SAVE $1.10"
    },
    {
        "id": 140,
        "name": "M\u00e9diterran\u00e9e 9% Yogurt, Black Cherry",
        "price": "4x100.0 g, $1.05/100g",
        "brand": "Liberte",
        "image_url": "https://assets.shop.loblaws.ca/products/21389655/b3/en/front/21389655_front_a06_@2.png",
        "image_alt": "Liberte M\u00e9diterran\u00e9e 9% Yogurt, Black Cherry 4x100.0 g, $1.05/100g",
        "price_product_tile": "$4.19$4.19"
    },
    {
        "id": 141,
        "name": "Yogurt, Raspberry White Chocolate 6%",
        "price": "625 g, $0.56/100g",
        "brand": "Astro",
        "image_url": "https://assets.shop.loblaws.ca/products/21520611/b3/en/front/21520611_front_a06_@2.png",
        "image_alt": "Astro Yogurt, Raspberry White Chocolate 6% 625 g, $0.56/100g",
        "price_product_tile": "$3.49$3.49"
    },
    {
        "id": 142,
        "name": "Extra Creamy Greek Yogurt, Blueberry, Blended, 9% M.F.",
        "price": "650 g, $0.92/100g",
        "brand": "Oikos",
        "image_url": "https://assets.shop.loblaws.ca/products/21305953/b3/en/front/21305953_front_a06_@2.png",
        "image_alt": "Oikos Extra Creamy Greek Yogurt, Blueberry, Blended, 9% M.F. 650 g, $0.92/100g",
        "price_product_tile": "$5.99$5.99"
    },
    {
        "id": 143,
        "name": "Yogurt, Peach Cobbler, 6%",
        "price": "625 g, $0.56/100g",
        "brand": "Astro",
        "image_url": "https://assets.shop.loblaws.ca/products/21520558/b3/en/front/21520558_front_a06_@2.png",
        "image_alt": "Astro Yogurt, Peach Cobbler, 6% 625 g, $0.56/100g",
        "price_product_tile": "$3.49$3.49"
    },
    {
        "id": 144,
        "name": "Vanilla Greek Yogurt",
        "price": "650 g, $0.77/100g",
        "brand": "President's Choice",
        "image_url": "https://assets.shop.loblaws.ca/products/21518036/b3/en/front/21518036_front_a06_@2.png",
        "image_alt": "President's Choice Vanilla Greek Yogurt 650 g, $0.77/100g",
        "price_product_tile": "$5.00$5.00"
    },
    {
        "id": 145,
        "name": "Nano Drinkable Yogurt, Vanilla 1%",
        "price": "900 ml, $0.61/100ml",
        "brand": "IOGO",
        "image_url": "https://assets.shop.loblaws.ca/products/21481056/b3/en/front/21481056_front_a06_@2.png",
        "image_alt": "IOGO Nano Drinkable Yogurt, Vanilla 1% 900 ml, $0.61/100ml",
        "price_product_tile": "$5.49$5.49"
    },
    {
        "id": 146,
        "name": "Greek Yogurt, Raspberry-Pomegramate Flavour, Fruit On Bottom, 2% M.F.,",
        "price": "4x100.0 g, $0.97/100g",
        "brand": "Oikos",
        "image_url": "https://assets.shop.loblaws.ca/products/20419715005/b3/en/front/20419715005_front_a06_@2.png",
        "image_alt": "Oikos Greek Yogurt, Raspberry-Pomegramate Flavour, Fruit On Bottom, 2% M.F., 4x100.0 g, $0.97/100g",
        "price_product_tile": "$3.89$3.89"
    },
    {
        "id": 147,
        "name": "Yogurt, Peach Cobbler, 6%",
        "price": "625 g, $0.56/100g",
        "brand": "Astro",
        "image_url": "https://assets.shop.loblaws.ca/products/21520558/b3/en/front/21520558_front_a06_@2.png",
        "image_alt": "Astro Yogurt, Peach Cobbler, 6% 625 g, $0.56/100g",
        "price_product_tile": "$3.49$3.49"
    },
    {
        "id": 148,
        "name": "Vanilla Greek Yogurt",
        "price": "650 g, $0.77/100g",
        "brand": "President's Choice",
        "image_url": "https://assets.shop.loblaws.ca/products/21518036/b3/en/front/21518036_front_a06_@2.png",
        "image_alt": "President's Choice Vanilla Greek Yogurt 650 g, $0.77/100g",
        "price_product_tile": "$5.00$5.00"
    },
    {
        "id": 149,
        "name": "Probiotic Yogurt, 4X Blueberry, 4X Strawberry & Rhubarb, 8 Pack",
        "price": "8x100.0 g, $0.47/100g",
        "brand": "Activia",
        "image_url": "https://assets.shop.loblaws.ca/products/20322561003/b3/en/front/20322561003_front_a06_@2.png",
        "image_alt": "Activia Probiotic Yogurt, 4X Blueberry, 4X Strawberry & Rhubarb, 8 Pack 8x100.0 g, $0.47/100g",
        "price_product_tile": "$3.79$3.79$4.00$4.00SAVE $0.21"
    },
    {
        "id": 150,
        "name": "Plant-Based Coconut Yogurt Unsweetened Plain",
        "price": "650 g, $0.92/100g",
        "brand": "Silk",
        "image_url": "https://assets.shop.loblaws.ca/products/21588784/b3/en/front/21588784_front_a06_@2.png",
        "image_alt": "Silk Plant-Based Coconut Yogurt Unsweetened Plain 650 g, $0.92/100g",
        "price_product_tile": "$5.99$5.99"
    },
    {
        "id": 151,
        "name": "GO! Drinkable Yogurt, Strawberry Banana Flavour, Made with Real Fruit",
        "price": "190 ml, $0.63/100ml",
        "brand": "Danone",
        "image_url": "https://assets.shop.loblaws.ca/products/21349123/b3/en/front/21349123_front_a06_@2.png",
        "image_alt": "Danone GO! Drinkable Yogurt, Strawberry Banana Flavour, Made with Real Fruit 190 ml, $0.63/100ml",
        "price_product_tile": "$1.19$1.19"
    },
    {
        "id": 152,
        "name": "Skyr Yogurt Plain 3.6%, High Protein",
        "price": "750 g, $0.87/100g",
        "brand": "siggi's",
        "image_url": "https://assets.shop.loblaws.ca/products/21353865/b3/en/front/21353865_front_a06_@2.png",
        "image_alt": "siggi's Skyr Yogurt Plain 3.6%, High Protein 750 g, $0.87/100g",
        "price_product_tile": "$6.49$6.49"
    },
    {
        "id": 153,
        "name": "Cherry Yogurt 3.25%, Balkan Style",
        "price": "650 g, $0.54/100g",
        "brand": "Astro",
        "image_url": "https://assets.shop.loblaws.ca/products/20944286/b3/en/front/20944286_front_a06_@2.png",
        "image_alt": "Astro Cherry Yogurt 3.25%, Balkan Style 650 g, $0.54/100g",
        "price_product_tile": "$3.49$3.49"
    },
    {
        "id": 154,
        "name": "Immune System, Probiotic Yogurt Drink, Strawberry Drinkable Yogurt, 8 Pack",
        "price": "8x93.0 ml, $0.81/100ml",
        "brand": "Activia",
        "image_url": "https://assets.shop.loblaws.ca/products/21108459/b3/en/front/21108459_front_a06_@2.png",
        "image_alt": "Activia Immune System, Probiotic Yogurt Drink, Strawberry Drinkable Yogurt, 8 Pack 8x93.0 ml, $0.81/100ml",
        "price_product_tile": "$5.99$5.99"
    },
    {
        "id": 155,
        "name": "Creamy Yogurt, Pineapple-Coconut-Banana, Vanilla, Lemon-Lime, and Peach-Mango 1.5%",
        "price": "16x100.0 g, $0.39/100g",
        "brand": "IOGO",
        "image_url": "https://assets.shop.loblaws.ca/products/20609583003/b3/en/front/20609583003_front_a06_@2.png",
        "image_alt": "IOGO Creamy Yogurt, Pineapple-Coconut-Banana, Vanilla, Lemon-Lime, and Peach-Mango 1.5% 16x100.0 g, $0.39/100g",
        "price_product_tile": "$6.29$6.29"
    },
    {
        "id": 156,
        "name": "Extra Creamy Greek Yogurt, Vanilla Bean & Apricot, 9% M.F., Value Tub",
        "price": "650 g, $0.92/100g",
        "brand": "Oikos",
        "image_url": "https://assets.shop.loblaws.ca/products/21305958/b3/en/front/21305958_front_a06_@2.png",
        "image_alt": "Oikos Extra Creamy Greek Yogurt, Vanilla Bean & Apricot, 9% M.F., Value Tub 650 g, $0.92/100g",
        "price_product_tile": "$5.99$5.99"
    },
    {
        "id": 157,
        "name": "Lactose Free Plain Greek Yogurt",
        "price": "750 g, $0.67/100g",
        "brand": "President's Choice",
        "image_url": "https://assets.shop.loblaws.ca/products/21518491/b3/en/front/21518491_front_a06_@2.png",
        "image_alt": "President's Choice Lactose Free Plain Greek Yogurt 750 g, $0.67/100g",
        "price_product_tile": "$5.00$5.00"
    },
    {
        "id": 158,
        "name": "Fruit on the Bottom Yogurt, Strawberry, Raspberry, Black Cherry, Nectarine 4%",
        "price": "12x100.0 g, $0.54/100g",
        "brand": "Astro",
        "image_url": "https://assets.shop.loblaws.ca/products/20300831/b3/en/front/20300831_front_a06_@2.png",
        "image_alt": "Astro Fruit on the Bottom Yogurt, Strawberry, Raspberry, Black Cherry, Nectarine 4% 12x100.0 g, $0.54/100g",
        "price_product_tile": "$6.49$6.49"
    },
    {
        "id": 159,
        "name": "Oat Based Vegan Delight Plain",
        "price": "650 g, $1.00/100g",
        "brand": "Riviera",
        "image_url": "https://assets.shop.loblaws.ca/products/21497497/b3/en/front/21497497_front_a06_@2.png",
        "image_alt": "Riviera Oat Based Vegan Delight Plain 650 g, $1.00/100g",
        "price_product_tile": "$6.49$6.49"
    },
    {
        "id": 160,
        "name": "Yogurt With Probiotics, Raspberry Flavour",
        "price": "650 g, $0.71/100g",
        "brand": "Activia",
        "image_url": "https://assets.shop.loblaws.ca/products/20325132005/b3/en/front/20325132005_front_a06_@2.png",
        "image_alt": "Activia Yogurt With Probiotics, Raspberry Flavour 650 g, $0.71/100g",
        "price_product_tile": "$4.59$4.59"
    },
    {
        "id": 161,
        "name": "M\u00e9diterran\u00e9e 10% Yogurt, Plain",
        "price": "900 g, $0.65/100g",
        "brand": "Liberte",
        "image_url": "https://assets.shop.loblaws.ca/products/21305347/b3/en/front/21305347_front_a06_@2.png",
        "image_alt": "Liberte M\u00e9diterran\u00e9e 10% Yogurt, Plain 900 g, $0.65/100g",
        "price_product_tile": "$5.89$5.89$6.99$6.99SAVE $1.10"
    },
    {
        "id": 162,
        "name": "Creamy 1% Smooth Traditional Yogurt Cups Variety Pack",
        "price": "16x100.0 g, $0.47/100g",
        "brand": "Yoplait",
        "image_url": "https://assets.shop.loblaws.ca/products/20120316004/b3/en/front/20120316004_front_a06_@2.png",
        "image_alt": "Yoplait Creamy 1% Smooth Traditional Yogurt Cups Variety Pack 16x100.0 g, $0.47/100g",
        "price_product_tile": "$7.49$7.49"
    },
    {
        "id": 163,
        "name": "Source 0% Smooth Traditional Yogurt, Peach, No Added Sugar",
        "price": "630 g, $0.42/100g",
        "brand": "Yoplait",
        "image_url": "https://assets.shop.loblaws.ca/products/21391318004/b3/en/front/21391318004_front_a06_@2.png",
        "image_alt": "Yoplait Source 0% Smooth Traditional Yogurt, Peach, No Added Sugar 630 g, $0.42/100g",
        "price_product_tile": "$2.65$2.65"
    },
    {
        "id": 164,
        "name": "Greek 5% Extra Creamy Yogurt, Plain, High Protein",
        "price": "650 g, $0.91/100g",
        "brand": "Liberte",
        "image_url": "https://assets.shop.loblaws.ca/products/21353457/b3/en/front/21353457_front_a06_@2.png",
        "image_alt": "Liberte Greek 5% Extra Creamy Yogurt, Plain, High Protein 650 g, $0.91/100g",
        "price_product_tile": "$5.89$5.89$6.99$6.99SAVE $1.10"
    },
    {
        "id": 165,
        "name": "Yop 3% Minigo Duo, Variety Pack, Kids Snack",
        "price": "6x60.0 g, $0.94/100g",
        "brand": "Yoplait",
        "image_url": "https://assets.shop.loblaws.ca/products/20275868001/b3/en/front/20275868001_front_a06_@2.png",
        "image_alt": "Yoplait Yop 3% Minigo Duo, Variety Pack, Kids Snack 6x60.0 g, $0.94/100g",
        "price_product_tile": "$3.39$3.39"
    },
    {
        "id": 166,
        "name": "Lassi Yogurt Smoothie, Strawberry",
        "price": "200 ml, $0.65/100ml",
        "brand": "Hans",
        "image_url": "https://assets.shop.loblaws.ca/products/20694150/b3/en/front/20694150_front_a06_@2.png",
        "image_alt": "Hans Lassi Yogurt Smoothie, Strawberry 200 ml, $0.65/100ml",
        "price_product_tile": "$1.29$1.29"
    },
    {
        "id": 167,
        "name": "Dairy 2% Natural Yogurt",
        "price": "750 g, $0.40/100g",
        "brand": "Hans",
        "image_url": "https://assets.shop.loblaws.ca/products/20313667/b3/en/front/20313667_front_a06_@2.png",
        "image_alt": "Hans Dairy 2% Natural Yogurt    750 g, $0.40/100g",
        "price_product_tile": "$2.99$2.99"
    },
    {
        "id": 168,
        "name": "Dairy Free Plant Based Almond Yogurt, Vanilla Flavour",
        "price": "640 g, $0.94/100g",
        "brand": "Silk",
        "image_url": "https://assets.shop.loblaws.ca/products/21196118/b3/en/front/21196118_front_a06_@2.png",
        "image_alt": "Silk Dairy Free Plant Based Almond Yogurt, Vanilla Flavour 640 g, $0.94/100g",
        "price_product_tile": "$5.99$5.99"
    },
    {
        "id": 169,
        "name": "Biobest Yogurt with Probiotics, Plain, 1%",
        "price": "750 g, $0.47/100g",
        "brand": "Astro",
        "image_url": "https://assets.shop.loblaws.ca/products/20143263/b3/en/front/20143263_front_a06_@2.png",
        "image_alt": "Astro Biobest Yogurt with Probiotics, Plain, 1%  750 g, $0.47/100g",
        "price_product_tile": "$3.49$3.49"
    },
    {
        "id": 170,
        "name": "Greek Yogurt, Vanilla Flavour, 2% M.F., Value Tub",
        "price": "750 g, $0.80/100g",
        "brand": "Oikos",
        "image_url": "https://assets.shop.loblaws.ca/products/21006660/b3/en/front/21006660_front_a06_@2.png",
        "image_alt": "Oikos Greek Yogurt, Vanilla Flavour, 2% M.F., Value Tub 750 g, $0.80/100g",
        "price_product_tile": "$5.99$5.99"
    },
    {
        "id": 171,
        "name": "Two Good Vanilla Yogurt, Low Sugar, 2g Sugar, 8g Protein",
        "price": "625 g, $0.64/100g",
        "brand": "Danone",
        "image_url": "https://assets.shop.loblaws.ca/products/21477597/b3/en/front/21477597_front_a06_@2.png",
        "image_alt": "Danone Two Good Vanilla Yogurt, Low Sugar, 2g Sugar, 8g Protein 625 g, $0.64/100g",
        "price_product_tile": "$3.99$3.99"
    },
    {
        "id": 172,
        "name": "Plain Greek Yogurt 5%",
        "price": "650 g, $0.77/100g",
        "brand": "President's Choice",
        "image_url": "https://assets.shop.loblaws.ca/products/21518093/b3/en/front/21518093_front_a06_@2.png",
        "image_alt": "President's Choice Plain Greek Yogurt 5% 650 g, $0.77/100g",
        "price_product_tile": "$5.00$5.00"
    },
    {
        "id": 173,
        "name": "Two Good Vanilla Low Sugar Yogurt, 2g Sugar, 8g Protein",
        "price": "380 g, $1.00/100g",
        "brand": "Danone",
        "image_url": "https://assets.shop.loblaws.ca/products/21475943/b3/en/front/21475943_front_a06_@2.png",
        "image_alt": "Danone Two Good Vanilla Low Sugar Yogurt, 2g Sugar, 8g Protein 380 g, $1.00/100g",
        "price_product_tile": "$3.79$3.79"
    },
    {
        "id": 174,
        "name": "Yogurt With Probiotics, Strawberry Flavour",
        "price": "650 g, $0.71/100g",
        "brand": "Activia",
        "image_url": "https://assets.shop.loblaws.ca/products/20325132001/b3/en/front/20325132001_front_a06_@2.png",
        "image_alt": "Activia Yogurt With Probiotics, Strawberry Flavour 650 g, $0.71/100g",
        "price_product_tile": "$4.59$4.59"
    },
    {
        "id": 175,
        "name": "Yogurt With Probiotics Lemon Flavour",
        "price": "650 g, $0.71/100g",
        "brand": "Activia",
        "image_url": "https://assets.shop.loblaws.ca/products/20608416001/b3/en/front/20608416001_front_a06_@2.png",
        "image_alt": "Activia Yogurt With Probiotics Lemon Flavour 650 g, $0.71/100g",
        "price_product_tile": "$4.59$4.59"
    },
    {
        "id": 176,
        "name": "Extra Creamy Greek Yogurt, Extra Creamy Plain 11%",
        "price": "750 g, $0.80/100g",
        "brand": "Oikos",
        "image_url": "https://assets.shop.loblaws.ca/products/21216451/b3/en/front/21216451_front_a06_@2.png",
        "image_alt": "Oikos Extra Creamy Greek Yogurt, Extra Creamy Plain 11% 750 g, $0.80/100g",
        "price_product_tile": "$5.99$5.99"
    },
    {
        "id": 177,
        "name": "Strawberry Stirred 0% M.F. Yogurt",
        "price": "650 g, $0.49/100g",
        "brand": "No Name",
        "image_url": "https://assets.shop.loblaws.ca/products/20685773002/b3/en/front/20685773002_front_a06_@2.png",
        "image_alt": "No Name Strawberry Stirred 0% M.F. Yogurt 650 g, $0.49/100g",
        "price_product_tile": "$3.19$3.19"
    },
    {
        "id": 178,
        "name": "Yogurt With Probiotics, Fieldberry Flavour Tub",
        "price": "650 g, $0.71/100g",
        "brand": "Activia",
        "image_url": "https://assets.shop.loblaws.ca/products/21430507/b3/en/front/21430507_front_a06_@2.png",
        "image_alt": "Activia Yogurt With Probiotics, Fieldberry Flavour Tub 650 g, $0.71/100g",
        "price_product_tile": "$4.59$4.59"
    },
    {
        "id": 179,
        "name": "Probiotic Yogurt, Vanilla",
        "price": "2 kg, $0.55/100g",
        "brand": "Activia",
        "image_url": "https://assets.shop.loblaws.ca/products/21477239/b3/en/front/21477239_front_a06_@2.png",
        "image_alt": "Activia Probiotic Yogurt, Vanilla 2 kg, $0.55/100g",
        "price_product_tile": "$10.99$10.99"
    },
    {
        "id": 180,
        "name": "Halal Yogurt, Plain 2%",
        "price": "750 g, $0.33/100g",
        "brand": "Khaas",
        "image_url": "https://assets.shop.loblaws.ca/products/20544362001/b3/en/front/20544362001_front_a06_@2.png",
        "image_alt": "Khaas Halal Yogurt, Plain 2% 750 g, $0.33/100g",
        "price_product_tile": "$2.49$2.49"
    },
    {
        "id": 181,
        "name": "Organic Yogurt, Blueberry 3%",
        "price": "650 g, $0.92/100g",
        "brand": "Olympic",
        "image_url": "https://assets.shop.loblaws.ca/products/20316485007/b3/en/front/20316485007_front_a06_@2.png",
        "image_alt": "Olympic Organic Yogurt, Blueberry 3% 650 g, $0.92/100g",
        "price_product_tile": "$5.99$5.99"
    },
    {
        "id": 182,
        "name": "Plain Yogurt  2%, Balkan Style",
        "price": "750 g, $0.47/100g",
        "brand": "Astro",
        "image_url": "https://assets.shop.loblaws.ca/products/20170533001/b3/en/front/20170533001_front_a06_@2.png",
        "image_alt": "Astro Plain Yogurt  2%, Balkan Style 750 g, $0.47/100g",
        "price_product_tile": "$3.49$3.49"
    },
    {
        "id": 183,
        "name": "Skyr Yogurt Banana 2%, High Protein",
        "price": "650 g, $1.00/100g",
        "brand": "siggi's",
        "image_url": "https://assets.shop.loblaws.ca/products/21549531/b3/en/front/21549531_front_a06_@2.png",
        "image_alt": "siggi's Skyr Yogurt Banana 2%, High Protein 650 g, $1.00/100g",
        "price_product_tile": "$6.49$6.49"
    },
    {
        "id": 184,
        "name": "M\u00e9diterran\u00e9e 9% Yogurt, Wild Blueberry",
        "price": "4x100.0 g, $1.05/100g",
        "brand": "Liberte",
        "image_url": "https://assets.shop.loblaws.ca/products/21389654/b3/en/front/21389654_front_a06_@2.png",
        "image_alt": "Liberte M\u00e9diterran\u00e9e 9% Yogurt, Wild Blueberry 4x100.0 g, $1.05/100g",
        "price_product_tile": "$4.19$4.19"
    },
    {
        "id": 185,
        "name": "Probiotics Yogurt Source of Fibres, Strawberry-Wildberry-Mango",
        "price": "1140 g, $0.48/100g",
        "brand": "Activia",
        "image_url": "https://assets.shop.loblaws.ca/products/21588586/b3/en/front/21588586_front_a06_@2.png",
        "image_alt": "Activia Probiotics Yogurt Source of Fibres, Strawberry-Wildberry-Mango 1140 g, $0.48/100g",
        "price_product_tile": "$5.50$5.50"
    },
    {
        "id": 186,
        "name": "Probiotic Yogurt, Blackberry, Blueberry, Blackcurrent, Berries, 12XG",
        "price": "12x100.0 g, $0.46/100g",
        "brand": "Activia",
        "image_url": "https://assets.shop.loblaws.ca/products/21005577/b3/en/front/21005577_front_a06_@2.png",
        "image_alt": "Activia Probiotic Yogurt, Blackberry, Blueberry, Blackcurrent, Berries, 12XG 12x100.0 g, $0.46/100g",
        "price_product_tile": "$5.50$5.50"
    },
    {
        "id": 187,
        "name": "Greek Yogourt Raspberry 3 % M.F.",
        "price": "650 g, $0.91/100g",
        "brand": "Liberte",
        "image_url": "https://assets.shop.loblaws.ca/products/21588215/b3/en/front/21588215_front_a06_@2.png",
        "image_alt": "Liberte Greek Yogourt Raspberry 3 % M.F. 650 g, $0.91/100g",
        "price_product_tile": "$5.89$5.89$6.99$6.99SAVE $1.10"
    },
    {
        "id": 188,
        "name": "2% M.F. Greek Yogurt, Vanilla",
        "price": "750 g, $0.67/100g",
        "brand": "President's Choice",
        "image_url": "https://assets.shop.loblaws.ca/products/21518314/b3/en/front/21518314_front_a06_@2.png",
        "image_alt": "President's Choice 2% M.F. Greek Yogurt, Vanilla 750 g, $0.67/100g",
        "price_product_tile": "$5.00$5.00"
    },
    {
        "id": 189,
        "name": "Greek Yogurt, Banana Flavour, Blended, 2% Mf, 4X100G",
        "price": "4x100.0 g, $0.97/100g",
        "brand": "Oikos",
        "image_url": "https://assets.shop.loblaws.ca/products/21006595/b3/en/front/21006595_front_a06_@2.png",
        "image_alt": "Oikos Greek Yogurt, Banana Flavour, Blended, 2% Mf, 4X100G 4x100.0 g, $0.97/100g",
        "price_product_tile": "$3.89$3.89"
    },
    {
        "id": 190,
        "name": "Two Good, Strawberry Low Sugar Yogurt, 2g sugar, 8g protein",
        "price": "380 g, $1.00/100g",
        "brand": "Danone",
        "image_url": "https://assets.shop.loblaws.ca/products/21476047/b3/en/front/21476047_front_a06_@2.png",
        "image_alt": "Danone Two Good, Strawberry Low Sugar Yogurt, 2g sugar, 8g protein 380 g, $1.00/100g",
        "price_product_tile": "$3.79$3.79"
    },
    {
        "id": 191,
        "name": "1% Yogurt Tubes, Bubble Gum Special Edition, Kids Snacks",
        "price": "448 g, $0.59/100g",
        "brand": "Yoplait",
        "image_url": "https://assets.shop.loblaws.ca/products/21547585/b3/en/front/21547585_front_a06_@2.png",
        "image_alt": "Yoplait  1% Yogurt Tubes, Bubble Gum Special Edition, Kids Snacks 448 g, $0.59/100g",
        "price_product_tile": "$2.65$2.65"
    },
    {
        "id": 192,
        "name": "Yogurt With Probiotics Lactose Free, Strawberry, Blueberry, Peach, Mango Flavour, 12XG",
        "price": "12x100.0 g, $0.46/100g",
        "brand": "Activia",
        "image_url": "https://assets.shop.loblaws.ca/products/20944778/b3/en/front/20944778_front_a06_@2.png",
        "image_alt": "Activia Yogurt With Probiotics Lactose Free, Strawberry, Blueberry, Peach, Mango Flavour, 12XG 12x100.0 g, $0.46/100g",
        "price_product_tile": "$5.50$5.50"
    },
    {
        "id": 193,
        "name": "Two Good, Strawberry Low Sugar Yogurt, 2g sugar, 8g protein",
        "price": "380 g, $1.00/100g",
        "brand": "Danone",
        "image_url": "https://assets.shop.loblaws.ca/products/21476047/b3/en/front/21476047_front_a06_@2.png",
        "image_alt": "Danone Two Good, Strawberry Low Sugar Yogurt, 2g sugar, 8g protein 380 g, $1.00/100g",
        "price_product_tile": "$3.79$3.79"
    },
    {
        "id": 194,
        "name": "Yogurt With Probiotics Lactose Free, Strawberry, Blueberry, Peach, Mango Flavour, 12XG",
        "price": "12x100.0 g, $0.46/100g",
        "brand": "Activia",
        "image_url": "https://assets.shop.loblaws.ca/products/20944778/b3/en/front/20944778_front_a06_@2.png",
        "image_alt": "Activia Yogurt With Probiotics Lactose Free, Strawberry, Blueberry, Peach, Mango Flavour, 12XG 12x100.0 g, $0.46/100g",
        "price_product_tile": "$5.50$5.50"
    },
    {
        "id": 195,
        "name": "Coconut Milk Vegan Yogurt - Raspberry Blackcurrant",
        "price": "500 g, $1.30/100g",
        "brand": "Riviera",
        "image_url": "https://assets.shop.loblaws.ca/products/21201434/b3/en/front/21201434_front_a06_@2.png",
        "image_alt": "Riviera Coconut Milk Vegan Yogurt - Raspberry Blackcurrant 500 g, $1.30/100g",
        "price_product_tile": "$6.49$6.49"
    },
    {
        "id": 196,
        "name": "Source 0% Smooth Traditional Yogurt Cups Variety Pack, No Added Sugar",
        "price": "16x100.0 g, $0.47/100g",
        "brand": "Yoplait",
        "image_url": "https://assets.shop.loblaws.ca/products/20317317002/b3/en/front/20317317002_front_a06_@2.png",
        "image_alt": "Yoplait Source 0% Smooth Traditional Yogurt Cups Variety Pack, No Added Sugar 16x100.0 g, $0.47/100g",
        "price_product_tile": "$7.49$7.49"
    },
    {
        "id": 197,
        "name": "Greek 0% Yogurt, Vanilla, High Protein",
        "price": "750 g, $0.79/100g",
        "brand": "Liberte",
        "image_url": "https://assets.shop.loblaws.ca/products/21079491/b3/en/front/21079491_front_a06_@2.png",
        "image_alt": "Liberte Greek 0% Yogurt, Vanilla, High Protein 750 g, $0.79/100g",
        "price_product_tile": "$5.89$5.89$6.99$6.99SAVE $1.10"
    },
    {
        "id": 198,
        "name": "Yop 3% Minigo Duo, Variety Pack, Kids Snack",
        "price": "6x60.0 g, $0.94/100g",
        "brand": "Yoplait",
        "image_url": "https://assets.shop.loblaws.ca/products/20321615001/b3/en/front/20321615001_front_a06_@2.png",
        "image_alt": "Yoplait Yop 3% Minigo Duo, Variety Pack, Kids Snack 6x60.0 g, $0.94/100g",
        "price_product_tile": "$3.39$3.39"
    },
    {
        "id": 199,
        "name": "Skyr Yogurt Black Cherry 2%, High Protein, 4 units",
        "price": "400 g, $1.25/100g",
        "brand": "siggi's",
        "image_url": "https://assets.shop.loblaws.ca/products/21587234/b3/en/front/21587234_front_a06_@2.png",
        "image_alt": "siggi's  Skyr Yogurt Black Cherry 2%, High Protein, 4 units 400 g, $1.25/100g",
        "price_product_tile": "$4.99$4.99"
    },
    {
        "id": 200,
        "name": "Greek 2% Yogurt, Plain, High Protein",
        "price": "750 g, $0.79/100g",
        "brand": "Liberte",
        "image_url": "https://assets.shop.loblaws.ca/products/20704361001/b3/en/front/20704361001_front_a06_@2.png",
        "image_alt": "Liberte Greek 2% Yogurt, Plain, High Protein 750 g, $0.79/100g",
        "price_product_tile": "$5.89$5.89$6.99$6.99SAVE $1.10"
    },
    {
        "id": 201,
        "name": "Greek 0% Lactose Free Yogurt, Plain, High Protein",
        "price": "750 g, $0.79/100g",
        "brand": "Liberte",
        "image_url": "https://assets.shop.loblaws.ca/products/20750225/b3/en/front/20750225_front_a06_@2.png",
        "image_alt": "Liberte Greek 0% Lactose Free Yogurt, Plain, High Protein 750 g, $0.79/100g",
        "price_product_tile": "$5.89$5.89$6.99$6.99SAVE $1.10"
    },
    {
        "id": 202,
        "name": "1% Yogurt Tubes, Bubble Gum Special Edition, Kids Snacks",
        "price": "448 g, $0.59/100g",
        "brand": "Yoplait",
        "image_url": "https://assets.shop.loblaws.ca/products/21547585/b3/en/front/21547585_front_a06_@2.png",
        "image_alt": "Yoplait  1% Yogurt Tubes, Bubble Gum Special Edition, Kids Snacks 448 g, $0.59/100g",
        "price_product_tile": "$2.65$2.65"
    },
    {
        "id": 203,
        "name": "Halal Yogurt, Plain 2%",
        "price": "750 g, $0.33/100g",
        "brand": "Khaas",
        "image_url": "https://assets.shop.loblaws.ca/products/20544362001/b3/en/front/20544362001_front_a06_@2.png",
        "image_alt": "Khaas Halal Yogurt, Plain 2% 750 g, $0.33/100g",
        "price_product_tile": "$2.49$2.49"
    },
    {
        "id": 204,
        "name": "Lassi Yogurt Smoothie, Mango",
        "price": "200 ml, $0.65/100ml",
        "brand": "Hans",
        "image_url": "https://assets.shop.loblaws.ca/products/20694461/b3/en/front/20694461_front_a06_@2.png",
        "image_alt": "Hans Lassi Yogurt Smoothie, Mango 200 ml, $0.65/100ml",
        "price_product_tile": "$1.29$1.29"
    },
    {
        "id": 205,
        "name": "Source Protein Yogurt Vanilla 0% M.F.",
        "price": "650 g, $0.75/100g",
        "brand": "Yoplait",
        "image_url": "https://assets.shop.loblaws.ca/products/21587047/b3/en/front/21587047_front_a06_@2.png",
        "image_alt": "Yoplait Source Protein Yogurt Vanilla 0% M.F. 650 g, $0.75/100g",
        "price_product_tile": "$4.89$4.89"
    },
    {
        "id": 206,
        "name": "Vanilla, Blueberry, Strawberry & Raspberry 0% M.F. Stirred Yogurt",
        "price": "12x100.0 g, $0.37/100g",
        "brand": "No Name",
        "image_url": "https://assets.shop.loblaws.ca/products/20685574002/b3/en/front/20685574002_front_a06_@2.png",
        "image_alt": "No Name Vanilla, Blueberry, Strawberry & Raspberry 0% M.F. Stirred Yogurt 12x100.0 g, $0.37/100g",
        "price_product_tile": "$4.49$4.49"
    },
    {
        "id": 207,
        "name": "Vanilla Greek Yogurt",
        "price": "750 g, $0.67/100g",
        "brand": "President's Choice",
        "image_url": "https://assets.shop.loblaws.ca/products/21518405/b3/en/front/21518405_front_a06_@2.png",
        "image_alt": "President's Choice Vanilla Greek Yogurt 750 g, $0.67/100g",
        "price_product_tile": "$5.00$5.00"
    },
    {
        "id": 208,
        "name": "Vanilla 0% M.F. Greek Yogurt",
        "price": "4x100.0 g, $1.05/100g",
        "brand": "President's Choice",
        "image_url": "https://assets.shop.loblaws.ca/products/20830628003/b3/en/front/20830628003_front_a06_@2.png",
        "image_alt": "President's Choice Vanilla 0% M.F. Greek Yogurt 4x100.0 g, $1.05/100g",
        "price_product_tile": "$4.19$4.19"
    },
    {
        "id": 209,
        "name": "Creamy Yogurt, Chantilly Strawberry, Lemon Pie, Caramel Cream, and Choco-Mocha 1.5%",
        "price": "16x100.0 g, $0.39/100g",
        "brand": "IOGO",
        "image_url": "https://assets.shop.loblaws.ca/products/20609583002/b3/en/front/20609583002_front_a06_@2.png",
        "image_alt": "IOGO Creamy Yogurt, Chantilly Strawberry, Lemon Pie, Caramel Cream, and Choco-Mocha 1.5% 16x100.0 g, $0.39/100g",
        "price_product_tile": "$6.29$6.29"
    },
    {
        "id": 210,
        "name": "Yop 1% Drinkable Yogurt, Magical Edition, Yogurt Drink",
        "price": "200 ml, $0.50/100ml",
        "brand": "Yoplait",
        "image_url": "https://assets.shop.loblaws.ca/products/21548124/b3/en/front/21548124_front_a06_@2.png",
        "image_alt": "Yoplait Yop 1% Drinkable Yogurt, Magical Edition, Yogurt Drink 200 ml, $0.50/100ml",
        "price_product_tile": "$1.00$1.00"
    },
    {
        "id": 211,
        "name": "Skyr Yogurt Plain 0%.  High Protein",
        "price": "750 g, $0.87/100g",
        "brand": "siggi's",
        "image_url": "https://assets.shop.loblaws.ca/products/21353892/b3/en/front/21353892_front_a06_@2.png",
        "image_alt": "siggi's Skyr Yogurt Plain 0%.  High Protein 750 g, $0.87/100g",
        "price_product_tile": "$6.49$6.49"
    },
    {
        "id": 212,
        "name": "Tubes Yogurt 1% M.F. Strawberry Banana & Fruit Punch",
        "price": "448 g, $0.59/100g",
        "brand": "Yoplait",
        "image_url": "https://assets.shop.loblaws.ca/products/21547629/b3/en/front/21547629_front_a06_@2.png",
        "image_alt": "Yoplait Tubes Yogurt 1% M.F. Strawberry Banana & Fruit Punch 448 g, $0.59/100g",
        "price_product_tile": "$2.65$2.65"
    },
    {
        "id": 213,
        "name": "Raspberry Lychee Smash  2% Greek Yogurt",
        "price": "400 g, $1.05/100g",
        "brand": "President's Choice",
        "image_url": "https://assets.shop.loblaws.ca/products/21575951/b3/en/front/21575951_front_a06_@2.png",
        "image_alt": "President's Choice Raspberry Lychee Smash  2% Greek Yogurt 400 g, $1.05/100g",
        "price_product_tile": "$4.19$4.19"
    },
    {
        "id": 214,
        "name": "Vanilla Greek Yogurt 0% Club Size",
        "price": "1 kg, $0.68/100g",
        "brand": "President's Choice",
        "image_url": "https://assets.shop.loblaws.ca/products/21518403/b3/en/front/21518403_front_a06_@2.png",
        "image_alt": "President's Choice Vanilla Greek Yogurt 0% Club Size  1 kg, $0.68/100g",
        "price_product_tile": "$6.79$6.79"
    },
    {
        "id": 215,
        "name": "M\u00e9diterran\u00e9e 9% Yogurt, Black Cherry",
        "price": "500 g, $0.86/100g",
        "brand": "Liberte",
        "image_url": "https://assets.shop.loblaws.ca/products/20788062001/b3/en/front/20788062001_front_a06_@2.png",
        "image_alt": "Liberte M\u00e9diterran\u00e9e 9% Yogurt, Black Cherry 500 g, $0.86/100g",
        "price_product_tile": "$4.29$4.29"
    },
    {
        "id": 216,
        "name": "Coconut Milk Vegan Yogurt - Mango And Passion Fruit",
        "price": "500 g, $1.30/100g",
        "brand": "Riviera",
        "image_url": "https://assets.shop.loblaws.ca/products/21201523/b3/en/front/21201523_front_a06_@2.png",
        "image_alt": "Riviera Coconut Milk Vegan Yogurt - Mango And Passion Fruit 500 g, $1.30/100g",
        "price_product_tile": "$6.49$6.49"
    },
    {
        "id": 217,
        "name": "Fruit on the Bottom Yogurt, Peach, Strawberry, Blueberry, Fieldberry 4%",
        "price": "12x100.0 g, $0.54/100g",
        "brand": "Astro",
        "image_url": "https://assets.shop.loblaws.ca/products/20301507001/b3/en/front/20301507001_front_a06_@2.png",
        "image_alt": "Astro Fruit on the Bottom Yogurt, Peach, Strawberry, Blueberry, Fieldberry 4% 12x100.0 g, $0.54/100g",
        "price_product_tile": "$6.49$6.49"
    },
    {
        "id": 218,
        "name": "Halal Yogurt, Plain 0%",
        "price": "750 g, $0.33/100g",
        "brand": "Khaas",
        "image_url": "https://assets.shop.loblaws.ca/products/20544362002/b3/en/front/20544362002_front_a06_@2.png",
        "image_alt": "Khaas Halal Yogurt, Plain 0% 750 g, $0.33/100g",
        "price_product_tile": "$2.49$2.49"
    },
    {
        "id": 219,
        "name": "Oat Based Vegan Delight Vanilla",
        "price": "650 g, $1.00/100g",
        "brand": "Riviera",
        "image_url": "https://assets.shop.loblaws.ca/products/21497492/b3/en/front/21497492_front_a06_@2.png",
        "image_alt": "Riviera Oat Based Vegan Delight Vanilla 650 g, $1.00/100g",
        "price_product_tile": "$6.49$6.49"
    },
    {
        "id": 220,
        "name": "Fat Free Greek Yogurt, Peach-Mango Flavour, Fruit On The Bottom, 0% M.F.",
        "price": "4x100.0 g, $0.97/100g",
        "brand": "Oikos",
        "image_url": "https://assets.shop.loblaws.ca/products/20419715006/b3/en/front/20419715006_front_a06_@2.png",
        "image_alt": "Oikos Fat Free Greek Yogurt, Peach-Mango Flavour, Fruit On The Bottom, 0% M.F. 4x100.0 g, $0.97/100g",
        "price_product_tile": "$3.89$3.89"
    },
    {
        "id": 221,
        "name": "Vegan Yogurt, Plain Coconut",
        "price": "650 g, $1.00/100g",
        "brand": "Riviera",
        "image_url": "https://assets.shop.loblaws.ca/products/21184634/b3/en/front/21184634_front_a06_@2.png",
        "image_alt": "Riviera Vegan Yogurt, Plain Coconut 650 g, $1.00/100g",
        "price_product_tile": "$6.49$6.49"
    },
    {
        "id": 222,
        "name": "Vanilla Yogurt 3.25%, Balkan Style",
        "price": "650 g, $0.54/100g",
        "brand": "Astro",
        "image_url": "https://assets.shop.loblaws.ca/products/20165226002/b3/en/front/20165226002_front_a06_@2.png",
        "image_alt": "Astro Vanilla Yogurt 3.25%, Balkan Style 650 g, $0.54/100g",
        "price_product_tile": "$3.49$3.49"
    },
    {
        "id": 223,
        "name": "Dahi",
        "price": "750 g, $0.53/100g",
        "brand": "Nanak",
        "image_url": "https://assets.shop.loblaws.ca/products/20133591/b3/en/front/20133591_front_a06_@2.png",
        "image_alt": "Nanak Dahi 750 g, $0.53/100g",
        "price_product_tile": "$3.99$3.99"
    },
    {
        "id": 224,
        "name": "Tubes Zoo, Strawberry",
        "price": "448 g, $0.59/100g",
        "brand": "Yoplait",
        "image_url": "https://assets.shop.loblaws.ca/products/21547595/b3/en/front/21547595_front_a06_@2.png",
        "image_alt": "Yoplait Tubes Zoo, Strawberry 448 g, $0.59/100g",
        "price_product_tile": "$2.65$2.65"
    },
    {
        "id": 225,
        "name": "Plain Skyr Icelandic Style 0% MF Yogurt",
        "price": "500 g, $1.20/100g",
        "brand": "PC Organics",
        "image_url": "https://assets.shop.loblaws.ca/products/21170510/b3/en/front/21170510_front_a06_@2.png",
        "image_alt": "PC Organics Plain Skyr Icelandic Style 0% MF Yogurt 500 g, $1.20/100g",
        "price_product_tile": "$5.99$5.99"
    },
    {
        "id": 226,
        "name": "Probiotics Yogurt Source of Fibres, Vanilla/Blueberry/Strawberry-Kiwi/Peach",
        "price": "1140 g, $0.48/100g",
        "brand": "Activia",
        "image_url": "https://assets.shop.loblaws.ca/products/21588638/b3/en/front/21588638_front_a06_@2.png",
        "image_alt": "Activia Probiotics Yogurt Source of Fibres, Vanilla/Blueberry/Strawberry-Kiwi/Peach 1140 g, $0.48/100g",
        "price_product_tile": "$5.50$5.50"
    },
    {
        "id": 227,
        "name": "Yogurt with Probiotics, Lactose-free, Vanilla Flavour",
        "price": "650 g, $0.71/100g",
        "brand": "Activia",
        "image_url": "https://assets.shop.loblaws.ca/products/20946086/b3/en/front/20946086_front_a06_@2.png",
        "image_alt": "Activia Yogurt with Probiotics, Lactose-free, Vanilla Flavour 650 g, $0.71/100g",
        "price_product_tile": "$4.59$4.59"
    },
    {
        "id": 228,
        "name": "Organic Kefir Milk, Strawberry",
        "price": "1000 ml, $0.65/100ml",
        "brand": "PC Organics",
        "image_url": "https://assets.shop.loblaws.ca/products/20941529/b3/en/front/20941529_front_a06_@2.png",
        "image_alt": "PC Organics Organic Kefir Milk, Strawberry 1000 ml, $0.65/100ml",
        "price_product_tile": "$6.49$6.49"
    },
    {
        "id": 229,
        "name": "Organic Yogurt, Vanilla 3%",
        "price": "650 g, $0.92/100g",
        "brand": "Olympic",
        "image_url": "https://assets.shop.loblaws.ca/products/20316485006/b3/en/front/20316485006_front_a06_@2.png",
        "image_alt": "Olympic Organic Yogurt, Vanilla 3% 650 g, $0.92/100g",
        "price_product_tile": "$5.99$5.99"
    },
    {
        "id": 230,
        "name": "Black Cherry 0% M.F. Greek Yogurt",
        "price": "4x100.0 g, $1.05/100g",
        "brand": "President's Choice",
        "image_url": "https://assets.shop.loblaws.ca/products/21002075/b3/en/front/21002075_front_a06_@2.png",
        "image_alt": "President's Choice Black Cherry 0% M.F. Greek Yogurt  4x100.0 g, $1.05/100g",
        "price_product_tile": "$4.19$4.19"
    },
    {
        "id": 231,
        "name": "Creamy Yogurt, Vanilla 1.5%",
        "price": "2 kg, $0.52/100g",
        "brand": "IOGO",
        "image_url": "https://assets.shop.loblaws.ca/products/20636092/b3/en/front/20636092_front_a06_@2.png",
        "image_alt": "IOGO Creamy Yogurt, Vanilla 1.5% 2 kg, $0.52/100g",
        "price_product_tile": "$10.49$10.49"
    },
    {
        "id": 232,
        "name": "Plain Yogurt 3%, Balkan Style",
        "price": "750 g, $0.47/100g",
        "brand": "Astro",
        "image_url": "https://assets.shop.loblaws.ca/products/20170533002/b3/en/front/20170533002_front_a06_@2.png",
        "image_alt": "Astro Plain Yogurt 3%, Balkan Style 750 g, $0.47/100g",
        "price_product_tile": "$3.49$3.49"
    },
    {
        "id": 233,
        "name": "Yogurt 1.5% M.F. Variety Pack - Strawberry,Raspberry, Blueberry & Vanilla",
        "price": "16x100.0 g, $0.39/100g",
        "brand": "IOGO",
        "image_url": "https://assets.shop.loblaws.ca/products/20609583001/b3/en/front/20609583001_front_a06_@2.png",
        "image_alt": "IOGO Yogurt 1.5% M.F. Variety Pack - Strawberry,Raspberry, Blueberry & Vanilla 16x100.0 g, $0.39/100g",
        "price_product_tile": "$6.29$6.29"
    },
    {
        "id": 234,
        "name": "Extra Creamy Greek Yogurt Lemon Meringue Flavour, 4% Mf",
        "price": "4x95.0 g, $1.02/100g",
        "brand": "Oikos",
        "image_url": "https://assets.shop.loblaws.ca/products/20945864/b3/en/front/20945864_front_a06_@2.png",
        "image_alt": "Oikos Extra Creamy Greek Yogurt Lemon Meringue Flavour, 4% Mf 4x95.0 g, $1.02/100g",
        "price_product_tile": "$3.89$3.89"
    },
    {
        "id": 235,
        "name": "Tubes Yogurt Cotton Candy Flavour 1% M.F.",
        "price": "448 g, $0.59/100g",
        "brand": "Yoplait",
        "image_url": "https://assets.shop.loblaws.ca/products/21547624/b3/en/front/21547624_front_a06_@2.png",
        "image_alt": "Yoplait Tubes Yogurt Cotton Candy Flavour 1% M.F. 448 g, $0.59/100g",
        "price_product_tile": "$2.65$2.65"
    },
    {
        "id": 236,
        "name": "Creamy Naturally Flavoured Stirred Yogurt Cups - Vanilla, Strawberry, Cherry, Lemon-Lime",
        "price": "16x100.0 g, $0.36/100g",
        "brand": "President's Choice",
        "image_url": "https://assets.shop.loblaws.ca/products/20699925001/b3/en/front/20699925001_front_a06_@2.png",
        "image_alt": "President's Choice Creamy Naturally Flavoured Stirred Yogurt Cups - Vanilla, Strawberry, Cherry, Lemon-Lime 16x100.0 g, $0.36/100g",
        "price_product_tile": "$5.79$5.79"
    },
    {
        "id": 237,
        "name": "Vanilla 2% M.F. Greek Yogurt",
        "price": "4x100.0 g, $1.05/100g",
        "brand": "President's Choice",
        "image_url": "https://assets.shop.loblaws.ca/products/21348028/b3/en/front/21348028_front_a06_@2.png",
        "image_alt": "President's Choice Vanilla 2% M.F. Greek Yogurt 4x100.0 g, $1.05/100g",
        "price_product_tile": "$4.19$4.19"
    },
    {
        "id": 238,
        "name": "Greek Yogurt, Vanilla Flavour, 2% M.F.,  Blended",
        "price": "4x100.0 g, $0.97/100g",
        "brand": "Oikos",
        "image_url": "https://assets.shop.loblaws.ca/products/20625055/b3/en/front/20625055_front_a06_@2.png",
        "image_alt": "Oikos Greek Yogurt, Vanilla Flavour, 2% M.F.,  Blended 4x100.0 g, $0.97/100g",
        "price_product_tile": "$3.89$3.89"
    },
    {
        "id": 239,
        "name": "Greek 3% Low Sugar Yogurt, Vanilla, High Protein",
        "price": "750 g, $0.79/100g",
        "brand": "Liberte",
        "image_url": "https://assets.shop.loblaws.ca/products/21193449/b3/en/front/21193449_front_a06_@2.png",
        "image_alt": "Liberte Greek 3% Low Sugar Yogurt, Vanilla, High Protein 750 g, $0.79/100g",
        "price_product_tile": "$5.89$5.89$6.99$6.99SAVE $1.10"
    },
    {
        "id": 240,
        "name": "Greek Yogurt, Blackberry Flavour, Fruit On The Bottom",
        "price": "4x100.0 g, $0.97/100g",
        "brand": "Oikos",
        "image_url": "https://assets.shop.loblaws.ca/products/21042954003/b3/en/front/21042954003_front_a06_@2.png",
        "image_alt": "Oikos Greek Yogurt, Blackberry Flavour, Fruit On The Bottom 4x100.0 g, $0.97/100g",
        "price_product_tile": "$3.89$3.89"
    },
    {
        "id": 241,
        "name": "Greek Yogurt, Blackberry Flavour, Fruit On The Bottom",
        "price": "4x100.0 g, $0.97/100g",
        "brand": "Oikos",
        "image_url": "https://assets.shop.loblaws.ca/products/21042954003/b3/en/front/21042954003_front_a06_@2.png",
        "image_alt": "Oikos Greek Yogurt, Blackberry Flavour, Fruit On The Bottom 4x100.0 g, $0.97/100g",
        "price_product_tile": "$3.89$3.89"
    },
    {
        "id": 242,
        "name": "M\u00e9diterran\u00e9e 9% Yogurt, Blackberry",
        "price": "500 g, $0.86/100g",
        "brand": "Liberte",
        "image_url": "https://assets.shop.loblaws.ca/products/20795421/b3/en/front/20795421_front_a06_@2.png",
        "image_alt": "Liberte M\u00e9diterran\u00e9e 9% Yogurt, Blackberry 500 g, $0.86/100g",
        "price_product_tile": "$4.29$4.29"
    },
    {
        "id": 243,
        "name": "M\u00e9diterran\u00e9e 9% Yogurt, Orchard Peach",
        "price": "4x100.0 g, $1.05/100g",
        "brand": "Liberte",
        "image_url": "https://assets.shop.loblaws.ca/products/21389653/b3/en/front/21389653_front_a06_@2.png",
        "image_alt": "Liberte M\u00e9diterran\u00e9e 9% Yogurt, Orchard Peach 4x100.0 g, $1.05/100g",
        "price_product_tile": "$4.19$4.19"
    },
    {
        "id": 244,
        "name": "Fat Free Greek Yogurt, Plain, No Added Sugar Value Tub",
        "price": "750 g, $0.80/100g",
        "brand": "Oikos",
        "image_url": "https://assets.shop.loblaws.ca/products/21006634/b3/en/front/21006634_front_a06_@2.png",
        "image_alt": "Oikos Fat Free Greek Yogurt, Plain, No Added Sugar Value Tub 750 g, $0.80/100g",
        "price_product_tile": "$5.99$5.99"
    }
]