<div data-testid="product-grid" class="css-epcqr3"><div class="css-0"><div class="css-f5i5wc"><div class="chakra-linkbox css-vhnn8v"><div data-testid="product-image" class="css-16dr4ly"><img alt="President's Choice Blonde Brew Dealcoholized Lager Beer 12x355.0 ml, $0.20/100ml" src="https://assets.shop.loblaws.ca/products/20121729/b3/en/front/20121729_front_a06_@2.png" srcset="https://assets.shop.loblaws.ca/products/20121729/b3/en/front/20121729_front_a06_@2.png 1x, https://assets.shop.loblaws.ca/products/20121729/b3/en/front/20121729_front_a06_@2.png 2x" loading="lazy" class="chakra-image css-oguq8l" aria-hidden="true"></div><div class="css-qoklea"><div class="css-12dchmx"></div><div data-testid="price-product-tile" class="css-8atqhb"><p class="chakra-text css-0"><span class="chakra-text css-pwnbcb" data-testid="regular-price"><span class="css-idkz9h">$8.49</span>$8.49</span></p></div><a href="/blonde-brew-dealcoholized-lager-beer/p/20121729_C12?source=nspt" class="chakra-linkbox__overlay css-1hnz6hu"><div class="css-0"><p class="chakra-text css-1ecdp9w" data-testid="product-brand">President's Choice</p><h3 class="chakra-heading css-6qrhwc" id="20121729_C12" data-testid="product-title">Blonde Brew Dealcoholized Lager Beer</h3><p class="chakra-text css-1yftjin" data-testid="product-package-size">12x355.0 ml, $0.20/100ml</p></div></a><div class="css-8keand"></div></div><div class="css-1q5omjq"><div class="css-fcebb8"><div data-testid="atc-compact" class="css-y94ivq" style="width: 45px;"><button type="button" class="chakra-button css-mudsm6" data-testid="atc-button"><svg stroke="currentColor" fill="currentColor" stroke-width="0" viewBox="0 0 24 24" focusable="false" class="chakra-icon css-1g3sp7a" data-testid="btn-icon" aria-hidden="true" height="1em" width="1em" xmlns="http://www.w3.org/2000/svg"><path d="M19 13h-6v6h-2v-6H5v-2h6V5h2v6h6v2z"></path></svg><span class="css-idkz9h">Add Blonde Brew Dealcoholized Lager Beer to cart</span></button></div></div></div></div></div></div><div class="css-0"><div class="css-f5i5wc"><div class="chakra-linkbox css-vhnn8v"><div data-testid="product-image" class="css-16dr4ly"><img alt="Corona Sunbrew 0.0% 6x330.0 ml, $0.61/100ml" src="https://assets.shop.loblaws.ca/products/21433615/b3/en/front/21433615_front_a06_@2.png" srcset="https://assets.shop.loblaws.ca/products/21433615/b3/en/front/21433615_front_a06_@2.png 1x, https://assets.shop.loblaws.ca/products/21433615/b3/en/front/21433615_front_a06_@2.png 2x" loading="lazy" class="chakra-image css-oguq8l" aria-hidden="true"></div><div class="css-qoklea"><div class="css-12dchmx"></div><div data-testid="price-product-tile" class="css-8atqhb"><p class="chakra-text css-0"><span class="chakra-text css-o93gbd" data-testid="sale-price"><span class="css-idkz9h">$11.99</span>$11.99</span><span class="chakra-text css-623q5h" data-testid="was-price"><span class="css-idkz9h">$13.49</span>$13.49</span></p><p class="chakra-text css-1m5a6y8" data-testid="price-descriptor">SAVE $1.50</p></div><a href="/sunbrew-0-0/p/21433615_C06?source=nspt" class="chakra-linkbox__overlay css-1hnz6hu"><div class="css-0"><p class="chakra-text css-1ecdp9w" data-testid="product-brand">Corona</p><h3 class="chakra-heading css-6qrhwc" id="21433615_C06" data-testid="product-title">Sunbrew 0.0%</h3><p class="chakra-text css-1yftjin" data-testid="product-package-size">6x330.0 ml, $0.61/100ml</p></div></a><div class="css-8keand"></div></div><div class="css-1q5omjq"><div class="css-fcebb8"><div data-testid="atc-compact" class="css-y94ivq" style="width: 45px;"><button type="button" class="chakra-button css-mudsm6" data-testid="atc-button"><svg stroke="currentColor" fill="currentColor" stroke-width="0" viewBox="0 0 24 24" focusable="false" class="chakra-icon css-1g3sp7a" data-testid="btn-icon" aria-hidden="true" height="1em" width="1em" xmlns="http://www.w3.org/2000/svg"><path d="M19 13h-6v6h-2v-6H5v-2h6V5h2v6h6v2z"></path></svg><span class="css-idkz9h">Add Sunbrew 0.0% to cart</span></button></div></div></div></div></div></div><div class="css-0"><div class="css-f5i5wc"><div class="chakra-linkbox css-vhnn8v"><div data-testid="product-image" class="css-16dr4ly"><img alt="President's Choice Red Brew Dealcoholized Lager Beer  12x355.0 ml, $0.20/100ml" src="https://assets.shop.loblaws.ca/products/20325253/b3/en/front/20325253_front_a06_@2.png" srcset="https://assets.shop.loblaws.ca/products/20325253/b3/en/front/20325253_front_a06_@2.png 1x, https://assets.shop.loblaws.ca/products/20325253/b3/en/front/20325253_front_a06_@2.png 2x" loading="lazy" class="chakra-image css-oguq8l" aria-hidden="true"></div><div class="css-qoklea"><div class="css-12dchmx"></div><div data-testid="price-product-tile" class="css-8atqhb"><p class="chakra-text css-0"><span class="chakra-text css-pwnbcb" data-testid="regular-price"><span class="css-idkz9h">$8.49</span>$8.49</span></p></div><a href="/red-brew-dealcoholized-lager-beer/p/20325253_C12?source=nspt" class="chakra-linkbox__overlay css-1hnz6hu"><div class="css-0"><p class="chakra-text css-1ecdp9w" data-testid="product-brand">President's Choice</p><h3 class="chakra-heading css-6qrhwc" id="20325253_C12" data-testid="product-title">Red Brew Dealcoholized Lager Beer </h3><p class="chakra-text css-1yftjin" data-testid="product-package-size">12x355.0 ml, $0.20/100ml</p></div></a><div class="css-8keand"></div></div><div class="css-1q5omjq"><div class="css-fcebb8"><div data-testid="atc-compact" class="css-y94ivq" style="width: 45px;"><button disabled="" type="button" class="chakra-button css-mudsm6" data-testid="atc-button"><svg stroke="currentColor" fill="currentColor" stroke-width="0" viewBox="0 0 24 24" focusable="false" class="chakra-icon css-1g3sp7a" data-testid="btn-icon" aria-hidden="true" height="1em" width="1em" xmlns="http://www.w3.org/2000/svg"><path d="M19 13h-6v6h-2v-6H5v-2h6V5h2v6h6v2z"></path></svg><span class="css-idkz9h">Add Red Brew Dealcoholized Lager Beer  to cart</span></button></div></div><div class="css-4saf4a"><p class="chakra-text css-py8788" data-testid="inventory-badge-text">Out of Stock</p></div></div></div></div></div><div class="css-0"><div class="css-f5i5wc"><div class="chakra-linkbox css-vhnn8v"><div data-testid="product-image" class="css-16dr4ly"><img alt="Corona Sunbrew Alcohol-Free Beer with Natural Flavour and Vitamin D 12x355.0 ml, $0.49/100ml" src="https://assets.shop.loblaws.ca/products/21515805/b3/en/front/21515805_front_a06_@2.png" srcset="https://assets.shop.loblaws.ca/products/21515805/b3/en/front/21515805_front_a06_@2.png 1x, https://assets.shop.loblaws.ca/products/21515805/b3/en/front/21515805_front_a06_@2.png 2x" loading="lazy" class="chakra-image css-oguq8l" aria-hidden="true"></div><div class="css-qoklea"><div class="css-12dchmx"></div><div data-testid="price-product-tile" class="css-8atqhb"><p class="chakra-text css-0"><span class="chakra-text css-o93gbd" data-testid="sale-price"><span class="css-idkz9h">$20.99</span>$20.99</span><span class="chakra-text css-623q5h" data-testid="was-price"><span class="css-idkz9h">$23.49</span>$23.49</span></p><p class="chakra-text css-1m5a6y8" data-testid="price-descriptor">SAVE $2.50</p></div><a href="/sunbrew-alcohol-free-beer-with-natural-flavour-and/p/21515805_C12?source=nspt" class="chakra-linkbox__overlay css-1hnz6hu"><div class="css-0"><p class="chakra-text css-1ecdp9w" data-testid="product-brand">Corona</p><h3 class="chakra-heading css-6qrhwc" id="21515805_C12" data-testid="product-title">Sunbrew Alcohol-Free Beer with Natural Flavour and Vitamin D</h3><p class="chakra-text css-1yftjin" data-testid="product-package-size">12x355.0 ml, $0.49/100ml</p></div></a><div class="css-8keand"></div></div><div class="css-1q5omjq"><div class="css-fcebb8"><div data-testid="atc-compact" class="css-y94ivq" style="width: 45px;"><button type="button" class="chakra-button css-mudsm6" data-testid="atc-button"><svg stroke="currentColor" fill="currentColor" stroke-width="0" viewBox="0 0 24 24" focusable="false" class="chakra-icon css-1g3sp7a" data-testid="btn-icon" aria-hidden="true" height="1em" width="1em" xmlns="http://www.w3.org/2000/svg"><path d="M19 13h-6v6h-2v-6H5v-2h6V5h2v6h6v2z"></path></svg><span class="css-idkz9h">Add Sunbrew Alcohol-Free Beer with Natural Flavour and Vitamin D to cart</span></button></div></div><div class="css-4saf4a"><p class="chakra-text css-py8788" data-testid="inventory-badge-text">Low Stock</p></div></div></div></div></div><div class="css-0"><div class="css-f5i5wc"><div class="chakra-linkbox css-vhnn8v"><div data-testid="product-image" class="css-16dr4ly"><img alt="President's Choice IPA Low-Alcohol Beer (Less Than 0.5% Alc./Vol.) 4x355.0 ml, $0.49/100ml" src="https://assets.shop.loblaws.ca/products/21589335/b3/en/front/21589335_front_a06_@2.png" srcset="https://assets.shop.loblaws.ca/products/21589335/b3/en/front/21589335_front_a06_@2.png 1x, https://assets.shop.loblaws.ca/products/21589335/b3/en/front/21589335_front_a06_@2.png 2x" loading="lazy" class="chakra-image css-oguq8l" aria-hidden="true"></div><div class="css-qoklea"><div class="css-12dchmx"></div><div data-testid="price-product-tile" class="css-8atqhb"><p class="chakra-text css-0"><span class="chakra-text css-pwnbcb" data-testid="regular-price"><span class="css-idkz9h">$6.99</span>$6.99</span></p></div><a href="/ipa-low-alcohol-beer-less-than-0-5-alc-vol/p/21589335_C04?source=nspt" class="chakra-linkbox__overlay css-1hnz6hu"><div class="css-0"><p class="chakra-text css-1ecdp9w" data-testid="product-brand">President's Choice</p><h3 class="chakra-heading css-6qrhwc" id="21589335_C04" data-testid="product-title">IPA Low-Alcohol Beer (Less Than 0.5% Alc./Vol.)</h3><p class="chakra-text css-1yftjin" data-testid="product-package-size">4x355.0 ml, $0.49/100ml</p></div></a><div class="css-8keand"></div></div><div class="css-1q5omjq"><div class="css-fcebb8"><div data-testid="atc-compact" class="css-y94ivq" style="width: 45px;"><button type="button" class="chakra-button css-mudsm6" data-testid="atc-button"><svg stroke="currentColor" fill="currentColor" stroke-width="0" viewBox="0 0 24 24" focusable="false" class="chakra-icon css-1g3sp7a" data-testid="btn-icon" aria-hidden="true" height="1em" width="1em" xmlns="http://www.w3.org/2000/svg"><path d="M19 13h-6v6h-2v-6H5v-2h6V5h2v6h6v2z"></path></svg><span class="css-idkz9h">Add IPA Low-Alcohol Beer (Less Than 0.5% Alc./Vol.) to cart</span></button></div></div></div></div></div></div><div class="css-0"><div class="css-f5i5wc"><div class="chakra-linkbox css-vhnn8v"><div data-testid="product-image" class="css-16dr4ly"><img alt="Guinness 0 Non-Alcoholic Draught Beer 4x440.0 ml, $0.74/100ml" src="https://assets.shop.loblaws.ca/products/21567137/b3/en/front/21567137_front_a06_@2.png" srcset="https://assets.shop.loblaws.ca/products/21567137/b3/en/front/21567137_front_a06_@2.png 1x, https://assets.shop.loblaws.ca/products/21567137/b3/en/front/21567137_front_a06_@2.png 2x" loading="lazy" class="chakra-image css-oguq8l" aria-hidden="true"></div><div class="css-qoklea"><div class="css-12dchmx"></div><div data-testid="price-product-tile" class="css-8atqhb"><p class="chakra-text css-0"><span class="chakra-text css-pwnbcb" data-testid="regular-price"><span class="css-idkz9h">$12.99</span>$12.99</span></p></div><a href="/0-non-alcoholic-draught-beer/p/21567137_C04?source=nspt" class="chakra-linkbox__overlay css-1hnz6hu"><div class="css-0"><p class="chakra-text css-1ecdp9w" data-testid="product-brand">Guinness</p><h3 class="chakra-heading css-6qrhwc" id="21567137_C04" data-testid="product-title">0 Non-Alcoholic Draught Beer</h3><p class="chakra-text css-1yftjin" data-testid="product-package-size">4x440.0 ml, $0.74/100ml</p></div></a><div class="css-8keand"></div></div><div class="css-1q5omjq"><div class="css-fcebb8"><div data-testid="atc-compact" class="css-y94ivq" style="width: 45px;"><button type="button" class="chakra-button css-mudsm6" data-testid="atc-button"><svg stroke="currentColor" fill="currentColor" stroke-width="0" viewBox="0 0 24 24" focusable="false" class="chakra-icon css-1g3sp7a" data-testid="btn-icon" aria-hidden="true" height="1em" width="1em" xmlns="http://www.w3.org/2000/svg"><path d="M19 13h-6v6h-2v-6H5v-2h6V5h2v6h6v2z"></path></svg><span class="css-idkz9h">Add 0 Non-Alcoholic Draught Beer to cart</span></button></div></div></div></div></div></div><div class="css-0"><div class="css-f5i5wc"><div class="chakra-linkbox css-vhnn8v"><div data-testid="product-image" class="css-16dr4ly"><img alt="Budweiser Bud Zero Can 12x355.0 ml, $0.33/100ml" src="https://assets.shop.loblaws.ca/products/21295370/b3/en/front/21295370_front_a06_@2.png" srcset="https://assets.shop.loblaws.ca/products/21295370/b3/en/front/21295370_front_a06_@2.png 1x, https://assets.shop.loblaws.ca/products/21295370/b3/en/front/21295370_front_a06_@2.png 2x" loading="lazy" class="chakra-image css-oguq8l" aria-hidden="true"></div><div class="css-qoklea"><div class="css-12dchmx"></div><div data-testid="price-product-tile" class="css-8atqhb"><p class="chakra-text css-0"><span class="chakra-text css-pwnbcb" data-testid="regular-price"><span class="css-idkz9h">$13.99</span>$13.99</span></p></div><a href="/bud-zero-can/p/21295370_C12?source=nspt" class="chakra-linkbox__overlay css-1hnz6hu"><div class="css-0"><p class="chakra-text css-1ecdp9w" data-testid="product-brand">Budweiser</p><h3 class="chakra-heading css-6qrhwc" id="21295370_C12" data-testid="product-title">Bud Zero Can</h3><p class="chakra-text css-1yftjin" data-testid="product-package-size">12x355.0 ml, $0.33/100ml</p></div></a><div class="css-8keand"></div></div><div class="css-1q5omjq"><div class="css-fcebb8"><div data-testid="atc-compact" class="css-y94ivq" style="width: 45px;"><button type="button" class="chakra-button css-mudsm6" data-testid="atc-button"><svg stroke="currentColor" fill="currentColor" stroke-width="0" viewBox="0 0 24 24" focusable="false" class="chakra-icon css-1g3sp7a" data-testid="btn-icon" aria-hidden="true" height="1em" width="1em" xmlns="http://www.w3.org/2000/svg"><path d="M19 13h-6v6h-2v-6H5v-2h6V5h2v6h6v2z"></path></svg><span class="css-idkz9h">Add Bud Zero Can to cart</span></button></div></div><div class="css-4saf4a"><p class="chakra-text css-py8788" data-testid="inventory-badge-text">Low Stock</p></div></div></div></div></div><div class="css-0"><div class="css-f5i5wc"><div class="chakra-linkbox css-vhnn8v"><div data-testid="product-image" class="css-16dr4ly"><img alt="Coors Edge Non-Alcoholic Beer with Natural Flavours Double Brewed  12x355.0 ml, $0.45/100ml" src="https://assets.shop.loblaws.ca/products/21105236/b3/en/front/21105236_front_a06_@2.png" srcset="https://assets.shop.loblaws.ca/products/21105236/b3/en/front/21105236_front_a06_@2.png 1x, https://assets.shop.loblaws.ca/products/21105236/b3/en/front/21105236_front_a06_@2.png 2x" loading="lazy" class="chakra-image css-oguq8l" aria-hidden="true"></div><div class="css-qoklea"><div class="css-12dchmx"></div><div data-testid="price-product-tile" class="css-8atqhb"><p class="chakra-text css-0"><span class="chakra-text css-pwnbcb" data-testid="regular-price"><span class="css-idkz9h">$18.99</span>$18.99</span></p></div><a href="/edge-non-alcoholic-beer-with-natural-flavours-doub/p/21105236_C12?source=nspt" class="chakra-linkbox__overlay css-1hnz6hu"><div class="css-0"><p class="chakra-text css-1ecdp9w" data-testid="product-brand">Coors</p><h3 class="chakra-heading css-6qrhwc" id="21105236_C12" data-testid="product-title">Edge Non-Alcoholic Beer with Natural Flavours Double Brewed </h3><p class="chakra-text css-1yftjin" data-testid="product-package-size">12x355.0 ml, $0.45/100ml</p></div></a><div class="css-8keand"></div></div><div class="css-1q5omjq"><div class="css-fcebb8"><div data-testid="atc-compact" class="css-y94ivq" style="width: 45px;"><button type="button" class="chakra-button css-mudsm6" data-testid="atc-button"><svg stroke="currentColor" fill="currentColor" stroke-width="0" viewBox="0 0 24 24" focusable="false" class="chakra-icon css-1g3sp7a" data-testid="btn-icon" aria-hidden="true" height="1em" width="1em" xmlns="http://www.w3.org/2000/svg"><path d="M19 13h-6v6h-2v-6H5v-2h6V5h2v6h6v2z"></path></svg><span class="css-idkz9h">Add Edge Non-Alcoholic Beer with Natural Flavours Double Brewed  to cart</span></button></div></div><div class="css-4saf4a"><p class="chakra-text css-py8788" data-testid="inventory-badge-text">Low Stock</p></div></div></div></div></div><div class="css-0"><div class="css-f5i5wc"><div class="chakra-linkbox css-vhnn8v"><div data-testid="product-image" class="css-16dr4ly"><img alt="Molson Exel Lager 0.5% 24x355.0 ml, $0.19/100ml" src="https://assets.shop.loblaws.ca/products/20079283/b3/en/front/20079283_front_a06_@2.png" srcset="https://assets.shop.loblaws.ca/products/20079283/b3/en/front/20079283_front_a06_@2.png 1x, https://assets.shop.loblaws.ca/products/20079283/b3/en/front/20079283_front_a06_@2.png 2x" loading="lazy" class="chakra-image css-oguq8l" aria-hidden="true"></div><div class="css-qoklea"><div class="css-12dchmx"></div><div data-testid="price-product-tile" class="css-8atqhb"><p class="chakra-text css-0"><span class="chakra-text css-pwnbcb" data-testid="regular-price"><span class="css-idkz9h">$15.99</span>$15.99</span></p></div><a href="/exel-lager-0-5/p/20079283_C24?source=nspt" class="chakra-linkbox__overlay css-1hnz6hu"><div class="css-0"><p class="chakra-text css-1ecdp9w" data-testid="product-brand">Molson</p><h3 class="chakra-heading css-6qrhwc" id="20079283_C24" data-testid="product-title">Exel Lager 0.5%</h3><p class="chakra-text css-1yftjin" data-testid="product-package-size">24x355.0 ml, $0.19/100ml</p></div></a><div class="css-8keand"></div></div><div class="css-1q5omjq"><div class="css-fcebb8"><div data-testid="atc-compact" class="css-y94ivq" style="width: 45px;"><button type="button" class="chakra-button css-mudsm6" data-testid="atc-button"><svg stroke="currentColor" fill="currentColor" stroke-width="0" viewBox="0 0 24 24" focusable="false" class="chakra-icon css-1g3sp7a" data-testid="btn-icon" aria-hidden="true" height="1em" width="1em" xmlns="http://www.w3.org/2000/svg"><path d="M19 13h-6v6h-2v-6H5v-2h6V5h2v6h6v2z"></path></svg><span class="css-idkz9h">Add Exel Lager 0.5% to cart</span></button></div></div></div></div></div></div><div class="css-0"><div class="css-f5i5wc"><div class="chakra-linkbox css-vhnn8v"><div data-testid="product-image" class="css-16dr4ly"><img alt="President's Choice Dark Ale Low Alcohol Beer (Less Than 0.5% Alc./Vol.) 4x355.0 ml, $0.51/100ml" src="https://assets.shop.loblaws.ca/products/21589408/b3/en/front/21589408_front_a06_@2.png" srcset="https://assets.shop.loblaws.ca/products/21589408/b3/en/front/21589408_front_a06_@2.png 1x, https://assets.shop.loblaws.ca/products/21589408/b3/en/front/21589408_front_a06_@2.png 2x" loading="lazy" class="chakra-image css-oguq8l" aria-hidden="true"></div><div class="css-qoklea"><div class="css-12dchmx"></div><div data-testid="price-product-tile" class="css-8atqhb"><p class="chakra-text css-0"><span class="chakra-text css-pwnbcb" data-testid="regular-price"><span class="css-idkz9h">$7.29</span>$7.29</span></p></div><a href="/dark-ale-low-alcohol-beer-less-than-0-5-alc-vol/p/21589408_C04?source=nspt" class="chakra-linkbox__overlay css-1hnz6hu"><div class="css-0"><p class="chakra-text css-1ecdp9w" data-testid="product-brand">President's Choice</p><h3 class="chakra-heading css-6qrhwc" id="21589408_C04" data-testid="product-title">Dark Ale Low Alcohol Beer (Less Than 0.5% Alc./Vol.)</h3><p class="chakra-text css-1yftjin" data-testid="product-package-size">4x355.0 ml, $0.51/100ml</p></div></a><div class="css-8keand"></div></div><div class="css-1q5omjq"><div class="css-fcebb8"><div data-testid="atc-compact" class="css-y94ivq" style="width: 45px;"><button type="button" class="chakra-button css-mudsm6" data-testid="atc-button"><svg stroke="currentColor" fill="currentColor" stroke-width="0" viewBox="0 0 24 24" focusable="false" class="chakra-icon css-1g3sp7a" data-testid="btn-icon" aria-hidden="true" height="1em" width="1em" xmlns="http://www.w3.org/2000/svg"><path d="M19 13h-6v6h-2v-6H5v-2h6V5h2v6h6v2z"></path></svg><span class="css-idkz9h">Add Dark Ale Low Alcohol Beer (Less Than 0.5% Alc./Vol.) to cart</span></button></div></div></div></div></div></div><div class="css-0"><div class="css-f5i5wc"><div class="chakra-linkbox css-vhnn8v"><div data-testid="product-image" class="css-16dr4ly"><img alt="Heineken Alcohol Free Beer Bottles with Natural Flavours  6x330.0 ml, $0.68/100ml" src="https://assets.shop.loblaws.ca/products/21099500/b3/en/front/21099500_front_a06_@2.png" srcset="https://assets.shop.loblaws.ca/products/21099500/b3/en/front/21099500_front_a06_@2.png 1x, https://assets.shop.loblaws.ca/products/21099500/b3/en/front/21099500_front_a06_@2.png 2x" loading="lazy" class="chakra-image css-oguq8l" aria-hidden="true"></div><div class="css-qoklea"><div class="css-12dchmx"></div><div data-testid="price-product-tile" class="css-8atqhb"><p class="chakra-text css-0"><span class="chakra-text css-pwnbcb" data-testid="regular-price"><span class="css-idkz9h">$13.49</span>$13.49</span></p></div><a href="/alcohol-free-beer-bottles-with-natural-flavours/p/21099500_C06?source=nspt" class="chakra-linkbox__overlay css-1hnz6hu"><div class="css-0"><p class="chakra-text css-1ecdp9w" data-testid="product-brand">Heineken</p><h3 class="chakra-heading css-6qrhwc" id="21099500_C06" data-testid="product-title">Alcohol Free Beer Bottles with Natural Flavours </h3><p class="chakra-text css-1yftjin" data-testid="product-package-size">6x330.0 ml, $0.68/100ml</p></div></a><div class="css-8keand"></div></div><div class="css-1q5omjq"><div class="css-fcebb8"><div data-testid="atc-compact" class="css-y94ivq" style="width: 45px;"><button type="button" class="chakra-button css-mudsm6" data-testid="atc-button"><svg stroke="currentColor" fill="currentColor" stroke-width="0" viewBox="0 0 24 24" focusable="false" class="chakra-icon css-1g3sp7a" data-testid="btn-icon" aria-hidden="true" height="1em" width="1em" xmlns="http://www.w3.org/2000/svg"><path d="M19 13h-6v6h-2v-6H5v-2h6V5h2v6h6v2z"></path></svg><span class="css-idkz9h">Add Alcohol Free Beer Bottles with Natural Flavours  to cart</span></button></div></div></div></div></div></div><div class="css-0"><div class="css-f5i5wc"><div class="chakra-linkbox css-vhnn8v"><div data-testid="product-image" class="css-16dr4ly"><img alt="Heineken Alcohol Free Beer with Natural Flavours  6x330.0 ml, $0.68/100ml" src="https://assets.shop.loblaws.ca/products/21100011/b3/en/front/21100011_front_a06_@2.png" srcset="https://assets.shop.loblaws.ca/products/21100011/b3/en/front/21100011_front_a06_@2.png 1x, https://assets.shop.loblaws.ca/products/21100011/b3/en/front/21100011_front_a06_@2.png 2x" loading="lazy" class="chakra-image css-oguq8l" aria-hidden="true"></div><div class="css-qoklea"><div class="css-12dchmx"></div><div data-testid="price-product-tile" class="css-8atqhb"><p class="chakra-text css-0"><span class="chakra-text css-pwnbcb" data-testid="regular-price"><span class="css-idkz9h">$13.49</span>$13.49</span></p></div><a href="/alcohol-free-beer-with-natural-flavours/p/21100011_C06?source=nspt" class="chakra-linkbox__overlay css-1hnz6hu"><div class="css-0"><p class="chakra-text css-1ecdp9w" data-testid="product-brand">Heineken</p><h3 class="chakra-heading css-6qrhwc" id="21100011_C06" data-testid="product-title">Alcohol Free Beer with Natural Flavours </h3><p class="chakra-text css-1yftjin" data-testid="product-package-size">6x330.0 ml, $0.68/100ml</p></div></a><div class="css-8keand"></div></div><div class="css-1q5omjq"><div class="css-fcebb8"><div data-testid="atc-compact" class="css-y94ivq" style="width: 45px;"><button type="button" class="chakra-button css-mudsm6" data-testid="atc-button"><svg stroke="currentColor" fill="currentColor" stroke-width="0" viewBox="0 0 24 24" focusable="false" class="chakra-icon css-1g3sp7a" data-testid="btn-icon" aria-hidden="true" height="1em" width="1em" xmlns="http://www.w3.org/2000/svg"><path d="M19 13h-6v6h-2v-6H5v-2h6V5h2v6h6v2z"></path></svg><span class="css-idkz9h">Add Alcohol Free Beer with Natural Flavours  to cart</span></button></div></div></div></div></div></div><div class="css-0"><div class="css-f5i5wc"><div class="chakra-linkbox css-vhnn8v"><div data-testid="product-image" class="css-16dr4ly"><img alt="Partake Nonalcoholic Craft Beer, IPA 4x355.0 ml, $0.51/100ml" src="https://assets.shop.loblaws.ca/products/21208552/b3/en/front/21208552_front_a06_@2.png" srcset="https://assets.shop.loblaws.ca/products/21208552/b3/en/front/21208552_front_a06_@2.png 1x, https://assets.shop.loblaws.ca/products/21208552/b3/en/front/21208552_front_a06_@2.png 2x" loading="lazy" class="chakra-image css-oguq8l" aria-hidden="true"></div><div class="css-qoklea"><div class="css-12dchmx"></div><div data-testid="price-product-tile" class="css-8atqhb"><p class="chakra-text css-0"><span class="chakra-text css-o93gbd" data-testid="sale-price"><span class="css-idkz9h">$7.29</span>$7.29</span><span class="chakra-text css-623q5h" data-testid="was-price"><span class="css-idkz9h">$8.99</span>$8.99</span></p><p class="chakra-text css-1m5a6y8" data-testid="price-descriptor">SAVE $1.70</p></div><a href="/nonalcoholic-craft-beer-ipa/p/21208552_C04?source=nspt" class="chakra-linkbox__overlay css-1hnz6hu"><div class="css-0"><p class="chakra-text css-1ecdp9w" data-testid="product-brand">Partake</p><h3 class="chakra-heading css-6qrhwc" id="21208552_C04" data-testid="product-title">Nonalcoholic Craft Beer, IPA</h3><p class="chakra-text css-1yftjin" data-testid="product-package-size">4x355.0 ml, $0.51/100ml</p></div></a><div class="css-8keand"></div></div><div class="css-1q5omjq"><div class="css-fcebb8"><div data-testid="atc-compact" class="css-y94ivq" style="width: 45px;"><button type="button" class="chakra-button css-mudsm6" data-testid="atc-button"><svg stroke="currentColor" fill="currentColor" stroke-width="0" viewBox="0 0 24 24" focusable="false" class="chakra-icon css-1g3sp7a" data-testid="btn-icon" aria-hidden="true" height="1em" width="1em" xmlns="http://www.w3.org/2000/svg"><path d="M19 13h-6v6h-2v-6H5v-2h6V5h2v6h6v2z"></path></svg><span class="css-idkz9h">Add Nonalcoholic Craft Beer, IPA to cart</span></button></div></div></div></div></div></div><div class="css-0"><div class="css-f5i5wc"><div class="chakra-linkbox css-vhnn8v"><div data-testid="product-image" class="css-16dr4ly"><img alt="Molson Exel Lager 0.5% 12x355.0 ml, $0.22/100ml" src="https://assets.shop.loblaws.ca/products/20056727/b3/en/front/20056727_front_a06_@2.png" srcset="https://assets.shop.loblaws.ca/products/20056727/b3/en/front/20056727_front_a06_@2.png 1x, https://assets.shop.loblaws.ca/products/20056727/b3/en/front/20056727_front_a06_@2.png 2x" loading="lazy" class="chakra-image css-oguq8l" aria-hidden="true"></div><div class="css-qoklea"><div class="css-12dchmx"></div><div data-testid="price-product-tile" class="css-8atqhb"><p class="chakra-text css-0"><span class="chakra-text css-pwnbcb" data-testid="regular-price"><span class="css-idkz9h">$9.49</span>$9.49</span></p></div><a href="/exel-lager-0-5/p/20056727_C12?source=nspt" class="chakra-linkbox__overlay css-1hnz6hu"><div class="css-0"><p class="chakra-text css-1ecdp9w" data-testid="product-brand">Molson</p><h3 class="chakra-heading css-6qrhwc" id="20056727_C12" data-testid="product-title">Exel Lager 0.5%</h3><p class="chakra-text css-1yftjin" data-testid="product-package-size">12x355.0 ml, $0.22/100ml</p></div></a><div class="css-8keand"></div></div><div class="css-1q5omjq"><div class="css-fcebb8"><div data-testid="atc-compact" class="css-y94ivq" style="width: 45px;"><button type="button" class="chakra-button css-mudsm6" data-testid="atc-button"><svg stroke="currentColor" fill="currentColor" stroke-width="0" viewBox="0 0 24 24" focusable="false" class="chakra-icon css-1g3sp7a" data-testid="btn-icon" aria-hidden="true" height="1em" width="1em" xmlns="http://www.w3.org/2000/svg"><path d="M19 13h-6v6h-2v-6H5v-2h6V5h2v6h6v2z"></path></svg><span class="css-idkz9h">Add Exel Lager 0.5% to cart</span></button></div></div><div class="css-4saf4a"><p class="chakra-text css-py8788" data-testid="inventory-badge-text">Low Stock</p></div></div></div></div></div><div class="css-0"><div class="css-f5i5wc"><div class="chakra-linkbox css-vhnn8v"><div data-testid="product-image" class="css-16dr4ly"><img alt="Kronenbourg 1664 Blanc Alcohol-Free Citrus Flavoured Wheat Beer 6x330.0 ml, $0.56/100ml" src="https://assets.shop.loblaws.ca/products/21582390/b3/en/front/21582390_front_a06_@2.png" srcset="https://assets.shop.loblaws.ca/products/21582390/b3/en/front/21582390_front_a06_@2.png 1x, https://assets.shop.loblaws.ca/products/21582390/b3/en/front/21582390_front_a06_@2.png 2x" loading="lazy" class="chakra-image css-oguq8l" aria-hidden="true"></div><div class="css-qoklea"><div class="css-12dchmx"></div><div data-testid="price-product-tile" class="css-8atqhb"><p class="chakra-text css-0"><span class="chakra-text css-pwnbcb" data-testid="regular-price"><span class="css-idkz9h">$10.99</span>$10.99</span></p></div><a href="/1664-blanc-alcohol-free-citrus-flavoured-wheat-bee/p/21582390_C06?source=nspt" class="chakra-linkbox__overlay css-1hnz6hu"><div class="css-0"><p class="chakra-text css-1ecdp9w" data-testid="product-brand">Kronenbourg</p><h3 class="chakra-heading css-6qrhwc" id="21582390_C06" data-testid="product-title">1664 Blanc Alcohol-Free Citrus Flavoured Wheat Beer</h3><p class="chakra-text css-1yftjin" data-testid="product-package-size">6x330.0 ml, $0.56/100ml</p></div></a><div class="css-8keand"></div></div><div class="css-1q5omjq"><div class="css-fcebb8"><div data-testid="atc-compact" class="css-y94ivq" style="width: 45px;"><button type="button" class="chakra-button css-mudsm6" data-testid="atc-button"><svg stroke="currentColor" fill="currentColor" stroke-width="0" viewBox="0 0 24 24" focusable="false" class="chakra-icon css-1g3sp7a" data-testid="btn-icon" aria-hidden="true" height="1em" width="1em" xmlns="http://www.w3.org/2000/svg"><path d="M19 13h-6v6h-2v-6H5v-2h6V5h2v6h6v2z"></path></svg><span class="css-idkz9h">Add 1664 Blanc Alcohol-Free Citrus Flavoured Wheat Beer to cart</span></button></div></div></div></div></div></div><div class="css-0"><div class="css-f5i5wc"><div class="chakra-linkbox css-vhnn8v"><div data-testid="product-image" class="css-16dr4ly"><img alt="Partake Non Alcoholic Beer, PALE 4x355.0 ml, $0.51/100ml" src="https://assets.shop.loblaws.ca/products/21208553/b3/en/front/21208553_front_a06_@2.png" srcset="https://assets.shop.loblaws.ca/products/21208553/b3/en/front/21208553_front_a06_@2.png 1x, https://assets.shop.loblaws.ca/products/21208553/b3/en/front/21208553_front_a06_@2.png 2x" loading="lazy" class="chakra-image css-oguq8l" aria-hidden="true"></div><div class="css-qoklea"><div class="css-12dchmx"></div><div data-testid="price-product-tile" class="css-8atqhb"><p class="chakra-text css-0"><span class="chakra-text css-o93gbd" data-testid="sale-price"><span class="css-idkz9h">$7.29</span>$7.29</span><span class="chakra-text css-623q5h" data-testid="was-price"><span class="css-idkz9h">$8.99</span>$8.99</span></p><p class="chakra-text css-1m5a6y8" data-testid="price-descriptor">SAVE $1.70</p></div><a href="/non-alcoholic-beer-pale/p/21208553_C04?source=nspt" class="chakra-linkbox__overlay css-1hnz6hu"><div class="css-0"><p class="chakra-text css-1ecdp9w" data-testid="product-brand">Partake</p><h3 class="chakra-heading css-6qrhwc" id="21208553_C04" data-testid="product-title">Non Alcoholic Beer, PALE</h3><p class="chakra-text css-1yftjin" data-testid="product-package-size">4x355.0 ml, $0.51/100ml</p></div></a><div class="css-8keand"></div></div><div class="css-1q5omjq"><div class="css-fcebb8"><div data-testid="atc-compact" class="css-y94ivq" style="width: 45px;"><button type="button" class="chakra-button css-mudsm6" data-testid="atc-button"><svg stroke="currentColor" fill="currentColor" stroke-width="0" viewBox="0 0 24 24" focusable="false" class="chakra-icon css-1g3sp7a" data-testid="btn-icon" aria-hidden="true" height="1em" width="1em" xmlns="http://www.w3.org/2000/svg"><path d="M19 13h-6v6h-2v-6H5v-2h6V5h2v6h6v2z"></path></svg><span class="css-idkz9h">Add Non Alcoholic Beer, PALE to cart</span></button></div></div></div></div></div></div><div class="css-0"><div class="css-f5i5wc"><div class="chakra-linkbox css-vhnn8v"><div data-testid="product-image" class="css-16dr4ly"><img alt="Becks Non-Alcoholic Beer  6x330.0 ml, $0.58/100ml" src="https://assets.shop.loblaws.ca/products/20080645/b3/en/front/20080645_front_a06_@2.png" srcset="https://assets.shop.loblaws.ca/products/20080645/b3/en/front/20080645_front_a06_@2.png 1x, https://assets.shop.loblaws.ca/products/20080645/b3/en/front/20080645_front_a06_@2.png 2x" loading="lazy" class="chakra-image css-oguq8l" aria-hidden="true"></div><div class="css-qoklea"><div class="css-12dchmx"></div><div data-testid="price-product-tile" class="css-8atqhb"><p class="chakra-text css-0"><span class="chakra-text css-pwnbcb" data-testid="regular-price"><span class="css-idkz9h">$11.49</span>$11.49</span></p></div><a href="/non-alcoholic-beer/p/20080645_C06?source=nspt" class="chakra-linkbox__overlay css-1hnz6hu"><div class="css-0"><p class="chakra-text css-1ecdp9w" data-testid="product-brand">Becks</p><h3 class="chakra-heading css-6qrhwc" id="20080645_C06" data-testid="product-title">Non-Alcoholic Beer </h3><p class="chakra-text css-1yftjin" data-testid="product-package-size">6x330.0 ml, $0.58/100ml</p></div></a><div class="css-8keand"></div></div><div class="css-1q5omjq"><div class="css-fcebb8"><div data-testid="atc-compact" class="css-y94ivq" style="width: 45px;"><button type="button" class="chakra-button css-mudsm6" data-testid="atc-button"><svg stroke="currentColor" fill="currentColor" stroke-width="0" viewBox="0 0 24 24" focusable="false" class="chakra-icon css-1g3sp7a" data-testid="btn-icon" aria-hidden="true" height="1em" width="1em" xmlns="http://www.w3.org/2000/svg"><path d="M19 13h-6v6h-2v-6H5v-2h6V5h2v6h6v2z"></path></svg><span class="css-idkz9h">Add Non-Alcoholic Beer  to cart</span></button></div></div></div></div></div></div><div class="css-0"><div class="css-f5i5wc"><div class="chakra-linkbox css-vhnn8v"><div data-testid="product-image" class="css-16dr4ly"><img alt="Casal Domingo Domingo Mixed Flavours Non-Alcoholic, Club Pack  12x341.0 ml, $0.42/100ml" src="https://assets.shop.loblaws.ca/products/20297835/b3/en/front/20297835_front_a06_@2.png" srcset="https://assets.shop.loblaws.ca/products/20297835/b3/en/front/20297835_front_a06_@2.png 1x, https://assets.shop.loblaws.ca/products/20297835/b3/en/front/20297835_front_a06_@2.png 2x" loading="lazy" class="chakra-image css-oguq8l" aria-hidden="true"></div><div class="css-qoklea"><div class="css-12dchmx"></div><div data-testid="price-product-tile" class="css-8atqhb"><p class="chakra-text css-0"><span class="chakra-text css-pwnbcb" data-testid="regular-price"><span class="css-idkz9h">$16.99</span>$16.99</span></p></div><a href="/domingo-mixed-flavours-non-alcoholic-club-pack/p/20297835_C12?source=nspt" class="chakra-linkbox__overlay css-1hnz6hu"><div class="css-0"><p class="chakra-text css-1ecdp9w" data-testid="product-brand">Casal Domingo</p><h3 class="chakra-heading css-6qrhwc" id="20297835_C12" data-testid="product-title">Domingo Mixed Flavours Non-Alcoholic, Club Pack </h3><p class="chakra-text css-1yftjin" data-testid="product-package-size">12x341.0 ml, $0.42/100ml</p></div></a><div class="css-8keand"></div></div><div class="css-1q5omjq"><div class="css-fcebb8"><div data-testid="atc-compact" class="css-y94ivq" style="width: 45px;"><button type="button" class="chakra-button css-mudsm6" data-testid="atc-button"><svg stroke="currentColor" fill="currentColor" stroke-width="0" viewBox="0 0 24 24" focusable="false" class="chakra-icon css-1g3sp7a" data-testid="btn-icon" aria-hidden="true" height="1em" width="1em" xmlns="http://www.w3.org/2000/svg"><path d="M19 13h-6v6h-2v-6H5v-2h6V5h2v6h6v2z"></path></svg><span class="css-idkz9h">Add Domingo Mixed Flavours Non-Alcoholic, Club Pack  to cart</span></button></div></div><div class="css-4saf4a"><p class="chakra-text css-py8788" data-testid="inventory-badge-text">Low Stock</p></div></div></div></div></div><div class="css-0"><div class="css-f5i5wc"><div class="chakra-linkbox css-vhnn8v"><div data-testid="product-image" class="css-16dr4ly"><img alt="Grolsch Non-Alcoholic Beer      4x500.0 ml, $0.40/100ml" src="https://assets.shop.loblaws.ca/products/20938318/b3/en/front/20938318_front_a06_@2.png" srcset="https://assets.shop.loblaws.ca/products/20938318/b3/en/front/20938318_front_a06_@2.png 1x, https://assets.shop.loblaws.ca/products/20938318/b3/en/front/20938318_front_a06_@2.png 2x" loading="lazy" class="chakra-image css-oguq8l" aria-hidden="true"></div><div class="css-qoklea"><div class="css-12dchmx"></div><div data-testid="price-product-tile" class="css-8atqhb"><p class="chakra-text css-0"><span class="chakra-text css-pwnbcb" data-testid="regular-price"><span class="css-idkz9h">$7.99</span>$7.99</span></p></div><a href="/non-alcoholic-beer/p/20938318_C04?source=nspt" class="chakra-linkbox__overlay css-1hnz6hu"><div class="css-0"><p class="chakra-text css-1ecdp9w" data-testid="product-brand">Grolsch</p><h3 class="chakra-heading css-6qrhwc" id="20938318_C04" data-testid="product-title">Non-Alcoholic Beer     </h3><p class="chakra-text css-1yftjin" data-testid="product-package-size">4x500.0 ml, $0.40/100ml</p></div></a><div class="css-8keand"></div></div><div class="css-1q5omjq"><div class="css-fcebb8"><div data-testid="atc-compact" class="css-y94ivq" style="width: 45px;"><button type="button" class="chakra-button css-mudsm6" data-testid="atc-button"><svg stroke="currentColor" fill="currentColor" stroke-width="0" viewBox="0 0 24 24" focusable="false" class="chakra-icon css-1g3sp7a" data-testid="btn-icon" aria-hidden="true" height="1em" width="1em" xmlns="http://www.w3.org/2000/svg"><path d="M19 13h-6v6h-2v-6H5v-2h6V5h2v6h6v2z"></path></svg><span class="css-idkz9h">Add Non-Alcoholic Beer      to cart</span></button></div></div></div></div></div></div><div class="css-0"><div class="css-f5i5wc"><div class="chakra-linkbox css-vhnn8v"><div data-testid="product-image" class="css-16dr4ly"><img alt="Carl Jung De-Alcoholized Wine, Red 750 ml, $0.93/100ml" src="https://assets.shop.loblaws.ca/products/20300444/b3/en/front/20300444_front_a06_@2.png" srcset="https://assets.shop.loblaws.ca/products/20300444/b3/en/front/20300444_front_a06_@2.png 1x, https://assets.shop.loblaws.ca/products/20300444/b3/en/front/20300444_front_a06_@2.png 2x" loading="lazy" class="chakra-image css-oguq8l" aria-hidden="true"></div><div class="css-qoklea"><div class="css-12dchmx"></div><div data-testid="price-product-tile" class="css-8atqhb"><p class="chakra-text css-0"><span class="chakra-text css-pwnbcb" data-testid="regular-price"><span class="css-idkz9h">$6.99</span>$6.99</span></p></div><a href="/de-alcoholized-wine-red/p/20300444_EA?source=nspt" class="chakra-linkbox__overlay css-1hnz6hu"><div class="css-0"><p class="chakra-text css-1ecdp9w" data-testid="product-brand">Carl Jung</p><h3 class="chakra-heading css-6qrhwc" id="20300444_EA" data-testid="product-title">De-Alcoholized Wine, Red</h3><p class="chakra-text css-1yftjin" data-testid="product-package-size">750 ml, $0.93/100ml</p></div></a><div class="css-8keand"><p class="chakra-text css-wytexo" data-testid="product-pco-badge">250 PC Optimum Points</p></div></div><div class="css-1q5omjq"><div class="css-fcebb8"><div data-testid="atc-compact" class="css-y94ivq" style="width: 45px;"><button type="button" class="chakra-button css-mudsm6" data-testid="atc-button"><svg stroke="currentColor" fill="currentColor" stroke-width="0" viewBox="0 0 24 24" focusable="false" class="chakra-icon css-1g3sp7a" data-testid="btn-icon" aria-hidden="true" height="1em" width="1em" xmlns="http://www.w3.org/2000/svg"><path d="M19 13h-6v6h-2v-6H5v-2h6V5h2v6h6v2z"></path></svg><span class="css-idkz9h">Add De-Alcoholized Wine, Red to cart</span></button></div></div></div></div></div></div><div class="css-0"><div class="css-f5i5wc"><div class="chakra-linkbox css-vhnn8v"><div data-testid="product-image" class="css-16dr4ly"><img alt="Partake Craft Non-Alcoholic Beer Blonde 4x355.0 ml, $0.51/100ml" src="https://assets.shop.loblaws.ca/products/21359004/b3/en/front/21359004_front_a06_@2.png" srcset="https://assets.shop.loblaws.ca/products/21359004/b3/en/front/21359004_front_a06_@2.png 1x, https://assets.shop.loblaws.ca/products/21359004/b3/en/front/21359004_front_a06_@2.png 2x" loading="lazy" class="chakra-image css-oguq8l" aria-hidden="true"></div><div class="css-qoklea"><div class="css-12dchmx"></div><div data-testid="price-product-tile" class="css-8atqhb"><p class="chakra-text css-0"><span class="chakra-text css-o93gbd" data-testid="sale-price"><span class="css-idkz9h">$7.29</span>$7.29</span><span class="chakra-text css-623q5h" data-testid="was-price"><span class="css-idkz9h">$8.99</span>$8.99</span></p><p class="chakra-text css-1m5a6y8" data-testid="price-descriptor">SAVE $1.70</p></div><a href="/craft-non-alcoholic-beer-blonde/p/21359004_C04?source=nspt" class="chakra-linkbox__overlay css-1hnz6hu"><div class="css-0"><p class="chakra-text css-1ecdp9w" data-testid="product-brand">Partake</p><h3 class="chakra-heading css-6qrhwc" id="21359004_C04" data-testid="product-title">Craft Non-Alcoholic Beer Blonde</h3><p class="chakra-text css-1yftjin" data-testid="product-package-size">4x355.0 ml, $0.51/100ml</p></div></a><div class="css-8keand"></div></div><div class="css-1q5omjq"><div class="css-fcebb8"><div data-testid="atc-compact" class="css-y94ivq" style="width: 45px;"><button type="button" class="chakra-button css-mudsm6" data-testid="atc-button"><svg stroke="currentColor" fill="currentColor" stroke-width="0" viewBox="0 0 24 24" focusable="false" class="chakra-icon css-1g3sp7a" data-testid="btn-icon" aria-hidden="true" height="1em" width="1em" xmlns="http://www.w3.org/2000/svg"><path d="M19 13h-6v6h-2v-6H5v-2h6V5h2v6h6v2z"></path></svg><span class="css-idkz9h">Add Craft Non-Alcoholic Beer Blonde to cart</span></button></div></div></div></div></div></div><div class="css-0"><div class="css-f5i5wc"><div class="chakra-linkbox css-vhnn8v"><div data-testid="product-image" class="css-16dr4ly"><img alt="Carl Jung White Wine De-Alcoholized 750 ml, $0.93/100ml" src="https://assets.shop.loblaws.ca/products/20185245/b3/en/front/20185245_front_a06_@2.png" srcset="https://assets.shop.loblaws.ca/products/20185245/b3/en/front/20185245_front_a06_@2.png 1x, https://assets.shop.loblaws.ca/products/20185245/b3/en/front/20185245_front_a06_@2.png 2x" loading="lazy" class="chakra-image css-oguq8l" aria-hidden="true"></div><div class="css-qoklea"><div class="css-12dchmx"></div><div data-testid="price-product-tile" class="css-8atqhb"><p class="chakra-text css-0"><span class="chakra-text css-pwnbcb" data-testid="regular-price"><span class="css-idkz9h">$6.99</span>$6.99</span></p></div><a href="/white-wine-de-alcoholized/p/20185245_EA?source=nspt" class="chakra-linkbox__overlay css-1hnz6hu"><div class="css-0"><p class="chakra-text css-1ecdp9w" data-testid="product-brand">Carl Jung</p><h3 class="chakra-heading css-6qrhwc" id="20185245_EA" data-testid="product-title">White Wine De-Alcoholized</h3><p class="chakra-text css-1yftjin" data-testid="product-package-size">750 ml, $0.93/100ml</p></div></a><div class="css-8keand"><p class="chakra-text css-wytexo" data-testid="product-pco-badge">250 PC Optimum Points</p></div></div><div class="css-1q5omjq"><div class="css-fcebb8"><div data-testid="atc-compact" class="css-y94ivq" style="width: 45px;"><button type="button" class="chakra-button css-mudsm6" data-testid="atc-button"><svg stroke="currentColor" fill="currentColor" stroke-width="0" viewBox="0 0 24 24" focusable="false" class="chakra-icon css-1g3sp7a" data-testid="btn-icon" aria-hidden="true" height="1em" width="1em" xmlns="http://www.w3.org/2000/svg"><path d="M19 13h-6v6h-2v-6H5v-2h6V5h2v6h6v2z"></path></svg><span class="css-idkz9h">Add White Wine De-Alcoholized to cart</span></button></div></div></div></div></div></div><div class="css-0"><div class="css-f5i5wc"><div class="chakra-linkbox css-vhnn8v"><div data-testid="product-image" class="css-16dr4ly"><img alt="President's Choice Sauvignon Blanc Dealcoholized Wine 750 ml, $1.07/100ml" src="https://assets.shop.loblaws.ca/products/21403389/b3/en/front/21403389_front_a06_@2.png" srcset="https://assets.shop.loblaws.ca/products/21403389/b3/en/front/21403389_front_a06_@2.png 1x, https://assets.shop.loblaws.ca/products/21403389/b3/en/front/21403389_front_a06_@2.png 2x" loading="lazy" class="chakra-image css-oguq8l" aria-hidden="true"></div><div class="css-qoklea"><div class="css-12dchmx"></div><div data-testid="price-product-tile" class="css-8atqhb"><p class="chakra-text css-0"><span class="chakra-text css-pwnbcb" data-testid="regular-price"><span class="css-idkz9h">$7.99</span>$7.99</span></p></div><a href="/sauvignon-blanc-dealcoholized-wine/p/21403389_EA?source=nspt" class="chakra-linkbox__overlay css-1hnz6hu"><div class="css-0"><p class="chakra-text css-1ecdp9w" data-testid="product-brand">President's Choice</p><h3 class="chakra-heading css-6qrhwc" id="21403389_EA" data-testid="product-title">Sauvignon Blanc Dealcoholized Wine</h3><p class="chakra-text css-1yftjin" data-testid="product-package-size">750 ml, $1.07/100ml</p></div></a><div class="css-8keand"></div></div><div class="css-1q5omjq"><div class="css-fcebb8"><div data-testid="atc-compact" class="css-y94ivq" style="width: 45px;"><button type="button" class="chakra-button css-mudsm6" data-testid="atc-button"><svg stroke="currentColor" fill="currentColor" stroke-width="0" viewBox="0 0 24 24" focusable="false" class="chakra-icon css-1g3sp7a" data-testid="btn-icon" aria-hidden="true" height="1em" width="1em" xmlns="http://www.w3.org/2000/svg"><path d="M19 13h-6v6h-2v-6H5v-2h6V5h2v6h6v2z"></path></svg><span class="css-idkz9h">Add Sauvignon Blanc Dealcoholized Wine to cart</span></button></div></div></div></div></div></div><div class="css-0"><div class="css-f5i5wc"><div class="chakra-linkbox css-vhnn8v"><div data-testid="product-image" class="css-16dr4ly"><img alt="President's Choice Merlot Dealcoholized Wine 750 ml, $1.07/100ml" src="https://assets.shop.loblaws.ca/products/21045602/b3/en/front/21045602_front_a06_@2.png" srcset="https://assets.shop.loblaws.ca/products/21045602/b3/en/front/21045602_front_a06_@2.png 1x, https://assets.shop.loblaws.ca/products/21045602/b3/en/front/21045602_front_a06_@2.png 2x" loading="lazy" class="chakra-image css-oguq8l" aria-hidden="true"></div><div class="css-qoklea"><div class="css-12dchmx"></div><div data-testid="price-product-tile" class="css-8atqhb"><p class="chakra-text css-0"><span class="chakra-text css-pwnbcb" data-testid="regular-price"><span class="css-idkz9h">$7.99</span>$7.99</span></p></div><a href="/merlot-dealcoholized-wine/p/21045602_EA?source=nspt" class="chakra-linkbox__overlay css-1hnz6hu"><div class="css-0"><p class="chakra-text css-1ecdp9w" data-testid="product-brand">President's Choice</p><h3 class="chakra-heading css-6qrhwc" id="21045602_EA" data-testid="product-title">Merlot Dealcoholized Wine</h3><p class="chakra-text css-1yftjin" data-testid="product-package-size">750 ml, $1.07/100ml</p></div></a><div class="css-8keand"></div></div><div class="css-1q5omjq"><div class="css-fcebb8"><div data-testid="atc-compact" class="css-y94ivq" style="width: 45px;"><button type="button" class="chakra-button css-mudsm6" data-testid="atc-button"><svg stroke="currentColor" fill="currentColor" stroke-width="0" viewBox="0 0 24 24" focusable="false" class="chakra-icon css-1g3sp7a" data-testid="btn-icon" aria-hidden="true" height="1em" width="1em" xmlns="http://www.w3.org/2000/svg"><path d="M19 13h-6v6h-2v-6H5v-2h6V5h2v6h6v2z"></path></svg><span class="css-idkz9h">Add Merlot Dealcoholized Wine to cart</span></button></div></div></div></div></div></div><div class="css-0"><div class="css-f5i5wc"><div class="chakra-linkbox css-vhnn8v"><div data-testid="product-image" class="css-16dr4ly"><img alt="President's Choice Chardonnay Dealcoholized Wine 750 ml, $1.07/100ml" src="https://assets.shop.loblaws.ca/products/21045800/b3/en/front/21045800_front_a06_@2.png" srcset="https://assets.shop.loblaws.ca/products/21045800/b3/en/front/21045800_front_a06_@2.png 1x, https://assets.shop.loblaws.ca/products/21045800/b3/en/front/21045800_front_a06_@2.png 2x" loading="lazy" class="chakra-image css-oguq8l" aria-hidden="true"></div><div class="css-qoklea"><div class="css-12dchmx"></div><div data-testid="price-product-tile" class="css-8atqhb"><p class="chakra-text css-0"><span class="chakra-text css-pwnbcb" data-testid="regular-price"><span class="css-idkz9h">$7.99</span>$7.99</span></p></div><a href="/chardonnay-dealcoholized-wine/p/21045800_EA?source=nspt" class="chakra-linkbox__overlay css-1hnz6hu"><div class="css-0"><p class="chakra-text css-1ecdp9w" data-testid="product-brand">President's Choice</p><h3 class="chakra-heading css-6qrhwc" id="21045800_EA" data-testid="product-title">Chardonnay Dealcoholized Wine</h3><p class="chakra-text css-1yftjin" data-testid="product-package-size">750 ml, $1.07/100ml</p></div></a><div class="css-8keand"></div></div><div class="css-1q5omjq"><div class="css-fcebb8"><div data-testid="atc-compact" class="css-y94ivq" style="width: 45px;"><button type="button" class="chakra-button css-mudsm6" data-testid="atc-button"><svg stroke="currentColor" fill="currentColor" stroke-width="0" viewBox="0 0 24 24" focusable="false" class="chakra-icon css-1g3sp7a" data-testid="btn-icon" aria-hidden="true" height="1em" width="1em" xmlns="http://www.w3.org/2000/svg"><path d="M19 13h-6v6h-2v-6H5v-2h6V5h2v6h6v2z"></path></svg><span class="css-idkz9h">Add Chardonnay Dealcoholized Wine to cart</span></button></div></div></div></div></div></div></div>