<div data-testid="product-grid" class="css-epcqr3"><div class="css-0"><div class="css-f5i5wc"><div class="chakra-linkbox css-vhnn8v"><div data-testid="product-image" class="css-16dr4ly"><img alt="Cracker Barrel Marble Cheddar Cheese Slices 240 g, $2.70/100g" src="https://assets.shop.loblaws.ca/products/21290705/b3/en/front/21290705_front_a06_@2.png" srcset="https://assets.shop.loblaws.ca/products/21290705/b3/en/front/21290705_front_a06_@2.png 1x, https://assets.shop.loblaws.ca/products/21290705/b3/en/front/21290705_front_a06_@2.png 2x" loading="lazy" class="chakra-image css-oguq8l" aria-hidden="true"></div><div class="css-qoklea"><div class="css-12dchmx"></div><div data-testid="price-product-tile" class="css-8atqhb"><p class="chakra-text css-0"><span class="chakra-text css-pwnbcb" data-testid="regular-price"><span class="css-idkz9h">$6.49</span>$6.49</span></p></div><a href="/marble-cheddar-cheese-slices/p/21290705_EA?source=nspt" class="chakra-linkbox__overlay css-1hnz6hu"><div class="css-0"><p class="chakra-text css-1ecdp9w" data-testid="product-brand">Cracker Barrel</p><h3 class="chakra-heading css-6qrhwc" id="21290705_EA" data-testid="product-title">Marble Cheddar Cheese Slices</h3><p class="chakra-text css-1yftjin" data-testid="product-package-size">240 g, $2.70/100g</p></div></a><div class="css-8keand"></div></div><div class="css-1q5omjq"><div class="css-fcebb8"><div data-testid="atc-compact" class="css-y94ivq" style="width: 45px;"><button type="button" class="chakra-button css-mudsm6" data-testid="atc-button"><svg stroke="currentColor" fill="currentColor" stroke-width="0" viewBox="0 0 24 24" focusable="false" class="chakra-icon css-1g3sp7a" data-testid="btn-icon" aria-hidden="true" height="1em" width="1em" xmlns="http://www.w3.org/2000/svg"><path d="M19 13h-6v6h-2v-6H5v-2h6V5h2v6h6v2z"></path></svg><span class="css-idkz9h">Add Marble Cheddar Cheese Slices to cart</span></button></div></div></div></div></div></div><div class="css-0"><div class="css-f5i5wc"><div class="chakra-linkbox css-vhnn8v"><div data-testid="product-image" class="css-16dr4ly"><img alt="Kraft Singles Original Slices, 22 Slices 410 g, $1.41/100g" src="https://assets.shop.loblaws.ca/products/21188654/b3/en/front/21188654_front_a06_@2.png" srcset="https://assets.shop.loblaws.ca/products/21188654/b3/en/front/21188654_front_a06_@2.png 1x, https://assets.shop.loblaws.ca/products/21188654/b3/en/front/21188654_front_a06_@2.png 2x" loading="lazy" class="chakra-image css-oguq8l" aria-hidden="true"></div><div class="css-qoklea"><div class="css-12dchmx"></div><div data-testid="price-product-tile" class="css-8atqhb"><p class="chakra-text css-0"><span class="chakra-text css-pwnbcb" data-testid="regular-price"><span class="css-idkz9h">$5.79</span>$5.79</span></p></div><a href="/singles-original-slices-22-slices/p/21188654_EA?source=nspt" class="chakra-linkbox__overlay css-1hnz6hu"><div class="css-0"><p class="chakra-text css-1ecdp9w" data-testid="product-brand">Kraft</p><h3 class="chakra-heading css-6qrhwc" id="21188654_EA" data-testid="product-title">Singles Original Slices, 22 Slices</h3><p class="chakra-text css-1yftjin" data-testid="product-package-size">410 g, $1.41/100g</p></div></a><div class="css-8keand"></div></div><div class="css-1q5omjq"><div class="css-fcebb8"><div data-testid="atc-compact" class="css-y94ivq" style="width: 45px;"><button type="button" class="chakra-button css-mudsm6" data-testid="atc-button"><svg stroke="currentColor" fill="currentColor" stroke-width="0" viewBox="0 0 24 24" focusable="false" class="chakra-icon css-1g3sp7a" data-testid="btn-icon" aria-hidden="true" height="1em" width="1em" xmlns="http://www.w3.org/2000/svg"><path d="M19 13h-6v6h-2v-6H5v-2h6V5h2v6h6v2z"></path></svg><span class="css-idkz9h">Add Singles Original Slices, 22 Slices to cart</span></button></div></div></div></div></div></div><div class="css-0"><div class="css-f5i5wc"><div class="chakra-linkbox css-vhnn8v"><div data-testid="product-image" class="css-16dr4ly"><img alt="Philadelphia Original Brick Cream Cheese 250 g, $1.84/100g" src="https://assets.shop.loblaws.ca/products/20641267/b3/en/front/20641267_front_a06_@2.png" srcset="https://assets.shop.loblaws.ca/products/20641267/b3/en/front/20641267_front_a06_@2.png 1x, https://assets.shop.loblaws.ca/products/20641267/b3/en/front/20641267_front_a06_@2.png 2x" loading="lazy" class="chakra-image css-oguq8l" aria-hidden="true"></div><div class="css-qoklea"><div class="css-12dchmx"></div><div data-testid="price-product-tile" class="css-8atqhb"><p class="chakra-text css-0"><span class="chakra-text css-pwnbcb" data-testid="regular-price"><span class="css-idkz9h">$4.59</span>$4.59</span></p></div><a href="/original-brick-cream-cheese/p/20641267_EA?source=nspt" class="chakra-linkbox__overlay css-1hnz6hu"><div class="css-0"><p class="chakra-text css-1ecdp9w" data-testid="product-brand">Philadelphia</p><h3 class="chakra-heading css-6qrhwc" id="20641267_EA" data-testid="product-title">Original Brick Cream Cheese</h3><p class="chakra-text css-1yftjin" data-testid="product-package-size">250 g, $1.84/100g</p></div></a><div class="css-8keand"></div></div><div class="css-1q5omjq"><div class="css-fcebb8"><div data-testid="atc-compact" class="css-y94ivq" style="width: 45px;"><button type="button" class="chakra-button css-mudsm6" data-testid="atc-button"><svg stroke="currentColor" fill="currentColor" stroke-width="0" viewBox="0 0 24 24" focusable="false" class="chakra-icon css-1g3sp7a" data-testid="btn-icon" aria-hidden="true" height="1em" width="1em" xmlns="http://www.w3.org/2000/svg"><path d="M19 13h-6v6h-2v-6H5v-2h6V5h2v6h6v2z"></path></svg><span class="css-idkz9h">Add Original Brick Cream Cheese to cart</span></button></div></div></div></div></div></div><div class="css-0"><div class="css-f5i5wc"><div class="chakra-linkbox css-vhnn8v"><div data-testid="product-image" class="css-16dr4ly"><img alt="No Name Farmer's Marble Cheese 700 g, $1.43/100g" src="https://assets.shop.loblaws.ca/products/20975773/b3/en/front/20975773_front_a06_@2.png" srcset="https://assets.shop.loblaws.ca/products/20975773/b3/en/front/20975773_front_a06_@2.png 1x, https://assets.shop.loblaws.ca/products/20975773/b3/en/front/20975773_front_a06_@2.png 2x" loading="lazy" class="chakra-image css-oguq8l" aria-hidden="true"></div><div class="css-qoklea"><div class="css-12dchmx"></div><div data-testid="price-product-tile" class="css-8atqhb"><p class="chakra-text css-0"><span class="chakra-text css-pwnbcb" data-testid="regular-price"><span class="css-idkz9h">$9.99</span>$9.99</span></p></div><a href="/farmer-s-marble-cheese/p/20975773_EA?source=nspt" class="chakra-linkbox__overlay css-1hnz6hu"><div class="css-0"><p class="chakra-text css-1ecdp9w" data-testid="product-brand">No Name</p><h3 class="chakra-heading css-6qrhwc" id="20975773_EA" data-testid="product-title">Farmer's Marble Cheese</h3><p class="chakra-text css-1yftjin" data-testid="product-package-size">700 g, $1.43/100g</p></div></a><div class="css-8keand"></div></div><div class="css-1q5omjq"><div class="css-fcebb8"><div data-testid="atc-compact" class="css-y94ivq" style="width: 45px;"><button type="button" class="chakra-button css-mudsm6" data-testid="atc-button"><svg stroke="currentColor" fill="currentColor" stroke-width="0" viewBox="0 0 24 24" focusable="false" class="chakra-icon css-1g3sp7a" data-testid="btn-icon" aria-hidden="true" height="1em" width="1em" xmlns="http://www.w3.org/2000/svg"><path d="M19 13h-6v6h-2v-6H5v-2h6V5h2v6h6v2z"></path></svg><span class="css-idkz9h">Add Farmer's Marble Cheese to cart</span></button></div></div></div></div></div></div><div class="css-0"><div class="css-f5i5wc"><div class="chakra-linkbox css-vhnn8v"><div data-testid="product-image" class="css-16dr4ly"><img alt="Cracker Barrel Medium Cheddar Cheese Slices, 12 units 240 g, $2.70/100g" src="https://assets.shop.loblaws.ca/products/21290684/b3/en/front/21290684_front_a06_@2.png" srcset="https://assets.shop.loblaws.ca/products/21290684/b3/en/front/21290684_front_a06_@2.png 1x, https://assets.shop.loblaws.ca/products/21290684/b3/en/front/21290684_front_a06_@2.png 2x" loading="lazy" class="chakra-image css-oguq8l" aria-hidden="true"></div><div class="css-qoklea"><div class="css-12dchmx"></div><div data-testid="price-product-tile" class="css-8atqhb"><p class="chakra-text css-0"><span class="chakra-text css-pwnbcb" data-testid="regular-price"><span class="css-idkz9h">$6.49</span>$6.49</span></p></div><a href="/medium-cheddar-cheese-slices-12-units/p/21290684_EA?source=nspt" class="chakra-linkbox__overlay css-1hnz6hu"><div class="css-0"><p class="chakra-text css-1ecdp9w" data-testid="product-brand">Cracker Barrel</p><h3 class="chakra-heading css-6qrhwc" id="21290684_EA" data-testid="product-title">Medium Cheddar Cheese Slices, 12 units</h3><p class="chakra-text css-1yftjin" data-testid="product-package-size">240 g, $2.70/100g</p></div></a><div class="css-8keand"></div></div><div class="css-1q5omjq"><div class="css-fcebb8"><div data-testid="atc-compact" class="css-y94ivq" style="width: 45px;"><button type="button" class="chakra-button css-mudsm6" data-testid="atc-button"><svg stroke="currentColor" fill="currentColor" stroke-width="0" viewBox="0 0 24 24" focusable="false" class="chakra-icon css-1g3sp7a" data-testid="btn-icon" aria-hidden="true" height="1em" width="1em" xmlns="http://www.w3.org/2000/svg"><path d="M19 13h-6v6h-2v-6H5v-2h6V5h2v6h6v2z"></path></svg><span class="css-idkz9h">Add Medium Cheddar Cheese Slices, 12 units to cart</span></button></div></div></div></div></div></div><div class="css-0"><div class="css-f5i5wc"><div class="chakra-linkbox css-vhnn8v"><div data-testid="product-image" class="css-16dr4ly"><img alt="No Name Farmer's Marble Cheese 400 g, $1.38/100g" src="https://assets.shop.loblaws.ca/products/21289745/b3/en/front/21289745_front_a06_@2.png" srcset="https://assets.shop.loblaws.ca/products/21289745/b3/en/front/21289745_front_a06_@2.png 1x, https://assets.shop.loblaws.ca/products/21289745/b3/en/front/21289745_front_a06_@2.png 2x" loading="lazy" class="chakra-image css-oguq8l" aria-hidden="true"></div><div class="css-qoklea"><div class="css-12dchmx"></div><div data-testid="price-product-tile" class="css-8atqhb"><p class="chakra-text css-0"><span class="chakra-text css-pwnbcb" data-testid="regular-price"><span class="css-idkz9h">$5.50</span>$5.50</span></p></div><a href="/farmer-s-marble-cheese/p/21289745_EA?source=nspt" class="chakra-linkbox__overlay css-1hnz6hu"><div class="css-0"><p class="chakra-text css-1ecdp9w" data-testid="product-brand">No Name</p><h3 class="chakra-heading css-6qrhwc" id="21289745_EA" data-testid="product-title">Farmer's Marble Cheese</h3><p class="chakra-text css-1yftjin" data-testid="product-package-size">400 g, $1.38/100g</p></div></a><div class="css-8keand"></div></div><div class="css-1q5omjq"><div class="css-fcebb8"><div data-testid="atc-compact" class="css-y94ivq" style="width: 45px;"><button type="button" class="chakra-button css-mudsm6" data-testid="atc-button"><svg stroke="currentColor" fill="currentColor" stroke-width="0" viewBox="0 0 24 24" focusable="false" class="chakra-icon css-1g3sp7a" data-testid="btn-icon" aria-hidden="true" height="1em" width="1em" xmlns="http://www.w3.org/2000/svg"><path d="M19 13h-6v6h-2v-6H5v-2h6V5h2v6h6v2z"></path></svg><span class="css-idkz9h">Add Farmer's Marble Cheese to cart</span></button></div></div></div></div></div></div><div class="css-0"><div class="css-f5i5wc"><div class="chakra-linkbox css-vhnn8v"><div data-testid="product-image" class="css-16dr4ly"><img alt="Black Diamond Processed cheddar cheese slices, 22 units 410 g, $0.61/100g" src="https://assets.shop.loblaws.ca/products/21252564/b3/en/front/21252564_front_a06_@2.png" srcset="https://assets.shop.loblaws.ca/products/21252564/b3/en/front/21252564_front_a06_@2.png 1x, https://assets.shop.loblaws.ca/products/21252564/b3/en/front/21252564_front_a06_@2.png 2x" loading="lazy" class="chakra-image css-oguq8l" aria-hidden="true"></div><div class="css-qoklea"><div class="css-12dchmx"></div><div data-testid="price-product-tile" class="css-8atqhb"><p class="chakra-text css-0"><span class="chakra-text css-o93gbd" data-testid="sale-price"><span class="css-idkz9h">$2.49</span>$2.49</span><span class="chakra-text css-623q5h" data-testid="was-price"><span class="css-idkz9h">$3.89</span>$3.89</span></p><p class="chakra-text css-1m5a6y8" data-testid="price-descriptor">SAVE $1.40</p></div><a href="/processed-cheddar-cheese-slices-22-units/p/21252564_EA?source=nspt" class="chakra-linkbox__overlay css-1hnz6hu"><div class="css-0"><p class="chakra-text css-1ecdp9w" data-testid="product-brand">Black Diamond</p><h3 class="chakra-heading css-6qrhwc" id="21252564_EA" data-testid="product-title">Processed cheddar cheese slices, 22 units</h3><p class="chakra-text css-1yftjin" data-testid="product-package-size">410 g, $0.61/100g</p></div></a><div class="css-8keand"></div></div><div class="css-1q5omjq"><div class="css-fcebb8"><div data-testid="atc-compact" class="css-y94ivq" style="width: 45px;"><button type="button" class="chakra-button css-mudsm6" data-testid="atc-button"><svg stroke="currentColor" fill="currentColor" stroke-width="0" viewBox="0 0 24 24" focusable="false" class="chakra-icon css-1g3sp7a" data-testid="btn-icon" aria-hidden="true" height="1em" width="1em" xmlns="http://www.w3.org/2000/svg"><path d="M19 13h-6v6h-2v-6H5v-2h6V5h2v6h6v2z"></path></svg><span class="css-idkz9h">Add Processed cheddar cheese slices, 22 units to cart</span></button></div></div></div></div></div></div><div class="css-0"><div class="css-f5i5wc"><div class="chakra-linkbox css-vhnn8v"><div data-testid="product-image" class="css-16dr4ly"><img alt="Philadelphia Original Cream Cheese Product 227 g, $2.02/100g" src="https://assets.shop.loblaws.ca/products/20866924010/b3/en/front/20866924010_front_a06_@2.png" srcset="https://assets.shop.loblaws.ca/products/20866924010/b3/en/front/20866924010_front_a06_@2.png 1x, https://assets.shop.loblaws.ca/products/20866924010/b3/en/front/20866924010_front_a06_@2.png 2x" loading="lazy" class="chakra-image css-oguq8l" aria-hidden="true"></div><div class="css-qoklea"><div class="css-12dchmx"></div><div data-testid="price-product-tile" class="css-8atqhb"><p class="chakra-text css-0"><span class="chakra-text css-pwnbcb" data-testid="regular-price"><span class="css-idkz9h">$4.59</span>$4.59</span></p></div><a href="/original-cream-cheese-product/p/20866924010_EA?source=nspt" class="chakra-linkbox__overlay css-1hnz6hu"><div class="css-0"><p class="chakra-text css-1ecdp9w" data-testid="product-brand">Philadelphia</p><h3 class="chakra-heading css-6qrhwc" id="20866924010_EA" data-testid="product-title">Original Cream Cheese Product</h3><p class="chakra-text css-1yftjin" data-testid="product-package-size">227 g, $2.02/100g</p></div></a><div class="css-8keand"></div></div><div class="css-1q5omjq"><div class="css-fcebb8"><div data-testid="atc-compact" class="css-y94ivq" style="width: 45px;"><button type="button" class="chakra-button css-mudsm6" data-testid="atc-button"><svg stroke="currentColor" fill="currentColor" stroke-width="0" viewBox="0 0 24 24" focusable="false" class="chakra-icon css-1g3sp7a" data-testid="btn-icon" aria-hidden="true" height="1em" width="1em" xmlns="http://www.w3.org/2000/svg"><path d="M19 13h-6v6h-2v-6H5v-2h6V5h2v6h6v2z"></path></svg><span class="css-idkz9h">Add Original Cream Cheese Product to cart</span></button></div></div></div></div></div></div><div class="css-0"><div class="css-f5i5wc"><div class="chakra-linkbox css-vhnn8v"><div data-testid="product-image" class="css-16dr4ly"><img alt="No Name Pasteurized Cream Cheese 250 g, $1.20/100g" src="https://assets.shop.loblaws.ca/products/20308105001/b3/en/front/20308105001_front_a06_@2.png" srcset="https://assets.shop.loblaws.ca/products/20308105001/b3/en/front/20308105001_front_a06_@2.png 1x, https://assets.shop.loblaws.ca/products/20308105001/b3/en/front/20308105001_front_a06_@2.png 2x" loading="lazy" class="chakra-image css-oguq8l" aria-hidden="true"></div><div class="css-qoklea"><div class="css-12dchmx"></div><div data-testid="price-product-tile" class="css-8atqhb"><p class="chakra-text css-0"><span class="chakra-text css-pwnbcb" data-testid="regular-price"><span class="css-idkz9h">$3.00</span>$3.00</span></p></div><a href="/pasteurized-cream-cheese/p/20308105001_EA?source=nspt" class="chakra-linkbox__overlay css-1hnz6hu"><div class="css-0"><p class="chakra-text css-1ecdp9w" data-testid="product-brand">No Name</p><h3 class="chakra-heading css-6qrhwc" id="20308105001_EA" data-testid="product-title">Pasteurized Cream Cheese</h3><p class="chakra-text css-1yftjin" data-testid="product-package-size">250 g, $1.20/100g</p></div></a><div class="css-8keand"></div></div><div class="css-1q5omjq"><div class="css-fcebb8"><div data-testid="atc-compact" class="css-y94ivq" style="width: 45px;"><button type="button" class="chakra-button css-mudsm6" data-testid="atc-button"><svg stroke="currentColor" fill="currentColor" stroke-width="0" viewBox="0 0 24 24" focusable="false" class="chakra-icon css-1g3sp7a" data-testid="btn-icon" aria-hidden="true" height="1em" width="1em" xmlns="http://www.w3.org/2000/svg"><path d="M19 13h-6v6h-2v-6H5v-2h6V5h2v6h6v2z"></path></svg><span class="css-idkz9h">Add Pasteurized Cream Cheese to cart</span></button></div></div></div></div></div></div><div class="css-0"><div class="css-f5i5wc"><div class="chakra-linkbox css-vhnn8v"><div data-testid="product-image" class="css-16dr4ly"><img alt="President's Choice Triple Cheddar Shredded Cheese Blend 320 g, $1.97/100g" src="https://assets.shop.loblaws.ca/products/21060183/b3/en/front/21060183_front_a06_@2.png" srcset="https://assets.shop.loblaws.ca/products/21060183/b3/en/front/21060183_front_a06_@2.png 1x, https://assets.shop.loblaws.ca/products/21060183/b3/en/front/21060183_front_a06_@2.png 2x" loading="lazy" class="chakra-image css-oguq8l" aria-hidden="true"></div><div class="css-qoklea"><div class="css-12dchmx"></div><div data-testid="price-product-tile" class="css-8atqhb"><p class="chakra-text css-0"><span class="chakra-text css-pwnbcb" data-testid="regular-price"><span class="css-idkz9h">$6.29</span>$6.29</span></p></div><a href="/triple-cheddar-shredded-cheese-blend/p/21060183_EA?source=nspt" class="chakra-linkbox__overlay css-1hnz6hu"><div class="css-0"><p class="chakra-text css-1ecdp9w" data-testid="product-brand">President's Choice</p><h3 class="chakra-heading css-6qrhwc" id="21060183_EA" data-testid="product-title">Triple Cheddar Shredded Cheese Blend</h3><p class="chakra-text css-1yftjin" data-testid="product-package-size">320 g, $1.97/100g</p></div></a><div class="css-8keand"></div></div><div class="css-1q5omjq"><div class="css-fcebb8"><div data-testid="atc-compact" class="css-y94ivq" style="width: 45px;"><button type="button" class="chakra-button css-mudsm6" data-testid="atc-button"><svg stroke="currentColor" fill="currentColor" stroke-width="0" viewBox="0 0 24 24" focusable="false" class="chakra-icon css-1g3sp7a" data-testid="btn-icon" aria-hidden="true" height="1em" width="1em" xmlns="http://www.w3.org/2000/svg"><path d="M19 13h-6v6h-2v-6H5v-2h6V5h2v6h6v2z"></path></svg><span class="css-idkz9h">Add Triple Cheddar Shredded Cheese Blend to cart</span></button></div></div></div></div></div></div><div class="css-0"><div class="css-f5i5wc"><div class="chakra-linkbox css-vhnn8v"><div data-testid="product-image" class="css-16dr4ly"><img alt="Black Diamond Cheestrings Marble Cheese, 16 units 336 g, $2.38/100g" src="https://assets.shop.loblaws.ca/products/20763661/b3/en/front/20763661_front_a06_@2.png" srcset="https://assets.shop.loblaws.ca/products/20763661/b3/en/front/20763661_front_a06_@2.png 1x, https://assets.shop.loblaws.ca/products/20763661/b3/en/front/20763661_front_a06_@2.png 2x" loading="lazy" class="chakra-image css-oguq8l" aria-hidden="true"></div><div class="css-qoklea"><div class="css-12dchmx"></div><div data-testid="price-product-tile" class="css-8atqhb"><p class="chakra-text css-0"><span class="chakra-text css-pwnbcb" data-testid="regular-price"><span class="css-idkz9h">$7.99</span>$7.99</span></p></div><a href="/cheestrings-marble-cheese-16-units/p/20763661_EA?source=nspt" class="chakra-linkbox__overlay css-1hnz6hu"><div class="css-0"><p class="chakra-text css-1ecdp9w" data-testid="product-brand">Black Diamond</p><h3 class="chakra-heading css-6qrhwc" id="20763661_EA" data-testid="product-title">Cheestrings Marble Cheese, 16 units</h3><p class="chakra-text css-1yftjin" data-testid="product-package-size">336 g, $2.38/100g</p></div></a><div class="css-8keand"></div></div><div class="css-1q5omjq"><div class="css-fcebb8"><div data-testid="atc-compact" class="css-y94ivq" style="width: 45px;"><button type="button" class="chakra-button css-mudsm6" data-testid="atc-button"><svg stroke="currentColor" fill="currentColor" stroke-width="0" viewBox="0 0 24 24" focusable="false" class="chakra-icon css-1g3sp7a" data-testid="btn-icon" aria-hidden="true" height="1em" width="1em" xmlns="http://www.w3.org/2000/svg"><path d="M19 13h-6v6h-2v-6H5v-2h6V5h2v6h6v2z"></path></svg><span class="css-idkz9h">Add Cheestrings Marble Cheese, 16 units to cart</span></button></div></div></div></div></div></div><div class="css-0"><div class="css-f5i5wc"><div class="chakra-linkbox css-vhnn8v"><div data-testid="product-image" class="css-16dr4ly"><img alt="Cracker Barrel Swiss Cheese Slices, 11 units 220 g, $2.95/100g" src="https://assets.shop.loblaws.ca/products/21290689/b3/en/front/21290689_front_a06_@2.png" srcset="https://assets.shop.loblaws.ca/products/21290689/b3/en/front/21290689_front_a06_@2.png 1x, https://assets.shop.loblaws.ca/products/21290689/b3/en/front/21290689_front_a06_@2.png 2x" loading="lazy" class="chakra-image css-oguq8l" aria-hidden="true"></div><div class="css-qoklea"><div class="css-12dchmx"></div><div data-testid="price-product-tile" class="css-8atqhb"><p class="chakra-text css-0"><span class="chakra-text css-pwnbcb" data-testid="regular-price"><span class="css-idkz9h">$6.49</span>$6.49</span></p></div><a href="/swiss-cheese-slices-11-units/p/21290689_EA?source=nspt" class="chakra-linkbox__overlay css-1hnz6hu"><div class="css-0"><p class="chakra-text css-1ecdp9w" data-testid="product-brand">Cracker Barrel</p><h3 class="chakra-heading css-6qrhwc" id="21290689_EA" data-testid="product-title">Swiss Cheese Slices, 11 units</h3><p class="chakra-text css-1yftjin" data-testid="product-package-size">220 g, $2.95/100g</p></div></a><div class="css-8keand"></div></div><div class="css-1q5omjq"><div class="css-fcebb8"><div data-testid="atc-compact" class="css-y94ivq" style="width: 45px;"><button type="button" class="chakra-button css-mudsm6" data-testid="atc-button"><svg stroke="currentColor" fill="currentColor" stroke-width="0" viewBox="0 0 24 24" focusable="false" class="chakra-icon css-1g3sp7a" data-testid="btn-icon" aria-hidden="true" height="1em" width="1em" xmlns="http://www.w3.org/2000/svg"><path d="M19 13h-6v6h-2v-6H5v-2h6V5h2v6h6v2z"></path></svg><span class="css-idkz9h">Add Swiss Cheese Slices, 11 units to cart</span></button></div></div></div></div></div></div><div class="css-0"><div class="css-f5i5wc"><div class="chakra-linkbox css-vhnn8v"><div data-testid="product-image" class="css-16dr4ly"><img alt="No Name Old Cheddar Cheese 700 g, $1.43/100g" src="https://assets.shop.loblaws.ca/products/20975873/b3/en/front/20975873_front_a06_@2.png" srcset="https://assets.shop.loblaws.ca/products/20975873/b3/en/front/20975873_front_a06_@2.png 1x, https://assets.shop.loblaws.ca/products/20975873/b3/en/front/20975873_front_a06_@2.png 2x" loading="lazy" class="chakra-image css-oguq8l" aria-hidden="true"></div><div class="css-qoklea"><div class="css-12dchmx"></div><div data-testid="price-product-tile" class="css-8atqhb"><p class="chakra-text css-0"><span class="chakra-text css-pwnbcb" data-testid="regular-price"><span class="css-idkz9h">$9.99</span>$9.99</span></p></div><a href="/old-cheddar-cheese/p/20975873_EA?source=nspt" class="chakra-linkbox__overlay css-1hnz6hu"><div class="css-0"><p class="chakra-text css-1ecdp9w" data-testid="product-brand">No Name</p><h3 class="chakra-heading css-6qrhwc" id="20975873_EA" data-testid="product-title">Old Cheddar Cheese</h3><p class="chakra-text css-1yftjin" data-testid="product-package-size">700 g, $1.43/100g</p></div></a><div class="css-8keand"></div></div><div class="css-1q5omjq"><div class="css-fcebb8"><div data-testid="atc-compact" class="css-y94ivq" style="width: 45px;"><button type="button" class="chakra-button css-mudsm6" data-testid="atc-button"><svg stroke="currentColor" fill="currentColor" stroke-width="0" viewBox="0 0 24 24" focusable="false" class="chakra-icon css-1g3sp7a" data-testid="btn-icon" aria-hidden="true" height="1em" width="1em" xmlns="http://www.w3.org/2000/svg"><path d="M19 13h-6v6h-2v-6H5v-2h6V5h2v6h6v2z"></path></svg><span class="css-idkz9h">Add Old Cheddar Cheese to cart</span></button></div></div></div></div></div></div><div class="css-0"><div class="css-f5i5wc"><div class="chakra-linkbox css-vhnn8v"><div data-testid="product-image" class="css-16dr4ly"><img alt="Kraft Singles Original Thick Slices 410 g, $1.41/100g" src="https://assets.shop.loblaws.ca/products/21189807/b3/en/front/21189807_front_a06_@2.png" srcset="https://assets.shop.loblaws.ca/products/21189807/b3/en/front/21189807_front_a06_@2.png 1x, https://assets.shop.loblaws.ca/products/21189807/b3/en/front/21189807_front_a06_@2.png 2x" loading="lazy" class="chakra-image css-oguq8l" aria-hidden="true"></div><div class="css-qoklea"><div class="css-12dchmx"></div><div data-testid="price-product-tile" class="css-8atqhb"><p class="chakra-text css-0"><span class="chakra-text css-pwnbcb" data-testid="regular-price"><span class="css-idkz9h">$5.79</span>$5.79</span></p></div><a href="/singles-original-thick-slices/p/21189807_EA?source=nspt" class="chakra-linkbox__overlay css-1hnz6hu"><div class="css-0"><p class="chakra-text css-1ecdp9w" data-testid="product-brand">Kraft</p><h3 class="chakra-heading css-6qrhwc" id="21189807_EA" data-testid="product-title">Singles Original Thick Slices</h3><p class="chakra-text css-1yftjin" data-testid="product-package-size">410 g, $1.41/100g</p></div></a><div class="css-8keand"></div></div><div class="css-1q5omjq"><div class="css-fcebb8"><div data-testid="atc-compact" class="css-y94ivq" style="width: 45px;"><button type="button" class="chakra-button css-mudsm6" data-testid="atc-button"><svg stroke="currentColor" fill="currentColor" stroke-width="0" viewBox="0 0 24 24" focusable="false" class="chakra-icon css-1g3sp7a" data-testid="btn-icon" aria-hidden="true" height="1em" width="1em" xmlns="http://www.w3.org/2000/svg"><path d="M19 13h-6v6h-2v-6H5v-2h6V5h2v6h6v2z"></path></svg><span class="css-idkz9h">Add Singles Original Thick Slices to cart</span></button></div></div></div></div></div></div><div class="css-0"><div class="css-f5i5wc"><div class="chakra-linkbox css-vhnn8v"><div data-testid="product-image" class="css-16dr4ly"><img alt="President's Choice Pizza Mozzarella Shredded Cheese 320 g, $1.97/100g" src="https://assets.shop.loblaws.ca/products/21060201/b3/en/front/21060201_front_a06_@2.png" srcset="https://assets.shop.loblaws.ca/products/21060201/b3/en/front/21060201_front_a06_@2.png 1x, https://assets.shop.loblaws.ca/products/21060201/b3/en/front/21060201_front_a06_@2.png 2x" loading="lazy" class="chakra-image css-oguq8l" aria-hidden="true"></div><div class="css-qoklea"><div class="css-12dchmx"></div><div data-testid="price-product-tile" class="css-8atqhb"><p class="chakra-text css-0"><span class="chakra-text css-pwnbcb" data-testid="regular-price"><span class="css-idkz9h">$6.29</span>$6.29</span></p></div><a href="/pizza-mozzarella-shredded-cheese/p/21060201_EA?source=nspt" class="chakra-linkbox__overlay css-1hnz6hu"><div class="css-0"><p class="chakra-text css-1ecdp9w" data-testid="product-brand">President's Choice</p><h3 class="chakra-heading css-6qrhwc" id="21060201_EA" data-testid="product-title">Pizza Mozzarella Shredded Cheese</h3><p class="chakra-text css-1yftjin" data-testid="product-package-size">320 g, $1.97/100g</p></div></a><div class="css-8keand"></div></div><div class="css-1q5omjq"><div class="css-fcebb8"><div data-testid="atc-compact" class="css-y94ivq" style="width: 45px;"><button type="button" class="chakra-button css-mudsm6" data-testid="atc-button"><svg stroke="currentColor" fill="currentColor" stroke-width="0" viewBox="0 0 24 24" focusable="false" class="chakra-icon css-1g3sp7a" data-testid="btn-icon" aria-hidden="true" height="1em" width="1em" xmlns="http://www.w3.org/2000/svg"><path d="M19 13h-6v6h-2v-6H5v-2h6V5h2v6h6v2z"></path></svg><span class="css-idkz9h">Add Pizza Mozzarella Shredded Cheese to cart</span></button></div></div></div></div></div></div><div class="css-0"><div class="css-f5i5wc"><div class="chakra-linkbox css-vhnn8v"><div data-testid="product-image" class="css-16dr4ly"><img alt="Saputo Mozzarellissima 500 g, $1.96/100g" src="https://assets.shop.loblaws.ca/products/20759241002/b3/en/front/20759241002_front_a06_@2.png" srcset="https://assets.shop.loblaws.ca/products/20759241002/b3/en/front/20759241002_front_a06_@2.png 1x, https://assets.shop.loblaws.ca/products/20759241002/b3/en/front/20759241002_front_a06_@2.png 2x" loading="lazy" class="chakra-image css-oguq8l" aria-hidden="true"></div><div class="css-qoklea"><div class="css-12dchmx"></div><div data-testid="price-product-tile" class="css-8atqhb"><p class="chakra-text css-0"><span class="chakra-text css-pwnbcb" data-testid="regular-price"><span class="css-idkz9h">$9.79</span>$9.79</span></p></div><a href="/mozzarellissima/p/20759241002_EA?source=nspt" class="chakra-linkbox__overlay css-1hnz6hu"><div class="css-0"><p class="chakra-text css-1ecdp9w" data-testid="product-brand">Saputo</p><h3 class="chakra-heading css-6qrhwc" id="20759241002_EA" data-testid="product-title">Mozzarellissima</h3><p class="chakra-text css-1yftjin" data-testid="product-package-size">500 g, $1.96/100g</p></div></a><div class="css-8keand"></div></div><div class="css-1q5omjq"><div class="css-fcebb8"><div data-testid="atc-compact" class="css-y94ivq" style="width: 45px;"><button type="button" class="chakra-button css-mudsm6" data-testid="atc-button"><svg stroke="currentColor" fill="currentColor" stroke-width="0" viewBox="0 0 24 24" focusable="false" class="chakra-icon css-1g3sp7a" data-testid="btn-icon" aria-hidden="true" height="1em" width="1em" xmlns="http://www.w3.org/2000/svg"><path d="M19 13h-6v6h-2v-6H5v-2h6V5h2v6h6v2z"></path></svg><span class="css-idkz9h">Add Mozzarellissima to cart</span></button></div></div></div></div></div></div><div class="css-0"><div class="css-f5i5wc"><div class="chakra-linkbox css-vhnn8v"><div data-testid="product-image" class="css-16dr4ly"><img alt="No Name Pizza Mozzarella Cheese with 28% M.F. 400 g, $1.38/100g" src="https://assets.shop.loblaws.ca/products/21289761/b3/en/front/21289761_front_a06_@2.png" srcset="https://assets.shop.loblaws.ca/products/21289761/b3/en/front/21289761_front_a06_@2.png 1x, https://assets.shop.loblaws.ca/products/21289761/b3/en/front/21289761_front_a06_@2.png 2x" loading="lazy" class="chakra-image css-oguq8l" aria-hidden="true"></div><div class="css-qoklea"><div class="css-12dchmx"></div><div data-testid="price-product-tile" class="css-8atqhb"><p class="chakra-text css-0"><span class="chakra-text css-pwnbcb" data-testid="regular-price"><span class="css-idkz9h">$5.50</span>$5.50</span></p></div><a href="/pizza-mozzarella-cheese-with-28-m-f/p/21289761_EA?source=nspt" class="chakra-linkbox__overlay css-1hnz6hu"><div class="css-0"><p class="chakra-text css-1ecdp9w" data-testid="product-brand">No Name</p><h3 class="chakra-heading css-6qrhwc" id="21289761_EA" data-testid="product-title">Pizza Mozzarella Cheese with 28% M.F.</h3><p class="chakra-text css-1yftjin" data-testid="product-package-size">400 g, $1.38/100g</p></div></a><div class="css-8keand"></div></div><div class="css-1q5omjq"><div class="css-fcebb8"><div data-testid="atc-compact" class="css-y94ivq" style="width: 45px;"><button type="button" class="chakra-button css-mudsm6" data-testid="atc-button"><svg stroke="currentColor" fill="currentColor" stroke-width="0" viewBox="0 0 24 24" focusable="false" class="chakra-icon css-1g3sp7a" data-testid="btn-icon" aria-hidden="true" height="1em" width="1em" xmlns="http://www.w3.org/2000/svg"><path d="M19 13h-6v6h-2v-6H5v-2h6V5h2v6h6v2z"></path></svg><span class="css-idkz9h">Add Pizza Mozzarella Cheese with 28% M.F. to cart</span></button></div></div></div></div></div></div><div class="css-0"><div class="css-f5i5wc"><div class="chakra-linkbox css-vhnn8v"><div data-testid="product-image" class="css-16dr4ly"><img alt="No Name Cottage Cheese, 2% M.F. 500 g, $0.80/100g" src="https://assets.shop.loblaws.ca/products/20183991002/b3/en/front/20183991002_front_a06_@2.png" srcset="https://assets.shop.loblaws.ca/products/20183991002/b3/en/front/20183991002_front_a06_@2.png 1x, https://assets.shop.loblaws.ca/products/20183991002/b3/en/front/20183991002_front_a06_@2.png 2x" loading="lazy" class="chakra-image css-oguq8l" aria-hidden="true"></div><div class="css-qoklea"><div class="css-12dchmx"></div><div data-testid="price-product-tile" class="css-8atqhb"><p class="chakra-text css-0"><span class="chakra-text css-pwnbcb" data-testid="regular-price"><span class="css-idkz9h">$3.99</span>$3.99</span></p></div><a href="/cottage-cheese-2-m-f/p/20183991002_EA?source=nspt" class="chakra-linkbox__overlay css-1hnz6hu"><div class="css-0"><p class="chakra-text css-1ecdp9w" data-testid="product-brand">No Name</p><h3 class="chakra-heading css-6qrhwc" id="20183991002_EA" data-testid="product-title">Cottage Cheese, 2% M.F.</h3><p class="chakra-text css-1yftjin" data-testid="product-package-size">500 g, $0.80/100g</p></div></a><div class="css-8keand"></div></div><div class="css-1q5omjq"><div class="css-fcebb8"><div data-testid="atc-compact" class="css-y94ivq" style="width: 45px;"><button type="button" class="chakra-button css-mudsm6" data-testid="atc-button"><svg stroke="currentColor" fill="currentColor" stroke-width="0" viewBox="0 0 24 24" focusable="false" class="chakra-icon css-1g3sp7a" data-testid="btn-icon" aria-hidden="true" height="1em" width="1em" xmlns="http://www.w3.org/2000/svg"><path d="M19 13h-6v6h-2v-6H5v-2h6V5h2v6h6v2z"></path></svg><span class="css-idkz9h">Add Cottage Cheese, 2% M.F. to cart</span></button></div></div></div></div></div></div><div class="css-0"><div class="css-f5i5wc"><div class="chakra-linkbox css-vhnn8v"><div data-testid="product-image" class="css-16dr4ly"><img alt="No Name Old Cheddar Cheese 400 g, $1.38/100g" src="https://assets.shop.loblaws.ca/products/21289751/b3/en/front/21289751_front_a06_@2.png" srcset="https://assets.shop.loblaws.ca/products/21289751/b3/en/front/21289751_front_a06_@2.png 1x, https://assets.shop.loblaws.ca/products/21289751/b3/en/front/21289751_front_a06_@2.png 2x" loading="lazy" class="chakra-image css-oguq8l" aria-hidden="true"></div><div class="css-qoklea"><div class="css-12dchmx"></div><div data-testid="price-product-tile" class="css-8atqhb"><p class="chakra-text css-0"><span class="chakra-text css-pwnbcb" data-testid="regular-price"><span class="css-idkz9h">$5.50</span>$5.50</span></p></div><a href="/old-cheddar-cheese/p/21289751_EA?source=nspt" class="chakra-linkbox__overlay css-1hnz6hu"><div class="css-0"><p class="chakra-text css-1ecdp9w" data-testid="product-brand">No Name</p><h3 class="chakra-heading css-6qrhwc" id="21289751_EA" data-testid="product-title">Old Cheddar Cheese</h3><p class="chakra-text css-1yftjin" data-testid="product-package-size">400 g, $1.38/100g</p></div></a><div class="css-8keand"></div></div><div class="css-1q5omjq"><div class="css-fcebb8"><div data-testid="atc-compact" class="css-y94ivq" style="width: 45px;"><button type="button" class="chakra-button css-mudsm6" data-testid="atc-button"><svg stroke="currentColor" fill="currentColor" stroke-width="0" viewBox="0 0 24 24" focusable="false" class="chakra-icon css-1g3sp7a" data-testid="btn-icon" aria-hidden="true" height="1em" width="1em" xmlns="http://www.w3.org/2000/svg"><path d="M19 13h-6v6h-2v-6H5v-2h6V5h2v6h6v2z"></path></svg><span class="css-idkz9h">Add Old Cheddar Cheese to cart</span></button></div></div></div></div></div></div><div class="css-0"><div class="css-f5i5wc"><div class="chakra-linkbox css-vhnn8v"><div data-testid="product-image" class="css-16dr4ly"><img alt="No Name Pizza Mozzarella Cheese, 28% MF 700 g, $1.43/100g" src="https://assets.shop.loblaws.ca/products/20975887/b3/en/front/20975887_front_a06_@2.png" srcset="https://assets.shop.loblaws.ca/products/20975887/b3/en/front/20975887_front_a06_@2.png 1x, https://assets.shop.loblaws.ca/products/20975887/b3/en/front/20975887_front_a06_@2.png 2x" loading="lazy" class="chakra-image css-oguq8l" aria-hidden="true"></div><div class="css-qoklea"><div class="css-12dchmx"></div><div data-testid="price-product-tile" class="css-8atqhb"><p class="chakra-text css-0"><span class="chakra-text css-pwnbcb" data-testid="regular-price"><span class="css-idkz9h">$9.99</span>$9.99</span></p></div><a href="/pizza-mozzarella-cheese-28-mf/p/20975887_EA?source=nspt" class="chakra-linkbox__overlay css-1hnz6hu"><div class="css-0"><p class="chakra-text css-1ecdp9w" data-testid="product-brand">No Name</p><h3 class="chakra-heading css-6qrhwc" id="20975887_EA" data-testid="product-title">Pizza Mozzarella Cheese, 28% MF</h3><p class="chakra-text css-1yftjin" data-testid="product-package-size">700 g, $1.43/100g</p></div></a><div class="css-8keand"></div></div><div class="css-1q5omjq"><div class="css-fcebb8"><div data-testid="atc-compact" class="css-y94ivq" style="width: 45px;"><button type="button" class="chakra-button css-mudsm6" data-testid="atc-button"><svg stroke="currentColor" fill="currentColor" stroke-width="0" viewBox="0 0 24 24" focusable="false" class="chakra-icon css-1g3sp7a" data-testid="btn-icon" aria-hidden="true" height="1em" width="1em" xmlns="http://www.w3.org/2000/svg"><path d="M19 13h-6v6h-2v-6H5v-2h6V5h2v6h6v2z"></path></svg><span class="css-idkz9h">Add Pizza Mozzarella Cheese, 28% MF to cart</span></button></div></div></div></div></div></div><div class="css-0"><div class="css-f5i5wc"><div class="chakra-linkbox css-vhnn8v"><div data-testid="product-image" class="css-16dr4ly"><img alt="No Name Marble Cheddar Cheese Slices 230 g, $1.96/100g" src="https://assets.shop.loblaws.ca/products/20742315/b3/en/front/20742315_front_a06_@2.png" srcset="https://assets.shop.loblaws.ca/products/20742315/b3/en/front/20742315_front_a06_@2.png 1x, https://assets.shop.loblaws.ca/products/20742315/b3/en/front/20742315_front_a06_@2.png 2x" loading="lazy" class="chakra-image css-oguq8l" aria-hidden="true"></div><div class="css-qoklea"><div class="css-12dchmx"></div><div data-testid="price-product-tile" class="css-8atqhb"><p class="chakra-text css-0"><span class="chakra-text css-pwnbcb" data-testid="regular-price"><span class="css-idkz9h">$4.50</span>$4.50</span></p></div><a href="/marble-cheddar-cheese-slices/p/20742315_EA?source=nspt" class="chakra-linkbox__overlay css-1hnz6hu"><div class="css-0"><p class="chakra-text css-1ecdp9w" data-testid="product-brand">No Name</p><h3 class="chakra-heading css-6qrhwc" id="20742315_EA" data-testid="product-title">Marble Cheddar Cheese Slices</h3><p class="chakra-text css-1yftjin" data-testid="product-package-size">230 g, $1.96/100g</p></div></a><div class="css-8keand"></div></div><div class="css-1q5omjq"><div class="css-fcebb8"><div data-testid="atc-compact" class="css-y94ivq" style="width: 45px;"><button disabled="" type="button" class="chakra-button css-mudsm6" data-testid="atc-button"><svg stroke="currentColor" fill="currentColor" stroke-width="0" viewBox="0 0 24 24" focusable="false" class="chakra-icon css-1g3sp7a" data-testid="btn-icon" aria-hidden="true" height="1em" width="1em" xmlns="http://www.w3.org/2000/svg"><path d="M19 13h-6v6h-2v-6H5v-2h6V5h2v6h6v2z"></path></svg><span class="css-idkz9h">Add Marble Cheddar Cheese Slices to cart</span></button></div></div><div class="css-4saf4a"><p class="chakra-text css-py8788" data-testid="inventory-badge-text">Out of Stock</p></div></div></div></div></div><div class="css-0"><div class="css-f5i5wc"><div class="chakra-linkbox css-vhnn8v"><div data-testid="product-image" class="css-16dr4ly"><img alt="President's Choice Lactose Free Marble Cheddar  400 g, $1.45/100g" src="https://assets.shop.loblaws.ca/products/21289664/b3/en/front/21289664_front_a06_@2.png" srcset="https://assets.shop.loblaws.ca/products/21289664/b3/en/front/21289664_front_a06_@2.png 1x, https://assets.shop.loblaws.ca/products/21289664/b3/en/front/21289664_front_a06_@2.png 2x" loading="lazy" class="chakra-image css-oguq8l" aria-hidden="true"></div><div class="css-qoklea"><div class="css-12dchmx"></div><div data-testid="price-product-tile" class="css-8atqhb"><p class="chakra-text css-0"><span class="chakra-text css-o93gbd" data-testid="sale-price"><span class="css-idkz9h">$5.79</span>$5.79</span><span class="chakra-text css-623q5h" data-testid="was-price"><span class="css-idkz9h">$6.49</span>$6.49</span></p><p class="chakra-text css-1m5a6y8" data-testid="price-descriptor">SAVE $0.70</p></div><a href="/lactose-free-marble-cheddar/p/21289664_EA?source=nspt" class="chakra-linkbox__overlay css-1hnz6hu"><div class="css-0"><p class="chakra-text css-1ecdp9w" data-testid="product-brand">President's Choice</p><h3 class="chakra-heading css-6qrhwc" id="21289664_EA" data-testid="product-title">Lactose Free Marble Cheddar </h3><p class="chakra-text css-1yftjin" data-testid="product-package-size">400 g, $1.45/100g</p></div></a><div class="css-8keand"></div></div><div class="css-1q5omjq"><div class="css-fcebb8"><div data-testid="atc-compact" class="css-y94ivq" style="width: 45px;"><button type="button" class="chakra-button css-mudsm6" data-testid="atc-button"><svg stroke="currentColor" fill="currentColor" stroke-width="0" viewBox="0 0 24 24" focusable="false" class="chakra-icon css-1g3sp7a" data-testid="btn-icon" aria-hidden="true" height="1em" width="1em" xmlns="http://www.w3.org/2000/svg"><path d="M19 13h-6v6h-2v-6H5v-2h6V5h2v6h6v2z"></path></svg><span class="css-idkz9h">Add Lactose Free Marble Cheddar  to cart</span></button></div></div></div></div></div></div><div class="css-0"><div class="css-f5i5wc"><div class="chakra-linkbox css-vhnn8v"><div data-testid="product-image" class="css-16dr4ly"><img alt="President's Choice Extra Old White Cheddar 400 g, $1.45/100g" src="https://assets.shop.loblaws.ca/products/21289689/b3/en/front/21289689_front_a06_@2.png" srcset="https://assets.shop.loblaws.ca/products/21289689/b3/en/front/21289689_front_a06_@2.png 1x, https://assets.shop.loblaws.ca/products/21289689/b3/en/front/21289689_front_a06_@2.png 2x" loading="lazy" class="chakra-image css-oguq8l" aria-hidden="true"></div><div class="css-qoklea"><div class="css-12dchmx"></div><div data-testid="price-product-tile" class="css-8atqhb"><p class="chakra-text css-0"><span class="chakra-text css-o93gbd" data-testid="sale-price"><span class="css-idkz9h">$5.79</span>$5.79</span><span class="chakra-text css-623q5h" data-testid="was-price"><span class="css-idkz9h">$6.49</span>$6.49</span></p><p class="chakra-text css-1m5a6y8" data-testid="price-descriptor">SAVE $0.70</p></div><a href="/extra-old-white-cheddar/p/21289689_EA?source=nspt" class="chakra-linkbox__overlay css-1hnz6hu"><div class="css-0"><p class="chakra-text css-1ecdp9w" data-testid="product-brand">President's Choice</p><h3 class="chakra-heading css-6qrhwc" id="21289689_EA" data-testid="product-title">Extra Old White Cheddar</h3><p class="chakra-text css-1yftjin" data-testid="product-package-size">400 g, $1.45/100g</p></div></a><div class="css-8keand"></div></div><div class="css-1q5omjq"><div class="css-fcebb8"><div data-testid="atc-compact" class="css-y94ivq" style="width: 45px;"><button type="button" class="chakra-button css-mudsm6" data-testid="atc-button"><svg stroke="currentColor" fill="currentColor" stroke-width="0" viewBox="0 0 24 24" focusable="false" class="chakra-icon css-1g3sp7a" data-testid="btn-icon" aria-hidden="true" height="1em" width="1em" xmlns="http://www.w3.org/2000/svg"><path d="M19 13h-6v6h-2v-6H5v-2h6V5h2v6h6v2z"></path></svg><span class="css-idkz9h">Add Extra Old White Cheddar to cart</span></button></div></div></div></div></div></div><div class="css-0"><div class="css-f5i5wc"><div class="chakra-linkbox css-vhnn8v"><div data-testid="product-image" class="css-16dr4ly"><img alt="Philadelphia Original Cream Cheese Product 340 g, $2.06/100g" src="https://assets.shop.loblaws.ca/products/20866929002/b3/en/front/20866929002_front_a06_@2.png" srcset="https://assets.shop.loblaws.ca/products/20866929002/b3/en/front/20866929002_front_a06_@2.png 1x, https://assets.shop.loblaws.ca/products/20866929002/b3/en/front/20866929002_front_a06_@2.png 2x" loading="lazy" class="chakra-image css-oguq8l" aria-hidden="true"></div><div class="css-qoklea"><div class="css-12dchmx"></div><div data-testid="price-product-tile" class="css-8atqhb"><p class="chakra-text css-0"><span class="chakra-text css-pwnbcb" data-testid="regular-price"><span class="css-idkz9h">$6.99</span>$6.99</span></p></div><a href="/original-cream-cheese-product/p/20866929002_EA?source=nspt" class="chakra-linkbox__overlay css-1hnz6hu"><div class="css-0"><p class="chakra-text css-1ecdp9w" data-testid="product-brand">Philadelphia</p><h3 class="chakra-heading css-6qrhwc" id="20866929002_EA" data-testid="product-title">Original Cream Cheese Product</h3><p class="chakra-text css-1yftjin" data-testid="product-package-size">340 g, $2.06/100g</p></div></a><div class="css-8keand"></div></div><div class="css-1q5omjq"><div class="css-fcebb8"><div data-testid="atc-compact" class="css-y94ivq" style="width: 45px;"><button type="button" class="chakra-button css-mudsm6" data-testid="atc-button"><svg stroke="currentColor" fill="currentColor" stroke-width="0" viewBox="0 0 24 24" focusable="false" class="chakra-icon css-1g3sp7a" data-testid="btn-icon" aria-hidden="true" height="1em" width="1em" xmlns="http://www.w3.org/2000/svg"><path d="M19 13h-6v6h-2v-6H5v-2h6V5h2v6h6v2z"></path></svg><span class="css-idkz9h">Add Original Cream Cheese Product to cart</span></button></div></div></div></div></div></div><div class="css-0"><div class="css-f5i5wc"><div class="chakra-linkbox css-vhnn8v"><div data-testid="product-image" class="css-16dr4ly"><img alt="No Name Shredded Mozzarella 320 g, $1.72/100g" src="https://assets.shop.loblaws.ca/products/21082491/b3/en/front/21082491_front_a06_@2.png" srcset="https://assets.shop.loblaws.ca/products/21082491/b3/en/front/21082491_front_a06_@2.png 1x, https://assets.shop.loblaws.ca/products/21082491/b3/en/front/21082491_front_a06_@2.png 2x" loading="lazy" class="chakra-image css-oguq8l" aria-hidden="true"></div><div class="css-qoklea"><div class="css-12dchmx"></div><div data-testid="price-product-tile" class="css-8atqhb"><p class="chakra-text css-0"><span class="chakra-text css-pwnbcb" data-testid="regular-price"><span class="css-idkz9h">$5.49</span>$5.49</span></p></div><a href="/shredded-mozzarella/p/21082491_EA?source=nspt" class="chakra-linkbox__overlay css-1hnz6hu"><div class="css-0"><p class="chakra-text css-1ecdp9w" data-testid="product-brand">No Name</p><h3 class="chakra-heading css-6qrhwc" id="21082491_EA" data-testid="product-title">Shredded Mozzarella</h3><p class="chakra-text css-1yftjin" data-testid="product-package-size">320 g, $1.72/100g</p></div></a><div class="css-8keand"></div></div><div class="css-1q5omjq"><div class="css-fcebb8"><div data-testid="atc-compact" class="css-y94ivq" style="width: 45px;"><button type="button" class="chakra-button css-mudsm6" data-testid="atc-button"><svg stroke="currentColor" fill="currentColor" stroke-width="0" viewBox="0 0 24 24" focusable="false" class="chakra-icon css-1g3sp7a" data-testid="btn-icon" aria-hidden="true" height="1em" width="1em" xmlns="http://www.w3.org/2000/svg"><path d="M19 13h-6v6h-2v-6H5v-2h6V5h2v6h6v2z"></path></svg><span class="css-idkz9h">Add Shredded Mozzarella to cart</span></button></div></div></div></div></div></div><div class="css-0"><div class="css-f5i5wc"><div class="chakra-linkbox css-vhnn8v"><div data-testid="product-image" class="css-16dr4ly"><img alt="Cracker Barrel Tex Mex Shredded Cheese 320 g, $1.81/100g" src="https://assets.shop.loblaws.ca/products/21290616/b3/en/front/21290616_front_a06_@2.png" srcset="https://assets.shop.loblaws.ca/products/21290616/b3/en/front/21290616_front_a06_@2.png 1x, https://assets.shop.loblaws.ca/products/21290616/b3/en/front/21290616_front_a06_@2.png 2x" loading="lazy" class="chakra-image css-oguq8l" aria-hidden="true"></div><div class="css-qoklea"><div class="css-12dchmx"></div><div data-testid="price-product-tile" class="css-8atqhb"><p class="chakra-text css-0"><span class="chakra-text css-o93gbd" data-testid="sale-price"><span class="css-idkz9h">$5.79</span>$5.79</span><span class="chakra-text css-623q5h" data-testid="was-price"><span class="css-idkz9h">$7.49</span>$7.49</span></p><p class="chakra-text css-1m5a6y8" data-testid="price-descriptor">SAVE $1.70</p></div><a href="/tex-mex-shredded-cheese/p/21290616_EA?source=nspt" class="chakra-linkbox__overlay css-1hnz6hu"><div class="css-0"><p class="chakra-text css-1ecdp9w" data-testid="product-brand">Cracker Barrel</p><h3 class="chakra-heading css-6qrhwc" id="21290616_EA" data-testid="product-title">Tex Mex Shredded Cheese</h3><p class="chakra-text css-1yftjin" data-testid="product-package-size">320 g, $1.81/100g</p></div></a><div class="css-8keand"></div></div><div class="css-1q5omjq"><div class="css-fcebb8"><div data-testid="atc-compact" class="css-y94ivq" style="width: 45px;"><button type="button" class="chakra-button css-mudsm6" data-testid="atc-button"><svg stroke="currentColor" fill="currentColor" stroke-width="0" viewBox="0 0 24 24" focusable="false" class="chakra-icon css-1g3sp7a" data-testid="btn-icon" aria-hidden="true" height="1em" width="1em" xmlns="http://www.w3.org/2000/svg"><path d="M19 13h-6v6h-2v-6H5v-2h6V5h2v6h6v2z"></path></svg><span class="css-idkz9h">Add Tex Mex Shredded Cheese to cart</span></button></div></div></div></div></div></div><div class="css-0"><div class="css-f5i5wc"><div class="chakra-linkbox css-vhnn8v"><div data-testid="product-image" class="css-16dr4ly"><img alt="Philadelphia Herb &amp; Garlic Cream Cheese Product 227 g, $2.02/100g" src="https://assets.shop.loblaws.ca/products/20866924007/b3/en/front/20866924007_front_a06_@2.png" srcset="https://assets.shop.loblaws.ca/products/20866924007/b3/en/front/20866924007_front_a06_@2.png 1x, https://assets.shop.loblaws.ca/products/20866924007/b3/en/front/20866924007_front_a06_@2.png 2x" loading="lazy" class="chakra-image css-oguq8l" aria-hidden="true"></div><div class="css-qoklea"><div class="css-12dchmx"></div><div data-testid="price-product-tile" class="css-8atqhb"><p class="chakra-text css-0"><span class="chakra-text css-pwnbcb" data-testid="regular-price"><span class="css-idkz9h">$4.59</span>$4.59</span></p></div><a href="/herb-garlic-cream-cheese-product/p/20866924007_EA?source=nspt" class="chakra-linkbox__overlay css-1hnz6hu"><div class="css-0"><p class="chakra-text css-1ecdp9w" data-testid="product-brand">Philadelphia</p><h3 class="chakra-heading css-6qrhwc" id="20866924007_EA" data-testid="product-title">Herb &amp; Garlic Cream Cheese Product</h3><p class="chakra-text css-1yftjin" data-testid="product-package-size">227 g, $2.02/100g</p></div></a><div class="css-8keand"></div></div><div class="css-1q5omjq"><div class="css-fcebb8"><div data-testid="atc-compact" class="css-y94ivq" style="width: 45px;"><button type="button" class="chakra-button css-mudsm6" data-testid="atc-button"><svg stroke="currentColor" fill="currentColor" stroke-width="0" viewBox="0 0 24 24" focusable="false" class="chakra-icon css-1g3sp7a" data-testid="btn-icon" aria-hidden="true" height="1em" width="1em" xmlns="http://www.w3.org/2000/svg"><path d="M19 13h-6v6h-2v-6H5v-2h6V5h2v6h6v2z"></path></svg><span class="css-idkz9h">Add Herb &amp; Garlic Cream Cheese Product to cart</span></button></div></div></div></div></div></div><div class="css-0"><div class="css-f5i5wc"><div class="chakra-linkbox css-vhnn8v"><div data-testid="product-image" class="css-16dr4ly"><img alt="President's Choice Tex Mex Shredded Cheese Blend 320 g, $1.97/100g" src="https://assets.shop.loblaws.ca/products/21060207/b3/en/front/21060207_front_a06_@2.png" srcset="https://assets.shop.loblaws.ca/products/21060207/b3/en/front/21060207_front_a06_@2.png 1x, https://assets.shop.loblaws.ca/products/21060207/b3/en/front/21060207_front_a06_@2.png 2x" loading="lazy" class="chakra-image css-oguq8l" aria-hidden="true"></div><div class="css-qoklea"><div class="css-12dchmx"></div><div data-testid="price-product-tile" class="css-8atqhb"><p class="chakra-text css-0"><span class="chakra-text css-pwnbcb" data-testid="regular-price"><span class="css-idkz9h">$6.29</span>$6.29</span></p></div><a href="/tex-mex-shredded-cheese-blend/p/21060207_EA?source=nspt" class="chakra-linkbox__overlay css-1hnz6hu"><div class="css-0"><p class="chakra-text css-1ecdp9w" data-testid="product-brand">President's Choice</p><h3 class="chakra-heading css-6qrhwc" id="21060207_EA" data-testid="product-title">Tex Mex Shredded Cheese Blend</h3><p class="chakra-text css-1yftjin" data-testid="product-package-size">320 g, $1.97/100g</p></div></a><div class="css-8keand"></div></div><div class="css-1q5omjq"><div class="css-fcebb8"><div data-testid="atc-compact" class="css-y94ivq" style="width: 45px;"><button type="button" class="chakra-button css-mudsm6" data-testid="atc-button"><svg stroke="currentColor" fill="currentColor" stroke-width="0" viewBox="0 0 24 24" focusable="false" class="chakra-icon css-1g3sp7a" data-testid="btn-icon" aria-hidden="true" height="1em" width="1em" xmlns="http://www.w3.org/2000/svg"><path d="M19 13h-6v6h-2v-6H5v-2h6V5h2v6h6v2z"></path></svg><span class="css-idkz9h">Add Tex Mex Shredded Cheese Blend to cart</span></button></div></div></div></div></div></div><div class="css-0"><div class="css-f5i5wc"><div class="chakra-linkbox css-vhnn8v"><div data-testid="product-image" class="css-16dr4ly"><img alt="Cracker Barrel Old White Cheddar Cheese Slices, 11 units 200 g, $3.25/100g" src="https://assets.shop.loblaws.ca/products/21290704/b3/en/front/21290704_front_a06_@2.png" srcset="https://assets.shop.loblaws.ca/products/21290704/b3/en/front/21290704_front_a06_@2.png 1x, https://assets.shop.loblaws.ca/products/21290704/b3/en/front/21290704_front_a06_@2.png 2x" loading="lazy" class="chakra-image css-oguq8l" aria-hidden="true"></div><div class="css-qoklea"><div class="css-12dchmx"></div><div data-testid="price-product-tile" class="css-8atqhb"><p class="chakra-text css-0"><span class="chakra-text css-pwnbcb" data-testid="regular-price"><span class="css-idkz9h">$6.49</span>$6.49</span></p></div><a href="/old-white-cheddar-cheese-slices-11-units/p/21290704_EA?source=nspt" class="chakra-linkbox__overlay css-1hnz6hu"><div class="css-0"><p class="chakra-text css-1ecdp9w" data-testid="product-brand">Cracker Barrel</p><h3 class="chakra-heading css-6qrhwc" id="21290704_EA" data-testid="product-title">Old White Cheddar Cheese Slices, 11 units</h3><p class="chakra-text css-1yftjin" data-testid="product-package-size">200 g, $3.25/100g</p></div></a><div class="css-8keand"></div></div><div class="css-1q5omjq"><div class="css-fcebb8"><div data-testid="atc-compact" class="css-y94ivq" style="width: 45px;"><button type="button" class="chakra-button css-mudsm6" data-testid="atc-button"><svg stroke="currentColor" fill="currentColor" stroke-width="0" viewBox="0 0 24 24" focusable="false" class="chakra-icon css-1g3sp7a" data-testid="btn-icon" aria-hidden="true" height="1em" width="1em" xmlns="http://www.w3.org/2000/svg"><path d="M19 13h-6v6h-2v-6H5v-2h6V5h2v6h6v2z"></path></svg><span class="css-idkz9h">Add Old White Cheddar Cheese Slices, 11 units to cart</span></button></div></div></div></div></div></div><div class="css-0"><div class="css-f5i5wc"><div class="chakra-linkbox css-vhnn8v"><div data-testid="product-image" class="css-16dr4ly"><img alt="Kraft Grated Cheese Parmesan 31% M.F. 250 g, $3.12/100g" src="https://assets.shop.loblaws.ca/products/21528135/b3/en/front/21528135_front_a06_@2.png" srcset="https://assets.shop.loblaws.ca/products/21528135/b3/en/front/21528135_front_a06_@2.png 1x, https://assets.shop.loblaws.ca/products/21528135/b3/en/front/21528135_front_a06_@2.png 2x" loading="lazy" class="chakra-image css-oguq8l" aria-hidden="true"></div><div class="css-qoklea"><div class="css-12dchmx"></div><div data-testid="price-product-tile" class="css-8atqhb"><p class="chakra-text css-0"><span class="chakra-text css-pwnbcb" data-testid="regular-price"><span class="css-idkz9h">$7.79</span>$7.79</span></p></div><a href="/grated-cheese-parmesan-31-m-f/p/21528135_EA?source=nspt" class="chakra-linkbox__overlay css-1hnz6hu"><div class="css-0"><p class="chakra-text css-1ecdp9w" data-testid="product-brand">Kraft</p><h3 class="chakra-heading css-6qrhwc" id="21528135_EA" data-testid="product-title">Grated Cheese Parmesan 31% M.F.</h3><p class="chakra-text css-1yftjin" data-testid="product-package-size">250 g, $3.12/100g</p></div></a><div class="css-8keand"></div></div><div class="css-1q5omjq"><div class="css-fcebb8"><div data-testid="atc-compact" class="css-y94ivq" style="width: 45px;"><button type="button" class="chakra-button css-mudsm6" data-testid="atc-button"><svg stroke="currentColor" fill="currentColor" stroke-width="0" viewBox="0 0 24 24" focusable="false" class="chakra-icon css-1g3sp7a" data-testid="btn-icon" aria-hidden="true" height="1em" width="1em" xmlns="http://www.w3.org/2000/svg"><path d="M19 13h-6v6h-2v-6H5v-2h6V5h2v6h6v2z"></path></svg><span class="css-idkz9h">Add Grated Cheese Parmesan 31% M.F. to cart</span></button></div></div></div></div></div></div><div class="css-0"><div class="css-f5i5wc"><div class="chakra-linkbox css-vhnn8v"><div data-testid="product-image" class="css-16dr4ly"><img alt="Cracker Barrel Double Cheddar Shredded Cheese 320 g, $1.81/100g" src="https://assets.shop.loblaws.ca/products/21290613/b3/en/front/21290613_front_a06_@2.png" srcset="https://assets.shop.loblaws.ca/products/21290613/b3/en/front/21290613_front_a06_@2.png 1x, https://assets.shop.loblaws.ca/products/21290613/b3/en/front/21290613_front_a06_@2.png 2x" loading="lazy" class="chakra-image css-oguq8l" aria-hidden="true"></div><div class="css-qoklea"><div class="css-12dchmx"></div><div data-testid="price-product-tile" class="css-8atqhb"><p class="chakra-text css-0"><span class="chakra-text css-o93gbd" data-testid="sale-price"><span class="css-idkz9h">$5.79</span>$5.79</span><span class="chakra-text css-623q5h" data-testid="was-price"><span class="css-idkz9h">$7.49</span>$7.49</span></p><p class="chakra-text css-1m5a6y8" data-testid="price-descriptor">SAVE $1.70</p></div><a href="/double-cheddar-shredded-cheese/p/21290613_EA?source=nspt" class="chakra-linkbox__overlay css-1hnz6hu"><div class="css-0"><p class="chakra-text css-1ecdp9w" data-testid="product-brand">Cracker Barrel</p><h3 class="chakra-heading css-6qrhwc" id="21290613_EA" data-testid="product-title">Double Cheddar Shredded Cheese</h3><p class="chakra-text css-1yftjin" data-testid="product-package-size">320 g, $1.81/100g</p></div></a><div class="css-8keand"></div></div><div class="css-1q5omjq"><div class="css-fcebb8"><div data-testid="atc-compact" class="css-y94ivq" style="width: 45px;"><button type="button" class="chakra-button css-mudsm6" data-testid="atc-button"><svg stroke="currentColor" fill="currentColor" stroke-width="0" viewBox="0 0 24 24" focusable="false" class="chakra-icon css-1g3sp7a" data-testid="btn-icon" aria-hidden="true" height="1em" width="1em" xmlns="http://www.w3.org/2000/svg"><path d="M19 13h-6v6h-2v-6H5v-2h6V5h2v6h6v2z"></path></svg><span class="css-idkz9h">Add Double Cheddar Shredded Cheese to cart</span></button></div></div></div></div></div></div><div class="css-0"><div class="css-f5i5wc"><div class="chakra-linkbox css-vhnn8v"><div data-testid="product-image" class="css-16dr4ly"><img alt="No Name Shredded Nacho Cheese Blend 320 g, $1.72/100g" src="https://assets.shop.loblaws.ca/products/21082795/b3/en/front/21082795_front_a06_@2.png" srcset="https://assets.shop.loblaws.ca/products/21082795/b3/en/front/21082795_front_a06_@2.png 1x, https://assets.shop.loblaws.ca/products/21082795/b3/en/front/21082795_front_a06_@2.png 2x" loading="lazy" class="chakra-image css-oguq8l" aria-hidden="true"></div><div class="css-qoklea"><div class="css-12dchmx"></div><div data-testid="price-product-tile" class="css-8atqhb"><p class="chakra-text css-0"><span class="chakra-text css-pwnbcb" data-testid="regular-price"><span class="css-idkz9h">$5.49</span>$5.49</span></p></div><a href="/shredded-nacho-cheese-blend/p/21082795_EA?source=nspt" class="chakra-linkbox__overlay css-1hnz6hu"><div class="css-0"><p class="chakra-text css-1ecdp9w" data-testid="product-brand">No Name</p><h3 class="chakra-heading css-6qrhwc" id="21082795_EA" data-testid="product-title">Shredded Nacho Cheese Blend</h3><p class="chakra-text css-1yftjin" data-testid="product-package-size">320 g, $1.72/100g</p></div></a><div class="css-8keand"></div></div><div class="css-1q5omjq"><div class="css-fcebb8"><div data-testid="atc-compact" class="css-y94ivq" style="width: 45px;"><button type="button" class="chakra-button css-mudsm6" data-testid="atc-button"><svg stroke="currentColor" fill="currentColor" stroke-width="0" viewBox="0 0 24 24" focusable="false" class="chakra-icon css-1g3sp7a" data-testid="btn-icon" aria-hidden="true" height="1em" width="1em" xmlns="http://www.w3.org/2000/svg"><path d="M19 13h-6v6h-2v-6H5v-2h6V5h2v6h6v2z"></path></svg><span class="css-idkz9h">Add Shredded Nacho Cheese Blend to cart</span></button></div></div></div></div></div></div><div class="css-0"><div class="css-f5i5wc"><div class="chakra-linkbox css-vhnn8v"><div data-testid="product-image" class="css-16dr4ly"><img alt="Cracker Barrel Light Medium Cheddar Cheese Slices, 12 units 240 g, $2.70/100g" src="https://assets.shop.loblaws.ca/products/21290691/b3/en/front/21290691_front_a06_@2.png" srcset="https://assets.shop.loblaws.ca/products/21290691/b3/en/front/21290691_front_a06_@2.png 1x, https://assets.shop.loblaws.ca/products/21290691/b3/en/front/21290691_front_a06_@2.png 2x" loading="lazy" class="chakra-image css-oguq8l" aria-hidden="true"></div><div class="css-qoklea"><div class="css-12dchmx"></div><div data-testid="price-product-tile" class="css-8atqhb"><p class="chakra-text css-0"><span class="chakra-text css-pwnbcb" data-testid="regular-price"><span class="css-idkz9h">$6.49</span>$6.49</span></p></div><a href="/light-medium-cheddar-cheese-slices-12-units/p/21290691_EA?source=nspt" class="chakra-linkbox__overlay css-1hnz6hu"><div class="css-0"><p class="chakra-text css-1ecdp9w" data-testid="product-brand">Cracker Barrel</p><h3 class="chakra-heading css-6qrhwc" id="21290691_EA" data-testid="product-title">Light Medium Cheddar Cheese Slices, 12 units</h3><p class="chakra-text css-1yftjin" data-testid="product-package-size">240 g, $2.70/100g</p></div></a><div class="css-8keand"></div></div><div class="css-1q5omjq"><div class="css-fcebb8"><div data-testid="atc-compact" class="css-y94ivq" style="width: 45px;"><button type="button" class="chakra-button css-mudsm6" data-testid="atc-button"><svg stroke="currentColor" fill="currentColor" stroke-width="0" viewBox="0 0 24 24" focusable="false" class="chakra-icon css-1g3sp7a" data-testid="btn-icon" aria-hidden="true" height="1em" width="1em" xmlns="http://www.w3.org/2000/svg"><path d="M19 13h-6v6h-2v-6H5v-2h6V5h2v6h6v2z"></path></svg><span class="css-idkz9h">Add Light Medium Cheddar Cheese Slices, 12 units to cart</span></button></div></div></div></div></div></div><div class="css-0"><div class="css-f5i5wc"><div class="chakra-linkbox css-vhnn8v"><div data-testid="product-image" class="css-16dr4ly"><img alt="Philadelphia Whipped Original Cream Cheese Product 227 g, $2.02/100g" src="https://assets.shop.loblaws.ca/products/20866816002/b3/en/front/20866816002_front_a06_@2.png" srcset="https://assets.shop.loblaws.ca/products/20866816002/b3/en/front/20866816002_front_a06_@2.png 1x, https://assets.shop.loblaws.ca/products/20866816002/b3/en/front/20866816002_front_a06_@2.png 2x" loading="lazy" class="chakra-image css-oguq8l" aria-hidden="true"></div><div class="css-qoklea"><div class="css-12dchmx"></div><div data-testid="price-product-tile" class="css-8atqhb"><p class="chakra-text css-0"><span class="chakra-text css-pwnbcb" data-testid="regular-price"><span class="css-idkz9h">$4.59</span>$4.59</span></p></div><a href="/whipped-original-cream-cheese-product/p/20866816002_EA?source=nspt" class="chakra-linkbox__overlay css-1hnz6hu"><div class="css-0"><p class="chakra-text css-1ecdp9w" data-testid="product-brand">Philadelphia</p><h3 class="chakra-heading css-6qrhwc" id="20866816002_EA" data-testid="product-title">Whipped Original Cream Cheese Product</h3><p class="chakra-text css-1yftjin" data-testid="product-package-size">227 g, $2.02/100g</p></div></a><div class="css-8keand"></div></div><div class="css-1q5omjq"><div class="css-fcebb8"><div data-testid="atc-compact" class="css-y94ivq" style="width: 45px;"><button type="button" class="chakra-button css-mudsm6" data-testid="atc-button"><svg stroke="currentColor" fill="currentColor" stroke-width="0" viewBox="0 0 24 24" focusable="false" class="chakra-icon css-1g3sp7a" data-testid="btn-icon" aria-hidden="true" height="1em" width="1em" xmlns="http://www.w3.org/2000/svg"><path d="M19 13h-6v6h-2v-6H5v-2h6V5h2v6h6v2z"></path></svg><span class="css-idkz9h">Add Whipped Original Cream Cheese Product to cart</span></button></div></div></div></div></div></div><div class="css-0"><div class="css-f5i5wc"><div class="chakra-linkbox css-vhnn8v"><div data-testid="product-image" class="css-16dr4ly"><img alt="President's Choice Monterey Jack Cheese With Jalapeño 400 g, $1.45/100g" src="https://assets.shop.loblaws.ca/products/21289763/b3/en/front/21289763_front_a06_@2.png" srcset="https://assets.shop.loblaws.ca/products/21289763/b3/en/front/21289763_front_a06_@2.png 1x, https://assets.shop.loblaws.ca/products/21289763/b3/en/front/21289763_front_a06_@2.png 2x" loading="lazy" class="chakra-image css-oguq8l" aria-hidden="true"></div><div class="css-qoklea"><div class="css-12dchmx"></div><div data-testid="price-product-tile" class="css-8atqhb"><p class="chakra-text css-0"><span class="chakra-text css-o93gbd" data-testid="sale-price"><span class="css-idkz9h">$5.79</span>$5.79</span><span class="chakra-text css-623q5h" data-testid="was-price"><span class="css-idkz9h">$6.49</span>$6.49</span></p><p class="chakra-text css-1m5a6y8" data-testid="price-descriptor">SAVE $0.70</p></div><a href="/monterey-jack-cheese-with-jalape-o/p/21289763_EA?source=nspt" class="chakra-linkbox__overlay css-1hnz6hu"><div class="css-0"><p class="chakra-text css-1ecdp9w" data-testid="product-brand">President's Choice</p><h3 class="chakra-heading css-6qrhwc" id="21289763_EA" data-testid="product-title">Monterey Jack Cheese With Jalapeño</h3><p class="chakra-text css-1yftjin" data-testid="product-package-size">400 g, $1.45/100g</p></div></a><div class="css-8keand"></div></div><div class="css-1q5omjq"><div class="css-fcebb8"><div data-testid="atc-compact" class="css-y94ivq" style="width: 45px;"><button type="button" class="chakra-button css-mudsm6" data-testid="atc-button"><svg stroke="currentColor" fill="currentColor" stroke-width="0" viewBox="0 0 24 24" focusable="false" class="chakra-icon css-1g3sp7a" data-testid="btn-icon" aria-hidden="true" height="1em" width="1em" xmlns="http://www.w3.org/2000/svg"><path d="M19 13h-6v6h-2v-6H5v-2h6V5h2v6h6v2z"></path></svg><span class="css-idkz9h">Add Monterey Jack Cheese With Jalapeño to cart</span></button></div></div></div></div></div></div><div class="css-0"><div class="css-f5i5wc"><div class="chakra-linkbox css-vhnn8v"><div data-testid="product-image" class="css-16dr4ly"><img alt="No Name Swiss Cheese Slices 210 g, $2.14/100g" src="https://assets.shop.loblaws.ca/products/20742893/b3/en/front/20742893_front_a06_@2.png" srcset="https://assets.shop.loblaws.ca/products/20742893/b3/en/front/20742893_front_a06_@2.png 1x, https://assets.shop.loblaws.ca/products/20742893/b3/en/front/20742893_front_a06_@2.png 2x" loading="lazy" class="chakra-image css-oguq8l" aria-hidden="true"></div><div class="css-qoklea"><div class="css-12dchmx"></div><div data-testid="price-product-tile" class="css-8atqhb"><p class="chakra-text css-0"><span class="chakra-text css-pwnbcb" data-testid="regular-price"><span class="css-idkz9h">$4.50</span>$4.50</span></p></div><a href="/swiss-cheese-slices/p/20742893_EA?source=nspt" class="chakra-linkbox__overlay css-1hnz6hu"><div class="css-0"><p class="chakra-text css-1ecdp9w" data-testid="product-brand">No Name</p><h3 class="chakra-heading css-6qrhwc" id="20742893_EA" data-testid="product-title">Swiss Cheese Slices</h3><p class="chakra-text css-1yftjin" data-testid="product-package-size">210 g, $2.14/100g</p></div></a><div class="css-8keand"></div></div><div class="css-1q5omjq"><div class="css-fcebb8"><div data-testid="atc-compact" class="css-y94ivq" style="width: 45px;"><button type="button" class="chakra-button css-mudsm6" data-testid="atc-button"><svg stroke="currentColor" fill="currentColor" stroke-width="0" viewBox="0 0 24 24" focusable="false" class="chakra-icon css-1g3sp7a" data-testid="btn-icon" aria-hidden="true" height="1em" width="1em" xmlns="http://www.w3.org/2000/svg"><path d="M19 13h-6v6h-2v-6H5v-2h6V5h2v6h6v2z"></path></svg><span class="css-idkz9h">Add Swiss Cheese Slices to cart</span></button></div></div></div></div></div></div><div class="css-0"><div class="css-f5i5wc"><div class="chakra-linkbox css-vhnn8v"><div data-testid="product-image" class="css-16dr4ly"><img alt="No Name Shredded Farmer's Marble Cheese 320 g, $1.72/100g" src="https://assets.shop.loblaws.ca/products/21200684/b3/en/front/21200684_front_a06_@2.png" srcset="https://assets.shop.loblaws.ca/products/21200684/b3/en/front/21200684_front_a06_@2.png 1x, https://assets.shop.loblaws.ca/products/21200684/b3/en/front/21200684_front_a06_@2.png 2x" loading="lazy" class="chakra-image css-oguq8l" aria-hidden="true"></div><div class="css-qoklea"><div class="css-12dchmx"></div><div data-testid="price-product-tile" class="css-8atqhb"><p class="chakra-text css-0"><span class="chakra-text css-pwnbcb" data-testid="regular-price"><span class="css-idkz9h">$5.49</span>$5.49</span></p></div><a href="/shredded-farmer-s-marble-cheese/p/21200684_EA?source=nspt" class="chakra-linkbox__overlay css-1hnz6hu"><div class="css-0"><p class="chakra-text css-1ecdp9w" data-testid="product-brand">No Name</p><h3 class="chakra-heading css-6qrhwc" id="21200684_EA" data-testid="product-title">Shredded Farmer's Marble Cheese</h3><p class="chakra-text css-1yftjin" data-testid="product-package-size">320 g, $1.72/100g</p></div></a><div class="css-8keand"></div></div><div class="css-1q5omjq"><div class="css-fcebb8"><div data-testid="atc-compact" class="css-y94ivq" style="width: 45px;"><button type="button" class="chakra-button css-mudsm6" data-testid="atc-button"><svg stroke="currentColor" fill="currentColor" stroke-width="0" viewBox="0 0 24 24" focusable="false" class="chakra-icon css-1g3sp7a" data-testid="btn-icon" aria-hidden="true" height="1em" width="1em" xmlns="http://www.w3.org/2000/svg"><path d="M19 13h-6v6h-2v-6H5v-2h6V5h2v6h6v2z"></path></svg><span class="css-idkz9h">Add Shredded Farmer's Marble Cheese to cart</span></button></div></div></div></div></div></div><div class="css-0"><div class="css-f5i5wc"><div class="chakra-linkbox css-vhnn8v"><div data-testid="product-image" class="css-16dr4ly"><img alt="Black Diamond Thick Processed Cheddar Cheese Slices 410 g, $0.61/100g" src="https://assets.shop.loblaws.ca/products/21278710/b3/en/front/21278710_front_a06_@2.png" srcset="https://assets.shop.loblaws.ca/products/21278710/b3/en/front/21278710_front_a06_@2.png 1x, https://assets.shop.loblaws.ca/products/21278710/b3/en/front/21278710_front_a06_@2.png 2x" loading="lazy" class="chakra-image css-oguq8l" aria-hidden="true"></div><div class="css-qoklea"><div class="css-12dchmx"></div><div data-testid="price-product-tile" class="css-8atqhb"><p class="chakra-text css-0"><span class="chakra-text css-o93gbd" data-testid="sale-price"><span class="css-idkz9h">$2.49</span>$2.49</span><span class="chakra-text css-623q5h" data-testid="was-price"><span class="css-idkz9h">$3.89</span>$3.89</span></p><p class="chakra-text css-1m5a6y8" data-testid="price-descriptor">SAVE $1.40</p></div><a href="/thick-processed-cheddar-cheese-slices/p/21278710_EA?source=nspt" class="chakra-linkbox__overlay css-1hnz6hu"><div class="css-0"><p class="chakra-text css-1ecdp9w" data-testid="product-brand">Black Diamond</p><h3 class="chakra-heading css-6qrhwc" id="21278710_EA" data-testid="product-title">Thick Processed Cheddar Cheese Slices</h3><p class="chakra-text css-1yftjin" data-testid="product-package-size">410 g, $0.61/100g</p></div></a><div class="css-8keand"></div></div><div class="css-1q5omjq"><div class="css-fcebb8"><div data-testid="atc-compact" class="css-y94ivq" style="width: 45px;"><button type="button" class="chakra-button css-mudsm6" data-testid="atc-button"><svg stroke="currentColor" fill="currentColor" stroke-width="0" viewBox="0 0 24 24" focusable="false" class="chakra-icon css-1g3sp7a" data-testid="btn-icon" aria-hidden="true" height="1em" width="1em" xmlns="http://www.w3.org/2000/svg"><path d="M19 13h-6v6h-2v-6H5v-2h6V5h2v6h6v2z"></path></svg><span class="css-idkz9h">Add Thick Processed Cheddar Cheese Slices to cart</span></button></div></div></div></div></div></div><div class="css-0"><div class="css-f5i5wc"><div class="chakra-linkbox css-vhnn8v"><div data-testid="product-image" class="css-16dr4ly"><img alt="No Name Medium Cheddar Cheese Slices 230 g, $1.96/100g" src="https://assets.shop.loblaws.ca/products/20742451/b3/en/front/20742451_front_a06_@2.png" srcset="https://assets.shop.loblaws.ca/products/20742451/b3/en/front/20742451_front_a06_@2.png 1x, https://assets.shop.loblaws.ca/products/20742451/b3/en/front/20742451_front_a06_@2.png 2x" loading="lazy" class="chakra-image css-oguq8l" aria-hidden="true"></div><div class="css-qoklea"><div class="css-12dchmx"></div><div data-testid="price-product-tile" class="css-8atqhb"><p class="chakra-text css-0"><span class="chakra-text css-pwnbcb" data-testid="regular-price"><span class="css-idkz9h">$4.50</span>$4.50</span></p></div><a href="/medium-cheddar-cheese-slices/p/20742451_EA?source=nspt" class="chakra-linkbox__overlay css-1hnz6hu"><div class="css-0"><p class="chakra-text css-1ecdp9w" data-testid="product-brand">No Name</p><h3 class="chakra-heading css-6qrhwc" id="20742451_EA" data-testid="product-title">Medium Cheddar Cheese Slices</h3><p class="chakra-text css-1yftjin" data-testid="product-package-size">230 g, $1.96/100g</p></div></a><div class="css-8keand"></div></div><div class="css-1q5omjq"><div class="css-fcebb8"><div data-testid="atc-compact" class="css-y94ivq" style="width: 45px;"><button type="button" class="chakra-button css-mudsm6" data-testid="atc-button"><svg stroke="currentColor" fill="currentColor" stroke-width="0" viewBox="0 0 24 24" focusable="false" class="chakra-icon css-1g3sp7a" data-testid="btn-icon" aria-hidden="true" height="1em" width="1em" xmlns="http://www.w3.org/2000/svg"><path d="M19 13h-6v6h-2v-6H5v-2h6V5h2v6h6v2z"></path></svg><span class="css-idkz9h">Add Medium Cheddar Cheese Slices to cart</span></button></div></div></div></div></div></div><div class="css-0"><div class="css-f5i5wc"><div class="chakra-linkbox css-vhnn8v"><div data-testid="product-image" class="css-16dr4ly"><img alt="Amooza Mozzarella and cheddar cheese stix, 22% M.F, 12 units 228 g, $3.07/100g" src="https://assets.shop.loblaws.ca/products/21403514/b3/en/front/21403514_front_a06_@2.png" srcset="https://assets.shop.loblaws.ca/products/21403514/b3/en/front/21403514_front_a06_@2.png 1x, https://assets.shop.loblaws.ca/products/21403514/b3/en/front/21403514_front_a06_@2.png 2x" loading="lazy" class="chakra-image css-oguq8l" aria-hidden="true"></div><div class="css-qoklea"><div class="css-12dchmx"></div><div data-testid="price-product-tile" class="css-8atqhb"><p class="chakra-text css-0"><span class="chakra-text css-pwnbcb" data-testid="regular-price"><span class="css-idkz9h">$6.99</span>$6.99</span></p></div><a href="/mozzarella-and-cheddar-cheese-stix-22-m-f-12-units/p/21403514_EA?source=nspt" class="chakra-linkbox__overlay css-1hnz6hu"><div class="css-0"><p class="chakra-text css-1ecdp9w" data-testid="product-brand">Amooza</p><h3 class="chakra-heading css-6qrhwc" id="21403514_EA" data-testid="product-title">Mozzarella and cheddar cheese stix, 22% M.F, 12 units</h3><p class="chakra-text css-1yftjin" data-testid="product-package-size">228 g, $3.07/100g</p></div></a><div class="css-8keand"></div></div><div class="css-1q5omjq"><div class="css-fcebb8"><div data-testid="atc-compact" class="css-y94ivq" style="width: 45px;"><button type="button" class="chakra-button css-mudsm6" data-testid="atc-button"><svg stroke="currentColor" fill="currentColor" stroke-width="0" viewBox="0 0 24 24" focusable="false" class="chakra-icon css-1g3sp7a" data-testid="btn-icon" aria-hidden="true" height="1em" width="1em" xmlns="http://www.w3.org/2000/svg"><path d="M19 13h-6v6h-2v-6H5v-2h6V5h2v6h6v2z"></path></svg><span class="css-idkz9h">Add Mozzarella and cheddar cheese stix, 22% M.F, 12 units to cart</span></button></div></div></div></div></div></div><div class="css-0"><div class="css-f5i5wc"><div class="chakra-linkbox css-vhnn8v"><div data-testid="product-image" class="css-16dr4ly"><img alt="Philadelphia Herb &amp; Garlic Cream Cheese Product 340 g, $2.06/100g" src="https://assets.shop.loblaws.ca/products/20866929001/b3/en/front/20866929001_front_a06_@2.png" srcset="https://assets.shop.loblaws.ca/products/20866929001/b3/en/front/20866929001_front_a06_@2.png 1x, https://assets.shop.loblaws.ca/products/20866929001/b3/en/front/20866929001_front_a06_@2.png 2x" loading="lazy" class="chakra-image css-oguq8l" aria-hidden="true"></div><div class="css-qoklea"><div class="css-12dchmx"></div><div data-testid="price-product-tile" class="css-8atqhb"><p class="chakra-text css-0"><span class="chakra-text css-pwnbcb" data-testid="regular-price"><span class="css-idkz9h">$6.99</span>$6.99</span></p></div><a href="/herb-garlic-cream-cheese-product/p/20866929001_EA?source=nspt" class="chakra-linkbox__overlay css-1hnz6hu"><div class="css-0"><p class="chakra-text css-1ecdp9w" data-testid="product-brand">Philadelphia</p><h3 class="chakra-heading css-6qrhwc" id="20866929001_EA" data-testid="product-title">Herb &amp; Garlic Cream Cheese Product</h3><p class="chakra-text css-1yftjin" data-testid="product-package-size">340 g, $2.06/100g</p></div></a><div class="css-8keand"></div></div><div class="css-1q5omjq"><div class="css-fcebb8"><div data-testid="atc-compact" class="css-y94ivq" style="width: 45px;"><button type="button" class="chakra-button css-mudsm6" data-testid="atc-button"><svg stroke="currentColor" fill="currentColor" stroke-width="0" viewBox="0 0 24 24" focusable="false" class="chakra-icon css-1g3sp7a" data-testid="btn-icon" aria-hidden="true" height="1em" width="1em" xmlns="http://www.w3.org/2000/svg"><path d="M19 13h-6v6h-2v-6H5v-2h6V5h2v6h6v2z"></path></svg><span class="css-idkz9h">Add Herb &amp; Garlic Cream Cheese Product to cart</span></button></div></div></div></div></div></div><div class="css-0"><div class="css-f5i5wc"><div class="chakra-linkbox css-vhnn8v"><div data-testid="product-image" class="css-16dr4ly"><img alt="Gay Lea Nordica Cottage Cheese, 2% 500 g, $1.06/100g" src="https://assets.shop.loblaws.ca/products/20319458001/b3/en/front/20319458001_front_a06_@2.png" srcset="https://assets.shop.loblaws.ca/products/20319458001/b3/en/front/20319458001_front_a06_@2.png 1x, https://assets.shop.loblaws.ca/products/20319458001/b3/en/front/20319458001_front_a06_@2.png 2x" loading="lazy" class="chakra-image css-oguq8l" aria-hidden="true"></div><div class="css-qoklea"><div class="css-12dchmx"></div><div data-testid="price-product-tile" class="css-8atqhb"><p class="chakra-text css-0"><span class="chakra-text css-pwnbcb" data-testid="regular-price"><span class="css-idkz9h">$5.29</span>$5.29</span></p></div><a href="/nordica-cottage-cheese-2/p/20319458001_EA?source=nspt" class="chakra-linkbox__overlay css-1hnz6hu"><div class="css-0"><p class="chakra-text css-1ecdp9w" data-testid="product-brand">Gay Lea</p><h3 class="chakra-heading css-6qrhwc" id="20319458001_EA" data-testid="product-title">Nordica Cottage Cheese, 2%</h3><p class="chakra-text css-1yftjin" data-testid="product-package-size">500 g, $1.06/100g</p></div></a><div class="css-8keand"></div></div><div class="css-1q5omjq"><div class="css-fcebb8"><div data-testid="atc-compact" class="css-y94ivq" style="width: 45px;"><button type="button" class="chakra-button css-mudsm6" data-testid="atc-button"><svg stroke="currentColor" fill="currentColor" stroke-width="0" viewBox="0 0 24 24" focusable="false" class="chakra-icon css-1g3sp7a" data-testid="btn-icon" aria-hidden="true" height="1em" width="1em" xmlns="http://www.w3.org/2000/svg"><path d="M19 13h-6v6h-2v-6H5v-2h6V5h2v6h6v2z"></path></svg><span class="css-idkz9h">Add Nordica Cottage Cheese, 2% to cart</span></button></div></div></div></div></div></div><div class="css-0"><div class="css-f5i5wc"><div class="chakra-linkbox css-vhnn8v"><div data-testid="product-image" class="css-16dr4ly"><img alt="Violife Cheddar Style Slices  200 g, $3.00/100g" src="https://assets.shop.loblaws.ca/products/21339330/b3/en/front/21339330_front_a06_@2.png" srcset="https://assets.shop.loblaws.ca/products/21339330/b3/en/front/21339330_front_a06_@2.png 1x, https://assets.shop.loblaws.ca/products/21339330/b3/en/front/21339330_front_a06_@2.png 2x" loading="lazy" class="chakra-image css-oguq8l" aria-hidden="true"></div><div class="css-qoklea"><div class="css-12dchmx"></div><div data-testid="price-product-tile" class="css-8atqhb"><p class="chakra-text css-0"><span class="chakra-text css-pwnbcb" data-testid="regular-price"><span class="css-idkz9h">$5.99</span>$5.99</span></p></div><a href="/cheddar-style-slices/p/21339330_EA?source=nspt" class="chakra-linkbox__overlay css-1hnz6hu"><div class="css-0"><p class="chakra-text css-1ecdp9w" data-testid="product-brand">Violife</p><h3 class="chakra-heading css-6qrhwc" id="21339330_EA" data-testid="product-title">Cheddar Style Slices </h3><p class="chakra-text css-1yftjin" data-testid="product-package-size">200 g, $3.00/100g</p></div></a><div class="css-8keand"></div></div><div class="css-1q5omjq"><div class="css-fcebb8"><div data-testid="atc-compact" class="css-y94ivq" style="width: 45px;"><button type="button" class="chakra-button css-mudsm6" data-testid="atc-button"><svg stroke="currentColor" fill="currentColor" stroke-width="0" viewBox="0 0 24 24" focusable="false" class="chakra-icon css-1g3sp7a" data-testid="btn-icon" aria-hidden="true" height="1em" width="1em" xmlns="http://www.w3.org/2000/svg"><path d="M19 13h-6v6h-2v-6H5v-2h6V5h2v6h6v2z"></path></svg><span class="css-idkz9h">Add Cheddar Style Slices  to cart</span></button></div></div><div class="css-4saf4a"><p class="chakra-text css-py8788" data-testid="inventory-badge-text">Low Stock</p></div></div></div></div></div><div class="css-0"><div class="css-f5i5wc"><div class="chakra-linkbox css-vhnn8v"><div data-testid="product-image" class="css-16dr4ly"><img alt="No Name Cream Cheese Product With Strawberries 227 g, $1.32/100g" src="https://assets.shop.loblaws.ca/products/21047871/b3/en/front/21047871_front_a06_@2.png" srcset="https://assets.shop.loblaws.ca/products/21047871/b3/en/front/21047871_front_a06_@2.png 1x, https://assets.shop.loblaws.ca/products/21047871/b3/en/front/21047871_front_a06_@2.png 2x" loading="lazy" class="chakra-image css-oguq8l" aria-hidden="true"></div><div class="css-qoklea"><div class="css-12dchmx"></div><div data-testid="price-product-tile" class="css-8atqhb"><p class="chakra-text css-0"><span class="chakra-text css-pwnbcb" data-testid="regular-price"><span class="css-idkz9h">$3.00</span>$3.00</span></p></div><a href="/cream-cheese-product-with-strawberries/p/21047871_EA?source=nspt" class="chakra-linkbox__overlay css-1hnz6hu"><div class="css-0"><p class="chakra-text css-1ecdp9w" data-testid="product-brand">No Name</p><h3 class="chakra-heading css-6qrhwc" id="21047871_EA" data-testid="product-title">Cream Cheese Product With Strawberries</h3><p class="chakra-text css-1yftjin" data-testid="product-package-size">227 g, $1.32/100g</p></div></a><div class="css-8keand"></div></div><div class="css-1q5omjq"><div class="css-fcebb8"><div data-testid="atc-compact" class="css-y94ivq" style="width: 45px;"><button type="button" class="chakra-button css-mudsm6" data-testid="atc-button"><svg stroke="currentColor" fill="currentColor" stroke-width="0" viewBox="0 0 24 24" focusable="false" class="chakra-icon css-1g3sp7a" data-testid="btn-icon" aria-hidden="true" height="1em" width="1em" xmlns="http://www.w3.org/2000/svg"><path d="M19 13h-6v6h-2v-6H5v-2h6V5h2v6h6v2z"></path></svg><span class="css-idkz9h">Add Cream Cheese Product With Strawberries to cart</span></button></div></div></div></div></div></div><div class="css-0"><div class="css-f5i5wc"><div class="chakra-linkbox css-vhnn8v"><div data-testid="product-image" class="css-16dr4ly"><img alt="Philadelphia Whipped Jalapeno Cheddar Cream Cheese Product 227 g, $2.02/100g" src="https://assets.shop.loblaws.ca/products/21023126/b3/en/front/21023126_front_a06_@2.png" srcset="https://assets.shop.loblaws.ca/products/21023126/b3/en/front/21023126_front_a06_@2.png 1x, https://assets.shop.loblaws.ca/products/21023126/b3/en/front/21023126_front_a06_@2.png 2x" loading="lazy" class="chakra-image css-oguq8l" aria-hidden="true"></div><div class="css-qoklea"><div class="css-12dchmx"></div><div data-testid="price-product-tile" class="css-8atqhb"><p class="chakra-text css-0"><span class="chakra-text css-pwnbcb" data-testid="regular-price"><span class="css-idkz9h">$4.59</span>$4.59</span></p></div><a href="/whipped-jalapeno-cheddar-cream-cheese-product/p/21023126_EA?source=nspt" class="chakra-linkbox__overlay css-1hnz6hu"><div class="css-0"><p class="chakra-text css-1ecdp9w" data-testid="product-brand">Philadelphia</p><h3 class="chakra-heading css-6qrhwc" id="21023126_EA" data-testid="product-title">Whipped Jalapeno Cheddar Cream Cheese Product</h3><p class="chakra-text css-1yftjin" data-testid="product-package-size">227 g, $2.02/100g</p></div></a><div class="css-8keand"></div></div><div class="css-1q5omjq"><div class="css-fcebb8"><div data-testid="atc-compact" class="css-y94ivq" style="width: 45px;"><button type="button" class="chakra-button css-mudsm6" data-testid="atc-button"><svg stroke="currentColor" fill="currentColor" stroke-width="0" viewBox="0 0 24 24" focusable="false" class="chakra-icon css-1g3sp7a" data-testid="btn-icon" aria-hidden="true" height="1em" width="1em" xmlns="http://www.w3.org/2000/svg"><path d="M19 13h-6v6h-2v-6H5v-2h6V5h2v6h6v2z"></path></svg><span class="css-idkz9h">Add Whipped Jalapeno Cheddar Cream Cheese Product to cart</span></button></div></div></div></div></div></div><div class="css-0"><div class="css-f5i5wc"><div class="chakra-linkbox css-vhnn8v"><div data-testid="product-image" class="css-16dr4ly"><img alt="No Name 1% M.F. Light Cottage Cheese 500 g, $0.80/100g" src="https://assets.shop.loblaws.ca/products/20183991001/b3/en/front/20183991001_front_a06_@2.png" srcset="https://assets.shop.loblaws.ca/products/20183991001/b3/en/front/20183991001_front_a06_@2.png 1x, https://assets.shop.loblaws.ca/products/20183991001/b3/en/front/20183991001_front_a06_@2.png 2x" loading="lazy" class="chakra-image css-oguq8l" aria-hidden="true"></div><div class="css-qoklea"><div class="css-12dchmx"></div><div data-testid="price-product-tile" class="css-8atqhb"><p class="chakra-text css-0"><span class="chakra-text css-pwnbcb" data-testid="regular-price"><span class="css-idkz9h">$3.99</span>$3.99</span></p></div><a href="/1-m-f-light-cottage-cheese/p/20183991001_EA?source=nspt" class="chakra-linkbox__overlay css-1hnz6hu"><div class="css-0"><p class="chakra-text css-1ecdp9w" data-testid="product-brand">No Name</p><h3 class="chakra-heading css-6qrhwc" id="20183991001_EA" data-testid="product-title">1% M.F. Light Cottage Cheese</h3><p class="chakra-text css-1yftjin" data-testid="product-package-size">500 g, $0.80/100g</p></div></a><div class="css-8keand"></div></div><div class="css-1q5omjq"><div class="css-fcebb8"><div data-testid="atc-compact" class="css-y94ivq" style="width: 45px;"><button type="button" class="chakra-button css-mudsm6" data-testid="atc-button"><svg stroke="currentColor" fill="currentColor" stroke-width="0" viewBox="0 0 24 24" focusable="false" class="chakra-icon css-1g3sp7a" data-testid="btn-icon" aria-hidden="true" height="1em" width="1em" xmlns="http://www.w3.org/2000/svg"><path d="M19 13h-6v6h-2v-6H5v-2h6V5h2v6h6v2z"></path></svg><span class="css-idkz9h">Add 1% M.F. Light Cottage Cheese to cart</span></button></div></div></div></div></div></div><div class="css-0"><div class="css-f5i5wc"><div class="chakra-linkbox css-vhnn8v"><div data-testid="product-image" class="css-16dr4ly"><img alt="Tre Stelle Paneer 350 g, $1.57/100g" src="https://assets.shop.loblaws.ca/products/21099328/b3/en/front/21099328_front_a06_@2.png" srcset="https://assets.shop.loblaws.ca/products/21099328/b3/en/front/21099328_front_a06_@2.png 1x, https://assets.shop.loblaws.ca/products/21099328/b3/en/front/21099328_front_a06_@2.png 2x" loading="lazy" class="chakra-image css-oguq8l" aria-hidden="true"></div><div class="css-qoklea"><div class="css-12dchmx"></div><div data-testid="price-product-tile" class="css-8atqhb"><p class="chakra-text css-0"><span class="chakra-text css-pwnbcb" data-testid="regular-price"><span class="css-idkz9h">$5.49</span>$5.49</span></p></div><a href="/paneer/p/21099328_EA?source=nspt" class="chakra-linkbox__overlay css-1hnz6hu"><div class="css-0"><p class="chakra-text css-1ecdp9w" data-testid="product-brand">Tre Stelle</p><h3 class="chakra-heading css-6qrhwc" id="21099328_EA" data-testid="product-title">Paneer</h3><p class="chakra-text css-1yftjin" data-testid="product-package-size">350 g, $1.57/100g</p></div></a><div class="css-8keand"></div></div><div class="css-1q5omjq"><div class="css-fcebb8"><div data-testid="atc-compact" class="css-y94ivq" style="width: 45px;"><button type="button" class="chakra-button css-mudsm6" data-testid="atc-button"><svg stroke="currentColor" fill="currentColor" stroke-width="0" viewBox="0 0 24 24" focusable="false" class="chakra-icon css-1g3sp7a" data-testid="btn-icon" aria-hidden="true" height="1em" width="1em" xmlns="http://www.w3.org/2000/svg"><path d="M19 13h-6v6h-2v-6H5v-2h6V5h2v6h6v2z"></path></svg><span class="css-idkz9h">Add Paneer to cart</span></button></div></div></div></div></div></div><div class="css-0"><div class="css-f5i5wc"><div class="chakra-linkbox css-vhnn8v"><div data-testid="product-image" class="css-16dr4ly"><img alt="Philadelphia Original Light Cream Cheese Product 340 g, $2.06/100g" src="https://assets.shop.loblaws.ca/products/20866929003/b3/en/front/20866929003_front_a06_@2.png" srcset="https://assets.shop.loblaws.ca/products/20866929003/b3/en/front/20866929003_front_a06_@2.png 1x, https://assets.shop.loblaws.ca/products/20866929003/b3/en/front/20866929003_front_a06_@2.png 2x" loading="lazy" class="chakra-image css-oguq8l" aria-hidden="true"></div><div class="css-qoklea"><div class="css-12dchmx"></div><div data-testid="price-product-tile" class="css-8atqhb"><p class="chakra-text css-0"><span class="chakra-text css-pwnbcb" data-testid="regular-price"><span class="css-idkz9h">$6.99</span>$6.99</span></p></div><a href="/original-light-cream-cheese-product/p/20866929003_EA?source=nspt" class="chakra-linkbox__overlay css-1hnz6hu"><div class="css-0"><p class="chakra-text css-1ecdp9w" data-testid="product-brand">Philadelphia</p><h3 class="chakra-heading css-6qrhwc" id="20866929003_EA" data-testid="product-title">Original Light Cream Cheese Product</h3><p class="chakra-text css-1yftjin" data-testid="product-package-size">340 g, $2.06/100g</p></div></a><div class="css-8keand"></div></div><div class="css-1q5omjq"><div class="css-fcebb8"><div data-testid="atc-compact" class="css-y94ivq" style="width: 45px;"><button type="button" class="chakra-button css-mudsm6" data-testid="atc-button"><svg stroke="currentColor" fill="currentColor" stroke-width="0" viewBox="0 0 24 24" focusable="false" class="chakra-icon css-1g3sp7a" data-testid="btn-icon" aria-hidden="true" height="1em" width="1em" xmlns="http://www.w3.org/2000/svg"><path d="M19 13h-6v6h-2v-6H5v-2h6V5h2v6h6v2z"></path></svg><span class="css-idkz9h">Add Original Light Cream Cheese Product to cart</span></button></div></div></div></div></div></div></div><div data-testid="product-grid" class="css-epcqr3"><div class="css-0"><div class="css-f5i5wc"><div class="chakra-linkbox css-vhnn8v"><div data-testid="product-image" class="css-16dr4ly"><img alt="Violife Smoke Flavoured Provolone Style Slices 200 g, $3.00/100g" src="https://assets.shop.loblaws.ca/products/21339317/b3/en/front/21339317_front_a06_@2.png" srcset="https://assets.shop.loblaws.ca/products/21339317/b3/en/front/21339317_front_a06_@2.png 1x, https://assets.shop.loblaws.ca/products/21339317/b3/en/front/21339317_front_a06_@2.png 2x" loading="lazy" class="chakra-image css-oguq8l" aria-hidden="true"></div><div class="css-qoklea"><div class="css-12dchmx"></div><div data-testid="price-product-tile" class="css-8atqhb"><p class="chakra-text css-0"><span class="chakra-text css-pwnbcb" data-testid="regular-price"><span class="css-idkz9h">$5.99</span>$5.99</span></p></div><a href="/smoke-flavoured-provolone-style-slices/p/21339317_EA?source=nspt" class="chakra-linkbox__overlay css-1hnz6hu"><div class="css-0"><p class="chakra-text css-1ecdp9w" data-testid="product-brand">Violife</p><h3 class="chakra-heading css-6qrhwc" id="21339317_EA" data-testid="product-title">Smoke Flavoured Provolone Style Slices</h3><p class="chakra-text css-1yftjin" data-testid="product-package-size">200 g, $3.00/100g</p></div></a><div class="css-8keand"></div></div><div class="css-1q5omjq"><div class="css-fcebb8"><div data-testid="atc-compact" class="css-y94ivq" style="width: 45px;"><button type="button" class="chakra-button css-mudsm6" data-testid="atc-button"><svg stroke="currentColor" fill="currentColor" stroke-width="0" viewBox="0 0 24 24" focusable="false" class="chakra-icon css-1g3sp7a" data-testid="btn-icon" aria-hidden="true" height="1em" width="1em" xmlns="http://www.w3.org/2000/svg"><path d="M19 13h-6v6h-2v-6H5v-2h6V5h2v6h6v2z"></path></svg><span class="css-idkz9h">Add Smoke Flavoured Provolone Style Slices to cart</span></button></div></div></div></div></div></div><div class="css-0"><div class="css-f5i5wc"><div class="chakra-linkbox css-vhnn8v"><div data-testid="product-image" class="css-16dr4ly"><img alt="No Name Cream Cheese Spread with Everything Bagel Seasoning 227 g, $1.32/100g" src="https://assets.shop.loblaws.ca/products/21216994/b3/en/front/21216994_front_a06_@2.png" srcset="https://assets.shop.loblaws.ca/products/21216994/b3/en/front/21216994_front_a06_@2.png 1x, https://assets.shop.loblaws.ca/products/21216994/b3/en/front/21216994_front_a06_@2.png 2x" loading="lazy" class="chakra-image css-oguq8l" aria-hidden="true"></div><div class="css-qoklea"><div class="css-12dchmx"></div><div data-testid="price-product-tile" class="css-8atqhb"><p class="chakra-text css-0"><span class="chakra-text css-pwnbcb" data-testid="regular-price"><span class="css-idkz9h">$3.00</span>$3.00</span></p></div><a href="/cream-cheese-spread-with-everything-bagel-seasonin/p/21216994_EA?source=nspt" class="chakra-linkbox__overlay css-1hnz6hu"><div class="css-0"><p class="chakra-text css-1ecdp9w" data-testid="product-brand">No Name</p><h3 class="chakra-heading css-6qrhwc" id="21216994_EA" data-testid="product-title">Cream Cheese Spread with Everything Bagel Seasoning</h3><p class="chakra-text css-1yftjin" data-testid="product-package-size">227 g, $1.32/100g</p></div></a><div class="css-8keand"></div></div><div class="css-1q5omjq"><div class="css-fcebb8"><div data-testid="atc-compact" class="css-y94ivq" style="width: 45px;"><button type="button" class="chakra-button css-mudsm6" data-testid="atc-button"><svg stroke="currentColor" fill="currentColor" stroke-width="0" viewBox="0 0 24 24" focusable="false" class="chakra-icon css-1g3sp7a" data-testid="btn-icon" aria-hidden="true" height="1em" width="1em" xmlns="http://www.w3.org/2000/svg"><path d="M19 13h-6v6h-2v-6H5v-2h6V5h2v6h6v2z"></path></svg><span class="css-idkz9h">Add Cream Cheese Spread with Everything Bagel Seasoning to cart</span></button></div></div></div></div></div></div><div class="css-0"><div class="css-f5i5wc"><div class="chakra-linkbox css-vhnn8v"><div data-testid="product-image" class="css-16dr4ly"><img alt="Gay Lea Lactose Free Cottage Cheese 450 g, $1.18/100g" src="https://assets.shop.loblaws.ca/products/21315439/b3/en/front/21315439_front_a06_@2.png" srcset="https://assets.shop.loblaws.ca/products/21315439/b3/en/front/21315439_front_a06_@2.png 1x, https://assets.shop.loblaws.ca/products/21315439/b3/en/front/21315439_front_a06_@2.png 2x" loading="lazy" class="chakra-image css-oguq8l" aria-hidden="true"></div><div class="css-qoklea"><div class="css-12dchmx"></div><div data-testid="price-product-tile" class="css-8atqhb"><p class="chakra-text css-0"><span class="chakra-text css-pwnbcb" data-testid="regular-price"><span class="css-idkz9h">$5.29</span>$5.29</span></p></div><a href="/lactose-free-cottage-cheese/p/21315439_EA?source=nspt" class="chakra-linkbox__overlay css-1hnz6hu"><div class="css-0"><p class="chakra-text css-1ecdp9w" data-testid="product-brand">Gay Lea</p><h3 class="chakra-heading css-6qrhwc" id="21315439_EA" data-testid="product-title">Lactose Free Cottage Cheese</h3><p class="chakra-text css-1yftjin" data-testid="product-package-size">450 g, $1.18/100g</p></div></a><div class="css-8keand"></div></div><div class="css-1q5omjq"><div class="css-fcebb8"><div data-testid="atc-compact" class="css-y94ivq" style="width: 45px;"><button type="button" class="chakra-button css-mudsm6" data-testid="atc-button"><svg stroke="currentColor" fill="currentColor" stroke-width="0" viewBox="0 0 24 24" focusable="false" class="chakra-icon css-1g3sp7a" data-testid="btn-icon" aria-hidden="true" height="1em" width="1em" xmlns="http://www.w3.org/2000/svg"><path d="M19 13h-6v6h-2v-6H5v-2h6V5h2v6h6v2z"></path></svg><span class="css-idkz9h">Add Lactose Free Cottage Cheese to cart</span></button></div></div></div></div></div></div><div class="css-0"><div class="css-f5i5wc"><div class="chakra-linkbox css-vhnn8v"><div data-testid="product-image" class="css-16dr4ly"><img alt="Cracker Barrel Mozzarella Cheese Slices, 12 units 240 g, $2.70/100g" src="https://assets.shop.loblaws.ca/products/21290682/b3/en/front/21290682_front_a06_@2.png" srcset="https://assets.shop.loblaws.ca/products/21290682/b3/en/front/21290682_front_a06_@2.png 1x, https://assets.shop.loblaws.ca/products/21290682/b3/en/front/21290682_front_a06_@2.png 2x" loading="lazy" class="chakra-image css-oguq8l" aria-hidden="true"></div><div class="css-qoklea"><div class="css-12dchmx"></div><div data-testid="price-product-tile" class="css-8atqhb"><p class="chakra-text css-0"><span class="chakra-text css-pwnbcb" data-testid="regular-price"><span class="css-idkz9h">$6.49</span>$6.49</span></p></div><a href="/mozzarella-cheese-slices-12-units/p/21290682_EA?source=nspt" class="chakra-linkbox__overlay css-1hnz6hu"><div class="css-0"><p class="chakra-text css-1ecdp9w" data-testid="product-brand">Cracker Barrel</p><h3 class="chakra-heading css-6qrhwc" id="21290682_EA" data-testid="product-title">Mozzarella Cheese Slices, 12 units</h3><p class="chakra-text css-1yftjin" data-testid="product-package-size">240 g, $2.70/100g</p></div></a><div class="css-8keand"></div></div><div class="css-1q5omjq"><div class="css-fcebb8"><div data-testid="atc-compact" class="css-y94ivq" style="width: 45px;"><button type="button" class="chakra-button css-mudsm6" data-testid="atc-button"><svg stroke="currentColor" fill="currentColor" stroke-width="0" viewBox="0 0 24 24" focusable="false" class="chakra-icon css-1g3sp7a" data-testid="btn-icon" aria-hidden="true" height="1em" width="1em" xmlns="http://www.w3.org/2000/svg"><path d="M19 13h-6v6h-2v-6H5v-2h6V5h2v6h6v2z"></path></svg><span class="css-idkz9h">Add Mozzarella Cheese Slices, 12 units to cart</span></button></div></div></div></div></div></div><div class="css-0"><div class="css-f5i5wc"><div class="chakra-linkbox css-vhnn8v"><div data-testid="product-image" class="css-16dr4ly"><img alt="Violife Mozzarella Style Shreds 200 g, $3.00/100g" src="https://assets.shop.loblaws.ca/products/21591969/b3/en/front/21591969_front_a06_@2.png" srcset="https://assets.shop.loblaws.ca/products/21591969/b3/en/front/21591969_front_a06_@2.png 1x, https://assets.shop.loblaws.ca/products/21591969/b3/en/front/21591969_front_a06_@2.png 2x" loading="lazy" class="chakra-image css-oguq8l" aria-hidden="true"></div><div class="css-qoklea"><div class="css-12dchmx"></div><div data-testid="price-product-tile" class="css-8atqhb"><p class="chakra-text css-0"><span class="chakra-text css-pwnbcb" data-testid="regular-price"><span class="css-idkz9h">$5.99</span>$5.99</span></p></div><a href="/mozzarella-style-shreds/p/21591969_EA?source=nspt" class="chakra-linkbox__overlay css-1hnz6hu"><div class="css-0"><p class="chakra-text css-1ecdp9w" data-testid="product-brand">Violife</p><h3 class="chakra-heading css-6qrhwc" id="21591969_EA" data-testid="product-title">Mozzarella Style Shreds</h3><p class="chakra-text css-1yftjin" data-testid="product-package-size">200 g, $3.00/100g</p></div></a><div class="css-8keand"></div></div><div class="css-1q5omjq"><div class="css-fcebb8"><div data-testid="atc-compact" class="css-y94ivq" style="width: 45px;"><button type="button" class="chakra-button css-mudsm6" data-testid="atc-button"><svg stroke="currentColor" fill="currentColor" stroke-width="0" viewBox="0 0 24 24" focusable="false" class="chakra-icon css-1g3sp7a" data-testid="btn-icon" aria-hidden="true" height="1em" width="1em" xmlns="http://www.w3.org/2000/svg"><path d="M19 13h-6v6h-2v-6H5v-2h6V5h2v6h6v2z"></path></svg><span class="css-idkz9h">Add Mozzarella Style Shreds to cart</span></button></div></div></div></div></div></div><div class="css-0"><div class="css-f5i5wc"><div class="chakra-linkbox css-vhnn8v"><div data-testid="product-image" class="css-16dr4ly"><img alt="Brar's Malai Paneer 20% M.F. 375 g, $1.60/100g" src="https://assets.shop.loblaws.ca/products/20283164/b3/en/front/20283164_front_a06_@2.png" srcset="https://assets.shop.loblaws.ca/products/20283164/b3/en/front/20283164_front_a06_@2.png 1x, https://assets.shop.loblaws.ca/products/20283164/b3/en/front/20283164_front_a06_@2.png 2x" loading="lazy" class="chakra-image css-oguq8l" aria-hidden="true"></div><div class="css-qoklea"><div class="css-12dchmx"></div><div data-testid="price-product-tile" class="css-8atqhb"><p class="chakra-text css-0"><span class="chakra-text css-pwnbcb" data-testid="regular-price"><span class="css-idkz9h">$5.99</span>$5.99</span></p></div><a href="/malai-paneer-20-m-f/p/20283164_EA?source=nspt" class="chakra-linkbox__overlay css-1hnz6hu"><div class="css-0"><p class="chakra-text css-1ecdp9w" data-testid="product-brand">Brar's</p><h3 class="chakra-heading css-6qrhwc" id="20283164_EA" data-testid="product-title">Malai Paneer 20% M.F.</h3><p class="chakra-text css-1yftjin" data-testid="product-package-size">375 g, $1.60/100g</p></div></a><div class="css-8keand"></div></div><div class="css-1q5omjq"><div class="css-fcebb8"><div data-testid="atc-compact" class="css-y94ivq" style="width: 45px;"><button type="button" class="chakra-button css-mudsm6" data-testid="atc-button"><svg stroke="currentColor" fill="currentColor" stroke-width="0" viewBox="0 0 24 24" focusable="false" class="chakra-icon css-1g3sp7a" data-testid="btn-icon" aria-hidden="true" height="1em" width="1em" xmlns="http://www.w3.org/2000/svg"><path d="M19 13h-6v6h-2v-6H5v-2h6V5h2v6h6v2z"></path></svg><span class="css-idkz9h">Add Malai Paneer 20% M.F. to cart</span></button></div></div></div></div></div></div><div class="css-0"><div class="css-f5i5wc"><div class="chakra-linkbox css-vhnn8v"><div data-testid="product-image" class="css-16dr4ly"><img alt="Tre Stelle Tre Stelle Creamy Cheese Spread, Lactose Free 200 g, $2.40/100g" src="https://assets.shop.loblaws.ca/products/21002993/b3/en/front/21002993_front_a06_@2.png" srcset="https://assets.shop.loblaws.ca/products/21002993/b3/en/front/21002993_front_a06_@2.png 1x, https://assets.shop.loblaws.ca/products/21002993/b3/en/front/21002993_front_a06_@2.png 2x" loading="lazy" class="chakra-image css-oguq8l" aria-hidden="true"></div><div class="css-qoklea"><div class="css-12dchmx"></div><div data-testid="price-product-tile" class="css-8atqhb"><p class="chakra-text css-0"><span class="chakra-text css-pwnbcb" data-testid="regular-price"><span class="css-idkz9h">$4.79</span>$4.79</span></p></div><a href="/tre-stelle-creamy-cheese-spread-lactose-free/p/21002993_EA?source=nspt" class="chakra-linkbox__overlay css-1hnz6hu"><div class="css-0"><p class="chakra-text css-1ecdp9w" data-testid="product-brand">Tre Stelle</p><h3 class="chakra-heading css-6qrhwc" id="21002993_EA" data-testid="product-title">Tre Stelle Creamy Cheese Spread, Lactose Free</h3><p class="chakra-text css-1yftjin" data-testid="product-package-size">200 g, $2.40/100g</p></div></a><div class="css-8keand"></div></div><div class="css-1q5omjq"><div class="css-fcebb8"><div data-testid="atc-compact" class="css-y94ivq" style="width: 45px;"><button type="button" class="chakra-button css-mudsm6" data-testid="atc-button"><svg stroke="currentColor" fill="currentColor" stroke-width="0" viewBox="0 0 24 24" focusable="false" class="chakra-icon css-1g3sp7a" data-testid="btn-icon" aria-hidden="true" height="1em" width="1em" xmlns="http://www.w3.org/2000/svg"><path d="M19 13h-6v6h-2v-6H5v-2h6V5h2v6h6v2z"></path></svg><span class="css-idkz9h">Add Tre Stelle Creamy Cheese Spread, Lactose Free to cart</span></button></div></div></div></div></div></div><div class="css-0"><div class="css-f5i5wc"><div class="chakra-linkbox css-vhnn8v"><div data-testid="product-image" class="css-16dr4ly"><img alt="No Name Cream Cheese Spread, Original 450 g, $1.29/100g" src="https://assets.shop.loblaws.ca/products/21397475/b3/en/front/21397475_front_a06_@2.png" srcset="https://assets.shop.loblaws.ca/products/21397475/b3/en/front/21397475_front_a06_@2.png 1x, https://assets.shop.loblaws.ca/products/21397475/b3/en/front/21397475_front_a06_@2.png 2x" loading="lazy" class="chakra-image css-oguq8l" aria-hidden="true"></div><div class="css-qoklea"><div class="css-12dchmx"></div><div data-testid="price-product-tile" class="css-8atqhb"><p class="chakra-text css-0"><span class="chakra-text css-pwnbcb" data-testid="regular-price"><span class="css-idkz9h">$5.79</span>$5.79</span></p></div><a href="/cream-cheese-spread-original/p/21397475_EA?source=nspt" class="chakra-linkbox__overlay css-1hnz6hu"><div class="css-0"><p class="chakra-text css-1ecdp9w" data-testid="product-brand">No Name</p><h3 class="chakra-heading css-6qrhwc" id="21397475_EA" data-testid="product-title">Cream Cheese Spread, Original</h3><p class="chakra-text css-1yftjin" data-testid="product-package-size">450 g, $1.29/100g</p></div></a><div class="css-8keand"></div></div><div class="css-1q5omjq"><div class="css-fcebb8"><div data-testid="atc-compact" class="css-y94ivq" style="width: 45px;"><button type="button" class="chakra-button css-mudsm6" data-testid="atc-button"><svg stroke="currentColor" fill="currentColor" stroke-width="0" viewBox="0 0 24 24" focusable="false" class="chakra-icon css-1g3sp7a" data-testid="btn-icon" aria-hidden="true" height="1em" width="1em" xmlns="http://www.w3.org/2000/svg"><path d="M19 13h-6v6h-2v-6H5v-2h6V5h2v6h6v2z"></path></svg><span class="css-idkz9h">Add Cream Cheese Spread, Original to cart</span></button></div></div></div></div></div></div><div class="css-0"><div class="css-f5i5wc"><div class="chakra-linkbox css-vhnn8v"><div data-testid="product-image" class="css-16dr4ly"><img alt="No Name 1% M.F. Light Cottage Cheese 500 g, $0.80/100g" src="https://assets.shop.loblaws.ca/products/20183991001/b3/en/front/20183991001_front_a06_@2.png" srcset="https://assets.shop.loblaws.ca/products/20183991001/b3/en/front/20183991001_front_a06_@2.png 1x, https://assets.shop.loblaws.ca/products/20183991001/b3/en/front/20183991001_front_a06_@2.png 2x" loading="lazy" class="chakra-image css-oguq8l" aria-hidden="true"></div><div class="css-qoklea"><div class="css-12dchmx"></div><div data-testid="price-product-tile" class="css-8atqhb"><p class="chakra-text css-0"><span class="chakra-text css-pwnbcb" data-testid="regular-price"><span class="css-idkz9h">$3.99</span>$3.99</span></p></div><a href="/1-m-f-light-cottage-cheese/p/20183991001_EA?source=nspt" class="chakra-linkbox__overlay css-1hnz6hu"><div class="css-0"><p class="chakra-text css-1ecdp9w" data-testid="product-brand">No Name</p><h3 class="chakra-heading css-6qrhwc" id="20183991001_EA" data-testid="product-title">1% M.F. Light Cottage Cheese</h3><p class="chakra-text css-1yftjin" data-testid="product-package-size">500 g, $0.80/100g</p></div></a><div class="css-8keand"></div></div><div class="css-1q5omjq"><div class="css-fcebb8"><div data-testid="atc-compact" class="css-y94ivq" style="width: 45px;"><button type="button" class="chakra-button css-mudsm6" data-testid="atc-button"><svg stroke="currentColor" fill="currentColor" stroke-width="0" viewBox="0 0 24 24" focusable="false" class="chakra-icon css-1g3sp7a" data-testid="btn-icon" aria-hidden="true" height="1em" width="1em" xmlns="http://www.w3.org/2000/svg"><path d="M19 13h-6v6h-2v-6H5v-2h6V5h2v6h6v2z"></path></svg><span class="css-idkz9h">Add 1% M.F. Light Cottage Cheese to cart</span></button></div></div></div></div></div></div><div class="css-0"><div class="css-f5i5wc"><div class="chakra-linkbox css-vhnn8v"><div data-testid="product-image" class="css-16dr4ly"><img alt="Black Diamond Cheestrings Marble Cheese, 28 units 588 g, $2.12/100g" src="https://assets.shop.loblaws.ca/products/20765883/b3/en/front/20765883_front_a06_@2.png" srcset="https://assets.shop.loblaws.ca/products/20765883/b3/en/front/20765883_front_a06_@2.png 1x, https://assets.shop.loblaws.ca/products/20765883/b3/en/front/20765883_front_a06_@2.png 2x" loading="lazy" class="chakra-image css-oguq8l" aria-hidden="true"></div><div class="css-qoklea"><div class="css-12dchmx"></div><div data-testid="price-product-tile" class="css-8atqhb"><p class="chakra-text css-0"><span class="chakra-text css-pwnbcb" data-testid="regular-price"><span class="css-idkz9h">$12.49</span>$12.49</span></p></div><a href="/cheestrings-marble-cheese-28-units/p/20765883_EA?source=nspt" class="chakra-linkbox__overlay css-1hnz6hu"><div class="css-0"><p class="chakra-text css-1ecdp9w" data-testid="product-brand">Black Diamond</p><h3 class="chakra-heading css-6qrhwc" id="20765883_EA" data-testid="product-title">Cheestrings Marble Cheese, 28 units</h3><p class="chakra-text css-1yftjin" data-testid="product-package-size">588 g, $2.12/100g</p></div></a><div class="css-8keand"></div></div><div class="css-1q5omjq"><div class="css-fcebb8"><div data-testid="atc-compact" class="css-y94ivq" style="width: 45px;"><button type="button" class="chakra-button css-mudsm6" data-testid="atc-button"><svg stroke="currentColor" fill="currentColor" stroke-width="0" viewBox="0 0 24 24" focusable="false" class="chakra-icon css-1g3sp7a" data-testid="btn-icon" aria-hidden="true" height="1em" width="1em" xmlns="http://www.w3.org/2000/svg"><path d="M19 13h-6v6h-2v-6H5v-2h6V5h2v6h6v2z"></path></svg><span class="css-idkz9h">Add Cheestrings Marble Cheese, 28 units to cart</span></button></div></div></div></div></div></div><div class="css-0"><div class="css-f5i5wc"><div class="chakra-linkbox css-vhnn8v"><div data-testid="product-image" class="css-16dr4ly"><img alt="Gay Lea Nordica Cottage Cheese, 2% 750 g, $1.04/100g" src="https://assets.shop.loblaws.ca/products/20021992002/b3/en/front/20021992002_front_a06_@2.png" srcset="https://assets.shop.loblaws.ca/products/20021992002/b3/en/front/20021992002_front_a06_@2.png 1x, https://assets.shop.loblaws.ca/products/20021992002/b3/en/front/20021992002_front_a06_@2.png 2x" loading="lazy" class="chakra-image css-oguq8l" aria-hidden="true"></div><div class="css-qoklea"><div class="css-12dchmx"></div><div data-testid="price-product-tile" class="css-8atqhb"><p class="chakra-text css-0"><span class="chakra-text css-pwnbcb" data-testid="regular-price"><span class="css-idkz9h">$7.79</span>$7.79</span></p></div><a href="/nordica-cottage-cheese-2/p/20021992002_EA?source=nspt" class="chakra-linkbox__overlay css-1hnz6hu"><div class="css-0"><p class="chakra-text css-1ecdp9w" data-testid="product-brand">Gay Lea</p><h3 class="chakra-heading css-6qrhwc" id="20021992002_EA" data-testid="product-title">Nordica Cottage Cheese, 2%</h3><p class="chakra-text css-1yftjin" data-testid="product-package-size">750 g, $1.04/100g</p></div></a><div class="css-8keand"></div></div><div class="css-1q5omjq"><div class="css-fcebb8"><div data-testid="atc-compact" class="css-y94ivq" style="width: 45px;"><button type="button" class="chakra-button css-mudsm6" data-testid="atc-button"><svg stroke="currentColor" fill="currentColor" stroke-width="0" viewBox="0 0 24 24" focusable="false" class="chakra-icon css-1g3sp7a" data-testid="btn-icon" aria-hidden="true" height="1em" width="1em" xmlns="http://www.w3.org/2000/svg"><path d="M19 13h-6v6h-2v-6H5v-2h6V5h2v6h6v2z"></path></svg><span class="css-idkz9h">Add Nordica Cottage Cheese, 2% to cart</span></button></div></div></div></div></div></div><div class="css-0"><div class="css-f5i5wc"><div class="chakra-linkbox css-vhnn8v"><div data-testid="product-image" class="css-16dr4ly"><img alt="Armstrong Shreded Old Cheddar 320 g, $2.18/100g" src="https://assets.shop.loblaws.ca/products/21286212/b3/en/front/21286212_front_a06_@2.png" srcset="https://assets.shop.loblaws.ca/products/21286212/b3/en/front/21286212_front_a06_@2.png 1x, https://assets.shop.loblaws.ca/products/21286212/b3/en/front/21286212_front_a06_@2.png 2x" loading="lazy" class="chakra-image css-oguq8l" aria-hidden="true"></div><div class="css-qoklea"><div class="css-12dchmx"></div><div data-testid="price-product-tile" class="css-8atqhb"><p class="chakra-text css-0"><span class="chakra-text css-pwnbcb" data-testid="regular-price"><span class="css-idkz9h">$6.99</span>$6.99</span></p></div><a href="/shreded-old-cheddar/p/21286212_EA?source=nspt" class="chakra-linkbox__overlay css-1hnz6hu"><div class="css-0"><p class="chakra-text css-1ecdp9w" data-testid="product-brand">Armstrong</p><h3 class="chakra-heading css-6qrhwc" id="21286212_EA" data-testid="product-title">Shreded Old Cheddar</h3><p class="chakra-text css-1yftjin" data-testid="product-package-size">320 g, $2.18/100g</p></div></a><div class="css-8keand"></div></div><div class="css-1q5omjq"><div class="css-fcebb8"><div data-testid="atc-compact" class="css-y94ivq" style="width: 45px;"><button type="button" class="chakra-button css-mudsm6" data-testid="atc-button"><svg stroke="currentColor" fill="currentColor" stroke-width="0" viewBox="0 0 24 24" focusable="false" class="chakra-icon css-1g3sp7a" data-testid="btn-icon" aria-hidden="true" height="1em" width="1em" xmlns="http://www.w3.org/2000/svg"><path d="M19 13h-6v6h-2v-6H5v-2h6V5h2v6h6v2z"></path></svg><span class="css-idkz9h">Add Shreded Old Cheddar to cart</span></button></div></div></div></div></div></div><div class="css-0"><div class="css-f5i5wc"><div class="chakra-linkbox css-vhnn8v"><div data-testid="product-image" class="css-16dr4ly"><img alt="Philadelphia Light Original Cream Cheese Product 227 g, $2.02/100g" src="https://assets.shop.loblaws.ca/products/20866924005/b3/en/front/20866924005_front_a06_@2.png" srcset="https://assets.shop.loblaws.ca/products/20866924005/b3/en/front/20866924005_front_a06_@2.png 1x, https://assets.shop.loblaws.ca/products/20866924005/b3/en/front/20866924005_front_a06_@2.png 2x" loading="lazy" class="chakra-image css-oguq8l" aria-hidden="true"></div><div class="css-qoklea"><div class="css-12dchmx"></div><div data-testid="price-product-tile" class="css-8atqhb"><p class="chakra-text css-0"><span class="chakra-text css-pwnbcb" data-testid="regular-price"><span class="css-idkz9h">$4.59</span>$4.59</span></p></div><a href="/light-original-cream-cheese-product/p/20866924005_EA?source=nspt" class="chakra-linkbox__overlay css-1hnz6hu"><div class="css-0"><p class="chakra-text css-1ecdp9w" data-testid="product-brand">Philadelphia</p><h3 class="chakra-heading css-6qrhwc" id="20866924005_EA" data-testid="product-title">Light Original Cream Cheese Product</h3><p class="chakra-text css-1yftjin" data-testid="product-package-size">227 g, $2.02/100g</p></div></a><div class="css-8keand"></div></div><div class="css-1q5omjq"><div class="css-fcebb8"><div data-testid="atc-compact" class="css-y94ivq" style="width: 45px;"><button type="button" class="chakra-button css-mudsm6" data-testid="atc-button"><svg stroke="currentColor" fill="currentColor" stroke-width="0" viewBox="0 0 24 24" focusable="false" class="chakra-icon css-1g3sp7a" data-testid="btn-icon" aria-hidden="true" height="1em" width="1em" xmlns="http://www.w3.org/2000/svg"><path d="M19 13h-6v6h-2v-6H5v-2h6V5h2v6h6v2z"></path></svg><span class="css-idkz9h">Add Light Original Cream Cheese Product to cart</span></button></div></div></div></div></div></div><div class="css-0"><div class="css-f5i5wc"><div class="chakra-linkbox css-vhnn8v"><div data-testid="product-image" class="css-16dr4ly"><img alt="Tre Stelle Grated Cheese, 100% Parmesan 200 g, $3.65/100g" src="https://assets.shop.loblaws.ca/products/20126049/b3/en/front/20126049_front_a06_@2.png" srcset="https://assets.shop.loblaws.ca/products/20126049/b3/en/front/20126049_front_a06_@2.png 1x, https://assets.shop.loblaws.ca/products/20126049/b3/en/front/20126049_front_a06_@2.png 2x" loading="lazy" class="chakra-image css-oguq8l" aria-hidden="true"></div><div class="css-qoklea"><div class="css-12dchmx"></div><div data-testid="price-product-tile" class="css-8atqhb"><p class="chakra-text css-0"><span class="chakra-text css-pwnbcb" data-testid="regular-price"><span class="css-idkz9h">$7.29</span>$7.29</span></p></div><a href="/grated-cheese-100-parmesan/p/20126049_EA?source=nspt" class="chakra-linkbox__overlay css-1hnz6hu"><div class="css-0"><p class="chakra-text css-1ecdp9w" data-testid="product-brand">Tre Stelle</p><h3 class="chakra-heading css-6qrhwc" id="20126049_EA" data-testid="product-title">Grated Cheese, 100% Parmesan</h3><p class="chakra-text css-1yftjin" data-testid="product-package-size">200 g, $3.65/100g</p></div></a><div class="css-8keand"></div></div><div class="css-1q5omjq"><div class="css-fcebb8"><div data-testid="atc-compact" class="css-y94ivq" style="width: 45px;"><button type="button" class="chakra-button css-mudsm6" data-testid="atc-button"><svg stroke="currentColor" fill="currentColor" stroke-width="0" viewBox="0 0 24 24" focusable="false" class="chakra-icon css-1g3sp7a" data-testid="btn-icon" aria-hidden="true" height="1em" width="1em" xmlns="http://www.w3.org/2000/svg"><path d="M19 13h-6v6h-2v-6H5v-2h6V5h2v6h6v2z"></path></svg><span class="css-idkz9h">Add Grated Cheese, 100% Parmesan to cart</span></button></div></div></div></div></div></div><div class="css-0"><div class="css-f5i5wc"><div class="chakra-linkbox css-vhnn8v"><div data-testid="product-image" class="css-16dr4ly"><img alt="President's Choice Monterey Jack Sliced Cheese 210 g, $2.61/100g" src="https://assets.shop.loblaws.ca/products/21406181/b3/en/front/21406181_front_a06_@2.png" srcset="https://assets.shop.loblaws.ca/products/21406181/b3/en/front/21406181_front_a06_@2.png 1x, https://assets.shop.loblaws.ca/products/21406181/b3/en/front/21406181_front_a06_@2.png 2x" loading="lazy" class="chakra-image css-oguq8l" aria-hidden="true"></div><div class="css-qoklea"><div class="css-12dchmx"></div><div data-testid="price-product-tile" class="css-8atqhb"><p class="chakra-text css-0"><span class="chakra-text css-pwnbcb" data-testid="regular-price"><span class="css-idkz9h">$5.49</span>$5.49</span></p></div><a href="/monterey-jack-sliced-cheese/p/21406181_EA?source=nspt" class="chakra-linkbox__overlay css-1hnz6hu"><div class="css-0"><p class="chakra-text css-1ecdp9w" data-testid="product-brand">President's Choice</p><h3 class="chakra-heading css-6qrhwc" id="21406181_EA" data-testid="product-title">Monterey Jack Sliced Cheese</h3><p class="chakra-text css-1yftjin" data-testid="product-package-size">210 g, $2.61/100g</p></div></a><div class="css-8keand"></div></div><div class="css-1q5omjq"><div class="css-fcebb8"><div data-testid="atc-compact" class="css-y94ivq" style="width: 45px;"><button type="button" class="chakra-button css-mudsm6" data-testid="atc-button"><svg stroke="currentColor" fill="currentColor" stroke-width="0" viewBox="0 0 24 24" focusable="false" class="chakra-icon css-1g3sp7a" data-testid="btn-icon" aria-hidden="true" height="1em" width="1em" xmlns="http://www.w3.org/2000/svg"><path d="M19 13h-6v6h-2v-6H5v-2h6V5h2v6h6v2z"></path></svg><span class="css-idkz9h">Add Monterey Jack Sliced Cheese to cart</span></button></div></div></div></div></div></div><div class="css-0"><div class="css-f5i5wc"><div class="chakra-linkbox css-vhnn8v"><div data-testid="product-image" class="css-16dr4ly"><img alt="No Name Light Medium Cheddar Cheese 400 g, $1.38/100g" src="https://assets.shop.loblaws.ca/products/21289738/b3/en/front/21289738_front_a06_@2.png" srcset="https://assets.shop.loblaws.ca/products/21289738/b3/en/front/21289738_front_a06_@2.png 1x, https://assets.shop.loblaws.ca/products/21289738/b3/en/front/21289738_front_a06_@2.png 2x" loading="lazy" class="chakra-image css-oguq8l" aria-hidden="true"></div><div class="css-qoklea"><div class="css-12dchmx"></div><div data-testid="price-product-tile" class="css-8atqhb"><p class="chakra-text css-0"><span class="chakra-text css-pwnbcb" data-testid="regular-price"><span class="css-idkz9h">$5.50</span>$5.50</span></p></div><a href="/light-medium-cheddar-cheese/p/21289738_EA?source=nspt" class="chakra-linkbox__overlay css-1hnz6hu"><div class="css-0"><p class="chakra-text css-1ecdp9w" data-testid="product-brand">No Name</p><h3 class="chakra-heading css-6qrhwc" id="21289738_EA" data-testid="product-title">Light Medium Cheddar Cheese</h3><p class="chakra-text css-1yftjin" data-testid="product-package-size">400 g, $1.38/100g</p></div></a><div class="css-8keand"></div></div><div class="css-1q5omjq"><div class="css-fcebb8"><div data-testid="atc-compact" class="css-y94ivq" style="width: 45px;"><button type="button" class="chakra-button css-mudsm6" data-testid="atc-button"><svg stroke="currentColor" fill="currentColor" stroke-width="0" viewBox="0 0 24 24" focusable="false" class="chakra-icon css-1g3sp7a" data-testid="btn-icon" aria-hidden="true" height="1em" width="1em" xmlns="http://www.w3.org/2000/svg"><path d="M19 13h-6v6h-2v-6H5v-2h6V5h2v6h6v2z"></path></svg><span class="css-idkz9h">Add Light Medium Cheddar Cheese to cart</span></button></div></div></div></div></div></div><div class="css-0"><div class="css-f5i5wc"><div class="chakra-linkbox css-vhnn8v"><div data-testid="product-image" class="css-16dr4ly"><img alt="President's Choice Havarti Sliced Cheese 210 g, $2.61/100g" src="https://assets.shop.loblaws.ca/products/21405953/b3/en/front/21405953_front_a06_@2.png" srcset="https://assets.shop.loblaws.ca/products/21405953/b3/en/front/21405953_front_a06_@2.png 1x, https://assets.shop.loblaws.ca/products/21405953/b3/en/front/21405953_front_a06_@2.png 2x" loading="lazy" class="chakra-image css-oguq8l" aria-hidden="true"></div><div class="css-qoklea"><div class="css-12dchmx"></div><div data-testid="price-product-tile" class="css-8atqhb"><p class="chakra-text css-0"><span class="chakra-text css-pwnbcb" data-testid="regular-price"><span class="css-idkz9h">$5.49</span>$5.49</span></p></div><a href="/havarti-sliced-cheese/p/21405953_EA?source=nspt" class="chakra-linkbox__overlay css-1hnz6hu"><div class="css-0"><p class="chakra-text css-1ecdp9w" data-testid="product-brand">President's Choice</p><h3 class="chakra-heading css-6qrhwc" id="21405953_EA" data-testid="product-title">Havarti Sliced Cheese</h3><p class="chakra-text css-1yftjin" data-testid="product-package-size">210 g, $2.61/100g</p></div></a><div class="css-8keand"></div></div><div class="css-1q5omjq"><div class="css-fcebb8"><div data-testid="atc-compact" class="css-y94ivq" style="width: 45px;"><button type="button" class="chakra-button css-mudsm6" data-testid="atc-button"><svg stroke="currentColor" fill="currentColor" stroke-width="0" viewBox="0 0 24 24" focusable="false" class="chakra-icon css-1g3sp7a" data-testid="btn-icon" aria-hidden="true" height="1em" width="1em" xmlns="http://www.w3.org/2000/svg"><path d="M19 13h-6v6h-2v-6H5v-2h6V5h2v6h6v2z"></path></svg><span class="css-idkz9h">Add Havarti Sliced Cheese to cart</span></button></div></div></div></div></div></div><div class="css-0"><div class="css-f5i5wc"><div class="chakra-linkbox css-vhnn8v"><div data-testid="product-image" class="css-16dr4ly"><img alt="Armstrong Bar Pizza Mozzerella 28% 400 g, $1.95/100g" src="https://assets.shop.loblaws.ca/products/21347040/b3/en/front/21347040_front_a06_@2.png" srcset="https://assets.shop.loblaws.ca/products/21347040/b3/en/front/21347040_front_a06_@2.png 1x, https://assets.shop.loblaws.ca/products/21347040/b3/en/front/21347040_front_a06_@2.png 2x" loading="lazy" class="chakra-image css-oguq8l" aria-hidden="true"></div><div class="css-qoklea"><div class="css-12dchmx"></div><div data-testid="price-product-tile" class="css-8atqhb"><p class="chakra-text css-0"><span class="chakra-text css-pwnbcb" data-testid="regular-price"><span class="css-idkz9h">$7.79</span>$7.79</span></p></div><a href="/bar-pizza-mozzerella-28/p/21347040_EA?source=nspt" class="chakra-linkbox__overlay css-1hnz6hu"><div class="css-0"><p class="chakra-text css-1ecdp9w" data-testid="product-brand">Armstrong</p><h3 class="chakra-heading css-6qrhwc" id="21347040_EA" data-testid="product-title">Bar Pizza Mozzerella 28%</h3><p class="chakra-text css-1yftjin" data-testid="product-package-size">400 g, $1.95/100g</p></div></a><div class="css-8keand"></div></div><div class="css-1q5omjq"><div class="css-fcebb8"><div data-testid="atc-compact" class="css-y94ivq" style="width: 45px;"><button type="button" class="chakra-button css-mudsm6" data-testid="atc-button"><svg stroke="currentColor" fill="currentColor" stroke-width="0" viewBox="0 0 24 24" focusable="false" class="chakra-icon css-1g3sp7a" data-testid="btn-icon" aria-hidden="true" height="1em" width="1em" xmlns="http://www.w3.org/2000/svg"><path d="M19 13h-6v6h-2v-6H5v-2h6V5h2v6h6v2z"></path></svg><span class="css-idkz9h">Add Bar Pizza Mozzerella 28% to cart</span></button></div></div></div></div></div></div><div class="css-0"><div class="css-f5i5wc"><div class="chakra-linkbox css-vhnn8v"><div data-testid="product-image" class="css-16dr4ly"><img alt="President's Choice Gouda Cheese 400 g, $1.45/100g" src="https://assets.shop.loblaws.ca/products/21289708/b3/en/front/21289708_front_a06_@2.png" srcset="https://assets.shop.loblaws.ca/products/21289708/b3/en/front/21289708_front_a06_@2.png 1x, https://assets.shop.loblaws.ca/products/21289708/b3/en/front/21289708_front_a06_@2.png 2x" loading="lazy" class="chakra-image css-oguq8l" aria-hidden="true"></div><div class="css-qoklea"><div class="css-12dchmx"></div><div data-testid="price-product-tile" class="css-8atqhb"><p class="chakra-text css-0"><span class="chakra-text css-o93gbd" data-testid="sale-price"><span class="css-idkz9h">$5.79</span>$5.79</span><span class="chakra-text css-623q5h" data-testid="was-price"><span class="css-idkz9h">$6.49</span>$6.49</span></p><p class="chakra-text css-1m5a6y8" data-testid="price-descriptor">SAVE $0.70</p></div><a href="/gouda-cheese/p/21289708_EA?source=nspt" class="chakra-linkbox__overlay css-1hnz6hu"><div class="css-0"><p class="chakra-text css-1ecdp9w" data-testid="product-brand">President's Choice</p><h3 class="chakra-heading css-6qrhwc" id="21289708_EA" data-testid="product-title">Gouda Cheese</h3><p class="chakra-text css-1yftjin" data-testid="product-package-size">400 g, $1.45/100g</p></div></a><div class="css-8keand"></div></div><div class="css-1q5omjq"><div class="css-fcebb8"><div data-testid="atc-compact" class="css-y94ivq" style="width: 45px;"><button type="button" class="chakra-button css-mudsm6" data-testid="atc-button"><svg stroke="currentColor" fill="currentColor" stroke-width="0" viewBox="0 0 24 24" focusable="false" class="chakra-icon css-1g3sp7a" data-testid="btn-icon" aria-hidden="true" height="1em" width="1em" xmlns="http://www.w3.org/2000/svg"><path d="M19 13h-6v6h-2v-6H5v-2h6V5h2v6h6v2z"></path></svg><span class="css-idkz9h">Add Gouda Cheese to cart</span></button></div></div></div></div></div></div><div class="css-0"><div class="css-f5i5wc"><div class="chakra-linkbox css-vhnn8v"><div data-testid="product-image" class="css-16dr4ly"><img alt="President's Choice Havarti Cheese 400 g, $1.45/100g" src="https://assets.shop.loblaws.ca/products/21289722/b3/en/front/21289722_front_a06_@2.png" srcset="https://assets.shop.loblaws.ca/products/21289722/b3/en/front/21289722_front_a06_@2.png 1x, https://assets.shop.loblaws.ca/products/21289722/b3/en/front/21289722_front_a06_@2.png 2x" loading="lazy" class="chakra-image css-oguq8l" aria-hidden="true"></div><div class="css-qoklea"><div class="css-12dchmx"></div><div data-testid="price-product-tile" class="css-8atqhb"><p class="chakra-text css-0"><span class="chakra-text css-o93gbd" data-testid="sale-price"><span class="css-idkz9h">$5.79</span>$5.79</span><span class="chakra-text css-623q5h" data-testid="was-price"><span class="css-idkz9h">$6.49</span>$6.49</span></p><p class="chakra-text css-1m5a6y8" data-testid="price-descriptor">SAVE $0.70</p></div><a href="/havarti-cheese/p/21289722_EA?source=nspt" class="chakra-linkbox__overlay css-1hnz6hu"><div class="css-0"><p class="chakra-text css-1ecdp9w" data-testid="product-brand">President's Choice</p><h3 class="chakra-heading css-6qrhwc" id="21289722_EA" data-testid="product-title">Havarti Cheese</h3><p class="chakra-text css-1yftjin" data-testid="product-package-size">400 g, $1.45/100g</p></div></a><div class="css-8keand"></div></div><div class="css-1q5omjq"><div class="css-fcebb8"><div data-testid="atc-compact" class="css-y94ivq" style="width: 45px;"><button type="button" class="chakra-button css-mudsm6" data-testid="atc-button"><svg stroke="currentColor" fill="currentColor" stroke-width="0" viewBox="0 0 24 24" focusable="false" class="chakra-icon css-1g3sp7a" data-testid="btn-icon" aria-hidden="true" height="1em" width="1em" xmlns="http://www.w3.org/2000/svg"><path d="M19 13h-6v6h-2v-6H5v-2h6V5h2v6h6v2z"></path></svg><span class="css-idkz9h">Add Havarti Cheese to cart</span></button></div></div></div></div></div></div><div class="css-0"><div class="css-f5i5wc"><div class="chakra-linkbox css-vhnn8v"><div data-testid="product-image" class="css-16dr4ly"><img alt="Black Diamond Cheestrings Mozzarella Cheese, 16 units 336 g, $2.38/100g" src="https://assets.shop.loblaws.ca/products/20763300/b3/en/front/20763300_front_a06_@2.png" srcset="https://assets.shop.loblaws.ca/products/20763300/b3/en/front/20763300_front_a06_@2.png 1x, https://assets.shop.loblaws.ca/products/20763300/b3/en/front/20763300_front_a06_@2.png 2x" loading="lazy" class="chakra-image css-oguq8l" aria-hidden="true"></div><div class="css-qoklea"><div class="css-12dchmx"></div><div data-testid="price-product-tile" class="css-8atqhb"><p class="chakra-text css-0"><span class="chakra-text css-pwnbcb" data-testid="regular-price"><span class="css-idkz9h">$7.99</span>$7.99</span></p></div><a href="/cheestrings-mozzarella-cheese-16-units/p/20763300_EA?source=nspt" class="chakra-linkbox__overlay css-1hnz6hu"><div class="css-0"><p class="chakra-text css-1ecdp9w" data-testid="product-brand">Black Diamond</p><h3 class="chakra-heading css-6qrhwc" id="20763300_EA" data-testid="product-title">Cheestrings Mozzarella Cheese, 16 units</h3><p class="chakra-text css-1yftjin" data-testid="product-package-size">336 g, $2.38/100g</p></div></a><div class="css-8keand"></div></div><div class="css-1q5omjq"><div class="css-fcebb8"><div data-testid="atc-compact" class="css-y94ivq" style="width: 45px;"><button type="button" class="chakra-button css-mudsm6" data-testid="atc-button"><svg stroke="currentColor" fill="currentColor" stroke-width="0" viewBox="0 0 24 24" focusable="false" class="chakra-icon css-1g3sp7a" data-testid="btn-icon" aria-hidden="true" height="1em" width="1em" xmlns="http://www.w3.org/2000/svg"><path d="M19 13h-6v6h-2v-6H5v-2h6V5h2v6h6v2z"></path></svg><span class="css-idkz9h">Add Cheestrings Mozzarella Cheese, 16 units to cart</span></button></div></div></div></div></div></div><div class="css-0"><div class="css-f5i5wc"><div class="chakra-linkbox css-vhnn8v"><div data-testid="product-image" class="css-16dr4ly"><img alt="Black Diamond Cheestrings Cheddar Cheese, 16 units 336 g, $2.38/100g" src="https://assets.shop.loblaws.ca/products/20763298/b3/en/front/20763298_front_a06_@2.png" srcset="https://assets.shop.loblaws.ca/products/20763298/b3/en/front/20763298_front_a06_@2.png 1x, https://assets.shop.loblaws.ca/products/20763298/b3/en/front/20763298_front_a06_@2.png 2x" loading="lazy" class="chakra-image css-oguq8l" aria-hidden="true"></div><div class="css-qoklea"><div class="css-12dchmx"></div><div data-testid="price-product-tile" class="css-8atqhb"><p class="chakra-text css-0"><span class="chakra-text css-pwnbcb" data-testid="regular-price"><span class="css-idkz9h">$7.99</span>$7.99</span></p></div><a href="/cheestrings-cheddar-cheese-16-units/p/20763298_EA?source=nspt" class="chakra-linkbox__overlay css-1hnz6hu"><div class="css-0"><p class="chakra-text css-1ecdp9w" data-testid="product-brand">Black Diamond</p><h3 class="chakra-heading css-6qrhwc" id="20763298_EA" data-testid="product-title">Cheestrings Cheddar Cheese, 16 units</h3><p class="chakra-text css-1yftjin" data-testid="product-package-size">336 g, $2.38/100g</p></div></a><div class="css-8keand"></div></div><div class="css-1q5omjq"><div class="css-fcebb8"><div data-testid="atc-compact" class="css-y94ivq" style="width: 45px;"><button type="button" class="chakra-button css-mudsm6" data-testid="atc-button"><svg stroke="currentColor" fill="currentColor" stroke-width="0" viewBox="0 0 24 24" focusable="false" class="chakra-icon css-1g3sp7a" data-testid="btn-icon" aria-hidden="true" height="1em" width="1em" xmlns="http://www.w3.org/2000/svg"><path d="M19 13h-6v6h-2v-6H5v-2h6V5h2v6h6v2z"></path></svg><span class="css-idkz9h">Add Cheestrings Cheddar Cheese, 16 units to cart</span></button></div></div></div></div></div></div><div class="css-0"><div class="css-f5i5wc"><div class="chakra-linkbox css-vhnn8v"><div data-testid="product-image" class="css-16dr4ly"><img alt="Cracker Barrel Herb &amp; Garlic Cheddar Cheese Slices, 11 units 200 g, $3.25/100g" src="https://assets.shop.loblaws.ca/products/21290680/b3/en/front/21290680_front_a06_@2.png" srcset="https://assets.shop.loblaws.ca/products/21290680/b3/en/front/21290680_front_a06_@2.png 1x, https://assets.shop.loblaws.ca/products/21290680/b3/en/front/21290680_front_a06_@2.png 2x" loading="lazy" class="chakra-image css-oguq8l" aria-hidden="true"></div><div class="css-qoklea"><div class="css-12dchmx"></div><div data-testid="price-product-tile" class="css-8atqhb"><p class="chakra-text css-0"><span class="chakra-text css-pwnbcb" data-testid="regular-price"><span class="css-idkz9h">$6.49</span>$6.49</span></p></div><a href="/herb-garlic-cheddar-cheese-slices-11-units/p/21290680_EA?source=nspt" class="chakra-linkbox__overlay css-1hnz6hu"><div class="css-0"><p class="chakra-text css-1ecdp9w" data-testid="product-brand">Cracker Barrel</p><h3 class="chakra-heading css-6qrhwc" id="21290680_EA" data-testid="product-title">Herb &amp; Garlic Cheddar Cheese Slices, 11 units</h3><p class="chakra-text css-1yftjin" data-testid="product-package-size">200 g, $3.25/100g</p></div></a><div class="css-8keand"></div></div><div class="css-1q5omjq"><div class="css-fcebb8"><div data-testid="atc-compact" class="css-y94ivq" style="width: 45px;"><button type="button" class="chakra-button css-mudsm6" data-testid="atc-button"><svg stroke="currentColor" fill="currentColor" stroke-width="0" viewBox="0 0 24 24" focusable="false" class="chakra-icon css-1g3sp7a" data-testid="btn-icon" aria-hidden="true" height="1em" width="1em" xmlns="http://www.w3.org/2000/svg"><path d="M19 13h-6v6h-2v-6H5v-2h6V5h2v6h6v2z"></path></svg><span class="css-idkz9h">Add Herb &amp; Garlic Cheddar Cheese Slices, 11 units to cart</span></button></div></div></div></div></div></div><div class="css-0"><div class="css-f5i5wc"><div class="chakra-linkbox css-vhnn8v"><div data-testid="product-image" class="css-16dr4ly"><img alt="President's Choice Gouda Sliced Cheese 210 g, $2.61/100g" src="https://assets.shop.loblaws.ca/products/21406184/b3/en/front/21406184_front_a06_@2.png" srcset="https://assets.shop.loblaws.ca/products/21406184/b3/en/front/21406184_front_a06_@2.png 1x, https://assets.shop.loblaws.ca/products/21406184/b3/en/front/21406184_front_a06_@2.png 2x" loading="lazy" class="chakra-image css-oguq8l" aria-hidden="true"></div><div class="css-qoklea"><div class="css-12dchmx"></div><div data-testid="price-product-tile" class="css-8atqhb"><p class="chakra-text css-0"><span class="chakra-text css-pwnbcb" data-testid="regular-price"><span class="css-idkz9h">$5.49</span>$5.49</span></p></div><a href="/gouda-sliced-cheese/p/21406184_EA?source=nspt" class="chakra-linkbox__overlay css-1hnz6hu"><div class="css-0"><p class="chakra-text css-1ecdp9w" data-testid="product-brand">President's Choice</p><h3 class="chakra-heading css-6qrhwc" id="21406184_EA" data-testid="product-title">Gouda Sliced Cheese</h3><p class="chakra-text css-1yftjin" data-testid="product-package-size">210 g, $2.61/100g</p></div></a><div class="css-8keand"></div></div><div class="css-1q5omjq"><div class="css-fcebb8"><div data-testid="atc-compact" class="css-y94ivq" style="width: 45px;"><button type="button" class="chakra-button css-mudsm6" data-testid="atc-button"><svg stroke="currentColor" fill="currentColor" stroke-width="0" viewBox="0 0 24 24" focusable="false" class="chakra-icon css-1g3sp7a" data-testid="btn-icon" aria-hidden="true" height="1em" width="1em" xmlns="http://www.w3.org/2000/svg"><path d="M19 13h-6v6h-2v-6H5v-2h6V5h2v6h6v2z"></path></svg><span class="css-idkz9h">Add Gouda Sliced Cheese to cart</span></button></div></div></div></div></div></div><div class="css-0"><div class="css-f5i5wc"><div class="chakra-linkbox css-vhnn8v"><div data-testid="product-image" class="css-16dr4ly"><img alt="PC Organics Organic Cheese, Old Cheddar 200 g, $3.50/100g" src="https://assets.shop.loblaws.ca/products/20324449/b3/en/front/20324449_front_a06_@2.png" srcset="https://assets.shop.loblaws.ca/products/20324449/b3/en/front/20324449_front_a06_@2.png 1x, https://assets.shop.loblaws.ca/products/20324449/b3/en/front/20324449_front_a06_@2.png 2x" loading="lazy" class="chakra-image css-oguq8l" aria-hidden="true"></div><div class="css-qoklea"><div class="css-12dchmx"></div><div data-testid="price-product-tile" class="css-8atqhb"><p class="chakra-text css-0"><span class="chakra-text css-pwnbcb" data-testid="regular-price"><span class="css-idkz9h">$6.99</span>$6.99</span></p></div><a href="/organic-cheese-old-cheddar/p/20324449_EA?source=nspt" class="chakra-linkbox__overlay css-1hnz6hu"><div class="css-0"><p class="chakra-text css-1ecdp9w" data-testid="product-brand">PC Organics</p><h3 class="chakra-heading css-6qrhwc" id="20324449_EA" data-testid="product-title">Organic Cheese, Old Cheddar</h3><p class="chakra-text css-1yftjin" data-testid="product-package-size">200 g, $3.50/100g</p></div></a><div class="css-8keand"></div></div><div class="css-1q5omjq"><div class="css-fcebb8"><div data-testid="atc-compact" class="css-y94ivq" style="width: 45px;"><button type="button" class="chakra-button css-mudsm6" data-testid="atc-button"><svg stroke="currentColor" fill="currentColor" stroke-width="0" viewBox="0 0 24 24" focusable="false" class="chakra-icon css-1g3sp7a" data-testid="btn-icon" aria-hidden="true" height="1em" width="1em" xmlns="http://www.w3.org/2000/svg"><path d="M19 13h-6v6h-2v-6H5v-2h6V5h2v6h6v2z"></path></svg><span class="css-idkz9h">Add Organic Cheese, Old Cheddar to cart</span></button></div></div></div></div></div></div><div class="css-0"><div class="css-f5i5wc"><div class="chakra-linkbox css-vhnn8v"><div data-testid="product-image" class="css-16dr4ly"><img alt="Philadelphia Light Cream Cheese Spread 250 g, $1.84/100g" src="https://assets.shop.loblaws.ca/products/20324286002/b3/en/front/20324286002_front_a06_@2.png" srcset="https://assets.shop.loblaws.ca/products/20324286002/b3/en/front/20324286002_front_a06_@2.png 1x, https://assets.shop.loblaws.ca/products/20324286002/b3/en/front/20324286002_front_a06_@2.png 2x" loading="lazy" class="chakra-image css-oguq8l" aria-hidden="true"></div><div class="css-qoklea"><div class="css-12dchmx"></div><div data-testid="price-product-tile" class="css-8atqhb"><p class="chakra-text css-0"><span class="chakra-text css-pwnbcb" data-testid="regular-price"><span class="css-idkz9h">$4.59</span>$4.59</span></p></div><a href="/light-cream-cheese-spread/p/20324286002_EA?source=nspt" class="chakra-linkbox__overlay css-1hnz6hu"><div class="css-0"><p class="chakra-text css-1ecdp9w" data-testid="product-brand">Philadelphia</p><h3 class="chakra-heading css-6qrhwc" id="20324286002_EA" data-testid="product-title">Light Cream Cheese Spread</h3><p class="chakra-text css-1yftjin" data-testid="product-package-size">250 g, $1.84/100g</p></div></a><div class="css-8keand"></div></div><div class="css-1q5omjq"><div class="css-fcebb8"><div data-testid="atc-compact" class="css-y94ivq" style="width: 45px;"><button type="button" class="chakra-button css-mudsm6" data-testid="atc-button"><svg stroke="currentColor" fill="currentColor" stroke-width="0" viewBox="0 0 24 24" focusable="false" class="chakra-icon css-1g3sp7a" data-testid="btn-icon" aria-hidden="true" height="1em" width="1em" xmlns="http://www.w3.org/2000/svg"><path d="M19 13h-6v6h-2v-6H5v-2h6V5h2v6h6v2z"></path></svg><span class="css-idkz9h">Add Light Cream Cheese Spread to cart</span></button></div></div></div></div></div></div><div class="css-0"><div class="css-f5i5wc"><div class="chakra-linkbox css-vhnn8v"><div data-testid="product-image" class="css-16dr4ly"><img alt="Philadelphia Chive Whipped Cream Cheese Product 227 g, $2.02/100g" src="https://assets.shop.loblaws.ca/products/20866816001/b3/en/front/20866816001_front_a06_@2.png" srcset="https://assets.shop.loblaws.ca/products/20866816001/b3/en/front/20866816001_front_a06_@2.png 1x, https://assets.shop.loblaws.ca/products/20866816001/b3/en/front/20866816001_front_a06_@2.png 2x" loading="lazy" class="chakra-image css-oguq8l" aria-hidden="true"></div><div class="css-qoklea"><div class="css-12dchmx"></div><div data-testid="price-product-tile" class="css-8atqhb"><p class="chakra-text css-0"><span class="chakra-text css-pwnbcb" data-testid="regular-price"><span class="css-idkz9h">$4.59</span>$4.59</span></p></div><a href="/chive-whipped-cream-cheese-product/p/20866816001_EA?source=nspt" class="chakra-linkbox__overlay css-1hnz6hu"><div class="css-0"><p class="chakra-text css-1ecdp9w" data-testid="product-brand">Philadelphia</p><h3 class="chakra-heading css-6qrhwc" id="20866816001_EA" data-testid="product-title">Chive Whipped Cream Cheese Product</h3><p class="chakra-text css-1yftjin" data-testid="product-package-size">227 g, $2.02/100g</p></div></a><div class="css-8keand"></div></div><div class="css-1q5omjq"><div class="css-fcebb8"><div data-testid="atc-compact" class="css-y94ivq" style="width: 45px;"><button type="button" class="chakra-button css-mudsm6" data-testid="atc-button"><svg stroke="currentColor" fill="currentColor" stroke-width="0" viewBox="0 0 24 24" focusable="false" class="chakra-icon css-1g3sp7a" data-testid="btn-icon" aria-hidden="true" height="1em" width="1em" xmlns="http://www.w3.org/2000/svg"><path d="M19 13h-6v6h-2v-6H5v-2h6V5h2v6h6v2z"></path></svg><span class="css-idkz9h">Add Chive Whipped Cream Cheese Product to cart</span></button></div></div></div></div></div></div><div class="css-0"><div class="css-f5i5wc"><div class="chakra-linkbox css-vhnn8v"><div data-testid="product-image" class="css-16dr4ly"><img alt="Portuguese Cheese Port Span Quesofresco Wheel $2.19/100g $21.90/1kg" srcset="undefined 1x, undefined 2x" loading="lazy" class="chakra-image css-oguq8l" aria-hidden="true"></div><div class="css-qoklea"><div class="css-12dchmx"></div><div data-testid="price-product-tile" class="css-8atqhb"><p class="chakra-text css-0"><span class="chakra-text css-pwnbcb" data-testid="regular-price"><span class="css-idkz9h">about $3.94</span>about $3.94</span></p></div><a href="/port-span-quesofresco-wheel/p/20082118_KG?source=nspt" class="chakra-linkbox__overlay css-1hnz6hu"><div class="css-0"><p class="chakra-text css-1ecdp9w" data-testid="product-brand">Portuguese Cheese</p><h3 class="chakra-heading css-6qrhwc" id="20082118_KG" data-testid="product-title">Port Span Quesofresco Wheel</h3><p class="chakra-text css-1yftjin" data-testid="product-package-size">$2.19/100g $21.90/1kg</p></div></a><div class="css-8keand"></div></div><div class="css-1q5omjq"><div class="css-fcebb8"><div data-testid="atc-compact" class="css-y94ivq" style="width: 45px;"><button type="button" class="chakra-button css-mudsm6" data-testid="atc-button"><svg stroke="currentColor" fill="currentColor" stroke-width="0" viewBox="0 0 24 24" focusable="false" class="chakra-icon css-1g3sp7a" data-testid="btn-icon" aria-hidden="true" height="1em" width="1em" xmlns="http://www.w3.org/2000/svg"><path d="M19 13h-6v6h-2v-6H5v-2h6V5h2v6h6v2z"></path></svg><span class="css-idkz9h">Add Port Span Quesofresco Wheel to cart</span></button></div></div></div></div></div></div><div class="css-0"><div class="css-f5i5wc"><div class="chakra-linkbox css-vhnn8v"><div data-testid="product-image" class="css-16dr4ly"><img alt="St. Jorge Cheese $51.90/1kg $23.55/1lb" src="https://assets.shop.loblaws.ca/products/20007745/b3/en/front/20007745_front_a06_@2.png" srcset="https://assets.shop.loblaws.ca/products/20007745/b3/en/front/20007745_front_a06_@2.png 1x, https://assets.shop.loblaws.ca/products/20007745/b3/en/front/20007745_front_a06_@2.png 2x" loading="lazy" class="chakra-image css-oguq8l" aria-hidden="true"></div><div class="css-qoklea"><div class="css-12dchmx"></div><div data-testid="price-product-tile" class="css-8atqhb"><p class="chakra-text css-0"><span class="chakra-text css-pwnbcb" data-testid="regular-price"><span class="css-idkz9h">about $16.61</span>about $16.61</span></p></div><a href="/cheese/p/20007745_KG?source=nspt" class="chakra-linkbox__overlay css-1hnz6hu"><div class="css-0"><p class="chakra-text css-1ecdp9w" data-testid="product-brand">St. Jorge</p><h3 class="chakra-heading css-6qrhwc" id="20007745_KG" data-testid="product-title">Cheese</h3><p class="chakra-text css-1yftjin" data-testid="product-package-size">$51.90/1kg $23.55/1lb</p></div></a><div class="css-8keand"></div></div><div class="css-1q5omjq"><div class="css-fcebb8"><div data-testid="atc-compact" class="css-y94ivq" style="width: 45px;"><button type="button" class="chakra-button css-mudsm6" data-testid="atc-button"><svg stroke="currentColor" fill="currentColor" stroke-width="0" viewBox="0 0 24 24" focusable="false" class="chakra-icon css-1g3sp7a" data-testid="btn-icon" aria-hidden="true" height="1em" width="1em" xmlns="http://www.w3.org/2000/svg"><path d="M19 13h-6v6h-2v-6H5v-2h6V5h2v6h6v2z"></path></svg><span class="css-idkz9h">Add Cheese to cart</span></button></div></div></div></div></div></div><div class="css-0"><div class="css-f5i5wc"><div class="chakra-linkbox css-vhnn8v"><div data-testid="product-image" class="css-16dr4ly"><img alt="Portuguese Cheese Wedge Cheese $2.29/100g $22.90/1kg" srcset="undefined 1x, undefined 2x" loading="lazy" class="chakra-image css-oguq8l" aria-hidden="true"></div><div class="css-qoklea"><div class="css-12dchmx"></div><div data-testid="price-product-tile" class="css-8atqhb"><p class="chakra-text css-0"><span class="chakra-text css-pwnbcb" data-testid="regular-price"><span class="css-idkz9h">about $6.32</span>about $6.32</span></p></div><a href="/wedge-cheese/p/20073049_KG?source=nspt" class="chakra-linkbox__overlay css-1hnz6hu"><div class="css-0"><p class="chakra-text css-1ecdp9w" data-testid="product-brand">Portuguese Cheese</p><h3 class="chakra-heading css-6qrhwc" id="20073049_KG" data-testid="product-title">Wedge Cheese</h3><p class="chakra-text css-1yftjin" data-testid="product-package-size">$2.29/100g $22.90/1kg</p></div></a><div class="css-8keand"></div></div><div class="css-1q5omjq"><div class="css-fcebb8"><div data-testid="atc-compact" class="css-y94ivq" style="width: 45px;"><button type="button" class="chakra-button css-mudsm6" data-testid="atc-button"><svg stroke="currentColor" fill="currentColor" stroke-width="0" viewBox="0 0 24 24" focusable="false" class="chakra-icon css-1g3sp7a" data-testid="btn-icon" aria-hidden="true" height="1em" width="1em" xmlns="http://www.w3.org/2000/svg"><path d="M19 13h-6v6h-2v-6H5v-2h6V5h2v6h6v2z"></path></svg><span class="css-idkz9h">Add Wedge Cheese to cart</span></button></div></div></div></div></div></div><div class="css-0"><div class="css-f5i5wc"><div class="chakra-linkbox css-vhnn8v"><div data-testid="product-image" class="css-16dr4ly"><img alt="Portuguese Cheese Port Graciosa Goat Cheese Wedge $2.79/100g" src="https://assets.shop.loblaws.ca/products/20067807/b3/en/front/20067807_front_a06_@2.png" srcset="https://assets.shop.loblaws.ca/products/20067807/b3/en/front/20067807_front_a06_@2.png 1x, https://assets.shop.loblaws.ca/products/20067807/b3/en/front/20067807_front_a06_@2.png 2x" loading="lazy" class="chakra-image css-oguq8l" aria-hidden="true"></div><div class="css-qoklea"><div class="css-12dchmx"></div><div data-testid="price-product-tile" class="css-8atqhb"><p class="chakra-text css-0"><span class="chakra-text css-pwnbcb" data-testid="regular-price"><span class="css-idkz9h">about $7.29</span>about $7.29</span></p></div><a href="/port-graciosa-goat-cheese-wedge/p/20067807_KG?source=nspt" class="chakra-linkbox__overlay css-1hnz6hu"><div class="css-0"><p class="chakra-text css-1ecdp9w" data-testid="product-brand">Portuguese Cheese</p><h3 class="chakra-heading css-6qrhwc" id="20067807_KG" data-testid="product-title">Port Graciosa Goat Cheese Wedge</h3><p class="chakra-text css-1yftjin" data-testid="product-package-size">$2.79/100g</p></div></a><div class="css-8keand"></div></div><div class="css-1q5omjq"><div class="css-fcebb8"><div data-testid="atc-compact" class="css-y94ivq" style="width: 45px;"><button type="button" class="chakra-button css-mudsm6" data-testid="atc-button"><svg stroke="currentColor" fill="currentColor" stroke-width="0" viewBox="0 0 24 24" focusable="false" class="chakra-icon css-1g3sp7a" data-testid="btn-icon" aria-hidden="true" height="1em" width="1em" xmlns="http://www.w3.org/2000/svg"><path d="M19 13h-6v6h-2v-6H5v-2h6V5h2v6h6v2z"></path></svg><span class="css-idkz9h">Add Port Graciosa Goat Cheese Wedge to cart</span></button></div></div></div></div></div></div><div class="css-0"><div class="css-f5i5wc"><div class="chakra-linkbox css-vhnn8v"><div data-testid="product-image" class="css-16dr4ly"><img alt="Heluva Sour Cream Dip Nacho Queso Supreme 250 g, $1.60/100g" src="https://assets.shop.loblaws.ca/products/21505153/b3/en/front/21505153_front_a06_@2.png" srcset="https://assets.shop.loblaws.ca/products/21505153/b3/en/front/21505153_front_a06_@2.png 1x, https://assets.shop.loblaws.ca/products/21505153/b3/en/front/21505153_front_a06_@2.png 2x" loading="lazy" class="chakra-image css-oguq8l" aria-hidden="true"></div><div class="css-qoklea"><div class="css-12dchmx"></div><div data-testid="price-product-tile" class="css-8atqhb"><p class="chakra-text css-0"><span class="chakra-text css-pwnbcb" data-testid="regular-price"><span class="css-idkz9h">$3.99</span>$3.99</span></p></div><a href="/sour-cream-dip-nacho-queso-supreme/p/21505153_EA?source=nspt" class="chakra-linkbox__overlay css-1hnz6hu"><div class="css-0"><p class="chakra-text css-1ecdp9w" data-testid="product-brand">Heluva</p><h3 class="chakra-heading css-6qrhwc" id="21505153_EA" data-testid="product-title">Sour Cream Dip Nacho Queso Supreme</h3><p class="chakra-text css-1yftjin" data-testid="product-package-size">250 g, $1.60/100g</p></div></a><div class="css-8keand"></div></div><div class="css-1q5omjq"><div class="css-fcebb8"><div data-testid="atc-compact" class="css-y94ivq" style="width: 45px;"><button type="button" class="chakra-button css-mudsm6" data-testid="atc-button"><svg stroke="currentColor" fill="currentColor" stroke-width="0" viewBox="0 0 24 24" focusable="false" class="chakra-icon css-1g3sp7a" data-testid="btn-icon" aria-hidden="true" height="1em" width="1em" xmlns="http://www.w3.org/2000/svg"><path d="M19 13h-6v6h-2v-6H5v-2h6V5h2v6h6v2z"></path></svg><span class="css-idkz9h">Add Sour Cream Dip Nacho Queso Supreme to cart</span></button></div></div></div></div></div></div><div class="css-0"><div class="css-f5i5wc"><div class="chakra-linkbox css-vhnn8v"><div data-testid="product-image" class="css-16dr4ly"><img alt="MacLarens Cheese Spread 230 g, $3.82/100g" src="https://assets.shop.loblaws.ca/products/20769381/b3/en/front/20769381_front_a06_@2.png" srcset="https://assets.shop.loblaws.ca/products/20769381/b3/en/front/20769381_front_a06_@2.png 1x, https://assets.shop.loblaws.ca/products/20769381/b3/en/front/20769381_front_a06_@2.png 2x" loading="lazy" class="chakra-image css-oguq8l" aria-hidden="true"></div><div class="css-qoklea"><div class="css-12dchmx"></div><div data-testid="price-product-tile" class="css-8atqhb"><p class="chakra-text css-0"><span class="chakra-text css-pwnbcb" data-testid="regular-price"><span class="css-idkz9h">$8.79</span>$8.79</span></p></div><a href="/cheese-spread/p/20769381_EA?source=nspt" class="chakra-linkbox__overlay css-1hnz6hu"><div class="css-0"><p class="chakra-text css-1ecdp9w" data-testid="product-brand">MacLarens</p><h3 class="chakra-heading css-6qrhwc" id="20769381_EA" data-testid="product-title">Cheese Spread</h3><p class="chakra-text css-1yftjin" data-testid="product-package-size">230 g, $3.82/100g</p></div></a><div class="css-8keand"></div></div><div class="css-1q5omjq"><div class="css-fcebb8"><div data-testid="atc-compact" class="css-y94ivq" style="width: 45px;"><button type="button" class="chakra-button css-mudsm6" data-testid="atc-button"><svg stroke="currentColor" fill="currentColor" stroke-width="0" viewBox="0 0 24 24" focusable="false" class="chakra-icon css-1g3sp7a" data-testid="btn-icon" aria-hidden="true" height="1em" width="1em" xmlns="http://www.w3.org/2000/svg"><path d="M19 13h-6v6h-2v-6H5v-2h6V5h2v6h6v2z"></path></svg><span class="css-idkz9h">Add Cheese Spread to cart</span></button></div></div></div></div></div></div><div class="css-0"><div class="css-f5i5wc"><div class="chakra-linkbox css-vhnn8v"><div data-testid="product-image" class="css-16dr4ly"><img alt="Nanak Paneer 341 g, $1.76/100g" src="https://assets.shop.loblaws.ca/products/21286158/b3/en/front/21286158_front_a06_@2.png" srcset="https://assets.shop.loblaws.ca/products/21286158/b3/en/front/21286158_front_a06_@2.png 1x, https://assets.shop.loblaws.ca/products/21286158/b3/en/front/21286158_front_a06_@2.png 2x" loading="lazy" class="chakra-image css-oguq8l" aria-hidden="true"></div><div class="css-qoklea"><div class="css-12dchmx"></div><div data-testid="price-product-tile" class="css-8atqhb"><p class="chakra-text css-0"><span class="chakra-text css-pwnbcb" data-testid="regular-price"><span class="css-idkz9h">$5.99</span>$5.99</span></p></div><a href="/paneer/p/21286158_EA?source=nspt" class="chakra-linkbox__overlay css-1hnz6hu"><div class="css-0"><p class="chakra-text css-1ecdp9w" data-testid="product-brand">Nanak</p><h3 class="chakra-heading css-6qrhwc" id="21286158_EA" data-testid="product-title">Paneer</h3><p class="chakra-text css-1yftjin" data-testid="product-package-size">341 g, $1.76/100g</p></div></a><div class="css-8keand"></div></div><div class="css-1q5omjq"><div class="css-fcebb8"><div data-testid="atc-compact" class="css-y94ivq" style="width: 45px;"><button type="button" class="chakra-button css-mudsm6" data-testid="atc-button"><svg stroke="currentColor" fill="currentColor" stroke-width="0" viewBox="0 0 24 24" focusable="false" class="chakra-icon css-1g3sp7a" data-testid="btn-icon" aria-hidden="true" height="1em" width="1em" xmlns="http://www.w3.org/2000/svg"><path d="M19 13h-6v6h-2v-6H5v-2h6V5h2v6h6v2z"></path></svg><span class="css-idkz9h">Add Paneer to cart</span></button></div></div></div></div></div></div><div class="css-0"><div class="css-f5i5wc"><div class="chakra-linkbox css-vhnn8v"><div data-testid="product-image" class="css-16dr4ly"><img alt="President's Choice Plant Based Coconut Cream Cheese-Style Spread 227 g, $1.41/100g" src="https://assets.shop.loblaws.ca/products/21203935/b3/en/front/21203935_front_a06_@2.png" srcset="https://assets.shop.loblaws.ca/products/21203935/b3/en/front/21203935_front_a06_@2.png 1x, https://assets.shop.loblaws.ca/products/21203935/b3/en/front/21203935_front_a06_@2.png 2x" loading="lazy" class="chakra-image css-oguq8l" aria-hidden="true"></div><div class="css-qoklea"><div class="css-12dchmx"></div><div data-testid="price-product-tile" class="css-8atqhb"><p class="chakra-text css-0"><span class="chakra-text css-pwnbcb" data-testid="regular-price"><span class="css-idkz9h">$3.19</span>$3.19</span></p></div><a href="/plant-based-coconut-cream-cheese-style-spread/p/21203935_EA?source=nspt" class="chakra-linkbox__overlay css-1hnz6hu"><div class="css-0"><p class="chakra-text css-1ecdp9w" data-testid="product-brand">President's Choice</p><h3 class="chakra-heading css-6qrhwc" id="21203935_EA" data-testid="product-title">Plant Based Coconut Cream Cheese-Style Spread</h3><p class="chakra-text css-1yftjin" data-testid="product-package-size">227 g, $1.41/100g</p></div></a><div class="css-8keand"></div></div><div class="css-1q5omjq"><div class="css-fcebb8"><div data-testid="atc-compact" class="css-y94ivq" style="width: 45px;"><button type="button" class="chakra-button css-mudsm6" data-testid="atc-button"><svg stroke="currentColor" fill="currentColor" stroke-width="0" viewBox="0 0 24 24" focusable="false" class="chakra-icon css-1g3sp7a" data-testid="btn-icon" aria-hidden="true" height="1em" width="1em" xmlns="http://www.w3.org/2000/svg"><path d="M19 13h-6v6h-2v-6H5v-2h6V5h2v6h6v2z"></path></svg><span class="css-idkz9h">Add Plant Based Coconut Cream Cheese-Style Spread to cart</span></button></div></div></div></div></div></div><div class="css-0"><div class="css-f5i5wc"><div class="chakra-linkbox css-vhnn8v"><div data-testid="product-image" class="css-16dr4ly"><img alt="No Name Light Cream Cheese Product with Herbs &amp; Roasted Garlic  227 g, $1.32/100g" src="https://assets.shop.loblaws.ca/products/21047797/b3/en/front/21047797_front_a06_@2.png" srcset="https://assets.shop.loblaws.ca/products/21047797/b3/en/front/21047797_front_a06_@2.png 1x, https://assets.shop.loblaws.ca/products/21047797/b3/en/front/21047797_front_a06_@2.png 2x" loading="lazy" class="chakra-image css-oguq8l" aria-hidden="true"></div><div class="css-qoklea"><div class="css-12dchmx"></div><div data-testid="price-product-tile" class="css-8atqhb"><p class="chakra-text css-0"><span class="chakra-text css-pwnbcb" data-testid="regular-price"><span class="css-idkz9h">$3.00</span>$3.00</span></p></div><a href="/light-cream-cheese-product-with-herbs-roasted-garl/p/21047797_EA?source=nspt" class="chakra-linkbox__overlay css-1hnz6hu"><div class="css-0"><p class="chakra-text css-1ecdp9w" data-testid="product-brand">No Name</p><h3 class="chakra-heading css-6qrhwc" id="21047797_EA" data-testid="product-title">Light Cream Cheese Product with Herbs &amp; Roasted Garlic </h3><p class="chakra-text css-1yftjin" data-testid="product-package-size">227 g, $1.32/100g</p></div></a><div class="css-8keand"></div></div><div class="css-1q5omjq"><div class="css-fcebb8"><div data-testid="atc-compact" class="css-y94ivq" style="width: 45px;"><button type="button" class="chakra-button css-mudsm6" data-testid="atc-button"><svg stroke="currentColor" fill="currentColor" stroke-width="0" viewBox="0 0 24 24" focusable="false" class="chakra-icon css-1g3sp7a" data-testid="btn-icon" aria-hidden="true" height="1em" width="1em" xmlns="http://www.w3.org/2000/svg"><path d="M19 13h-6v6h-2v-6H5v-2h6V5h2v6h6v2z"></path></svg><span class="css-idkz9h">Add Light Cream Cheese Product with Herbs &amp; Roasted Garlic  to cart</span></button></div></div></div></div></div></div><div class="css-0"><div class="css-f5i5wc"><div class="chakra-linkbox css-vhnn8v"><div data-testid="product-image" class="css-16dr4ly"><img alt="No Name Cream Cheese Spread with Herbs &amp; Roasted Garlic 340 g, $1.38/100g" src="https://assets.shop.loblaws.ca/products/20911282/b3/en/front/20911282_front_a06_@2.png" srcset="https://assets.shop.loblaws.ca/products/20911282/b3/en/front/20911282_front_a06_@2.png 1x, https://assets.shop.loblaws.ca/products/20911282/b3/en/front/20911282_front_a06_@2.png 2x" loading="lazy" class="chakra-image css-oguq8l" aria-hidden="true"></div><div class="css-qoklea"><div class="css-12dchmx"></div><div data-testid="price-product-tile" class="css-8atqhb"><p class="chakra-text css-0"><span class="chakra-text css-pwnbcb" data-testid="regular-price"><span class="css-idkz9h">$4.69</span>$4.69</span></p></div><a href="/cream-cheese-spread-with-herbs-roasted-garlic/p/20911282_EA?source=nspt" class="chakra-linkbox__overlay css-1hnz6hu"><div class="css-0"><p class="chakra-text css-1ecdp9w" data-testid="product-brand">No Name</p><h3 class="chakra-heading css-6qrhwc" id="20911282_EA" data-testid="product-title">Cream Cheese Spread with Herbs &amp; Roasted Garlic</h3><p class="chakra-text css-1yftjin" data-testid="product-package-size">340 g, $1.38/100g</p></div></a><div class="css-8keand"></div></div><div class="css-1q5omjq"><div class="css-fcebb8"><div data-testid="atc-compact" class="css-y94ivq" style="width: 45px;"><button type="button" class="chakra-button css-mudsm6" data-testid="atc-button"><svg stroke="currentColor" fill="currentColor" stroke-width="0" viewBox="0 0 24 24" focusable="false" class="chakra-icon css-1g3sp7a" data-testid="btn-icon" aria-hidden="true" height="1em" width="1em" xmlns="http://www.w3.org/2000/svg"><path d="M19 13h-6v6h-2v-6H5v-2h6V5h2v6h6v2z"></path></svg><span class="css-idkz9h">Add Cream Cheese Spread with Herbs &amp; Roasted Garlic to cart</span></button></div></div></div></div></div></div><div class="css-0"><div class="css-f5i5wc"><div class="chakra-linkbox css-vhnn8v"><div data-testid="product-image" class="css-16dr4ly"><img alt="Black Diamond Natural Cheese Sticks Marble Cheddar, 12 units 252 g, $2.97/100g" src="https://assets.shop.loblaws.ca/products/20986474/b3/en/front/20986474_front_a06_@2.png" srcset="https://assets.shop.loblaws.ca/products/20986474/b3/en/front/20986474_front_a06_@2.png 1x, https://assets.shop.loblaws.ca/products/20986474/b3/en/front/20986474_front_a06_@2.png 2x" loading="lazy" class="chakra-image css-oguq8l" aria-hidden="true"></div><div class="css-qoklea"><div class="css-12dchmx"></div><div data-testid="price-product-tile" class="css-8atqhb"><p class="chakra-text css-0"><span class="chakra-text css-pwnbcb" data-testid="regular-price"><span class="css-idkz9h">$7.49</span>$7.49</span></p></div><a href="/natural-cheese-sticks-marble-cheddar-12-units/p/20986474_EA?source=nspt" class="chakra-linkbox__overlay css-1hnz6hu"><div class="css-0"><p class="chakra-text css-1ecdp9w" data-testid="product-brand">Black Diamond</p><h3 class="chakra-heading css-6qrhwc" id="20986474_EA" data-testid="product-title">Natural Cheese Sticks Marble Cheddar, 12 units</h3><p class="chakra-text css-1yftjin" data-testid="product-package-size">252 g, $2.97/100g</p></div></a><div class="css-8keand"></div></div><div class="css-1q5omjq"><div class="css-fcebb8"><div data-testid="atc-compact" class="css-y94ivq" style="width: 45px;"><button type="button" class="chakra-button css-mudsm6" data-testid="atc-button"><svg stroke="currentColor" fill="currentColor" stroke-width="0" viewBox="0 0 24 24" focusable="false" class="chakra-icon css-1g3sp7a" data-testid="btn-icon" aria-hidden="true" height="1em" width="1em" xmlns="http://www.w3.org/2000/svg"><path d="M19 13h-6v6h-2v-6H5v-2h6V5h2v6h6v2z"></path></svg><span class="css-idkz9h">Add Natural Cheese Sticks Marble Cheddar, 12 units to cart</span></button></div></div></div></div></div></div><div class="css-0"><div class="css-f5i5wc"><div class="chakra-linkbox css-vhnn8v"><div data-testid="product-image" class="css-16dr4ly"><img alt="No Name Fat-Free Cottage Cheese 500 g, $0.80/100g" src="https://assets.shop.loblaws.ca/products/20183991003/b3/en/front/20183991003_front_a06_@2.png" srcset="https://assets.shop.loblaws.ca/products/20183991003/b3/en/front/20183991003_front_a06_@2.png 1x, https://assets.shop.loblaws.ca/products/20183991003/b3/en/front/20183991003_front_a06_@2.png 2x" loading="lazy" class="chakra-image css-oguq8l" aria-hidden="true"></div><div class="css-qoklea"><div class="css-12dchmx"></div><div data-testid="price-product-tile" class="css-8atqhb"><p class="chakra-text css-0"><span class="chakra-text css-pwnbcb" data-testid="regular-price"><span class="css-idkz9h">$3.99</span>$3.99</span></p></div><a href="/fat-free-cottage-cheese/p/20183991003_EA?source=nspt" class="chakra-linkbox__overlay css-1hnz6hu"><div class="css-0"><p class="chakra-text css-1ecdp9w" data-testid="product-brand">No Name</p><h3 class="chakra-heading css-6qrhwc" id="20183991003_EA" data-testid="product-title">Fat-Free Cottage Cheese</h3><p class="chakra-text css-1yftjin" data-testid="product-package-size">500 g, $0.80/100g</p></div></a><div class="css-8keand"></div></div><div class="css-1q5omjq"><div class="css-fcebb8"><div data-testid="atc-compact" class="css-y94ivq" style="width: 45px;"><button type="button" class="chakra-button css-mudsm6" data-testid="atc-button"><svg stroke="currentColor" fill="currentColor" stroke-width="0" viewBox="0 0 24 24" focusable="false" class="chakra-icon css-1g3sp7a" data-testid="btn-icon" aria-hidden="true" height="1em" width="1em" xmlns="http://www.w3.org/2000/svg"><path d="M19 13h-6v6h-2v-6H5v-2h6V5h2v6h6v2z"></path></svg><span class="css-idkz9h">Add Fat-Free Cottage Cheese to cart</span></button></div></div></div></div></div></div><div class="css-0"><div class="css-f5i5wc"><div class="chakra-linkbox css-vhnn8v"><div data-testid="product-image" class="css-16dr4ly"><img alt="Tre Stelle Tre Stelle Cream Cheese Original     200 g, $2.40/100g" src="https://assets.shop.loblaws.ca/products/21316018/b3/en/front/21316018_front_a06_@2.png" srcset="https://assets.shop.loblaws.ca/products/21316018/b3/en/front/21316018_front_a06_@2.png 1x, https://assets.shop.loblaws.ca/products/21316018/b3/en/front/21316018_front_a06_@2.png 2x" loading="lazy" class="chakra-image css-oguq8l" aria-hidden="true"></div><div class="css-qoklea"><div class="css-12dchmx"></div><div data-testid="price-product-tile" class="css-8atqhb"><p class="chakra-text css-0"><span class="chakra-text css-pwnbcb" data-testid="regular-price"><span class="css-idkz9h">$4.79</span>$4.79</span></p></div><a href="/tre-stelle-cream-cheese-original/p/21316018_EA?source=nspt" class="chakra-linkbox__overlay css-1hnz6hu"><div class="css-0"><p class="chakra-text css-1ecdp9w" data-testid="product-brand">Tre Stelle</p><h3 class="chakra-heading css-6qrhwc" id="21316018_EA" data-testid="product-title">Tre Stelle Cream Cheese Original    </h3><p class="chakra-text css-1yftjin" data-testid="product-package-size">200 g, $2.40/100g</p></div></a><div class="css-8keand"></div></div><div class="css-1q5omjq"><div class="css-fcebb8"><div data-testid="atc-compact" class="css-y94ivq" style="width: 45px;"><button type="button" class="chakra-button css-mudsm6" data-testid="atc-button"><svg stroke="currentColor" fill="currentColor" stroke-width="0" viewBox="0 0 24 24" focusable="false" class="chakra-icon css-1g3sp7a" data-testid="btn-icon" aria-hidden="true" height="1em" width="1em" xmlns="http://www.w3.org/2000/svg"><path d="M19 13h-6v6h-2v-6H5v-2h6V5h2v6h6v2z"></path></svg><span class="css-idkz9h">Add Tre Stelle Cream Cheese Original     to cart</span></button></div></div></div></div></div></div><div class="css-0"><div class="css-f5i5wc"><div class="chakra-linkbox css-vhnn8v"><div data-testid="product-image" class="css-16dr4ly"><img alt="Tre Stelle Tre Stelle Cream Cheese with Herbs and Spices 200 g, $2.40/100g" src="https://assets.shop.loblaws.ca/products/21177728/b3/en/front/21177728_front_a06_@2.png" srcset="https://assets.shop.loblaws.ca/products/21177728/b3/en/front/21177728_front_a06_@2.png 1x, https://assets.shop.loblaws.ca/products/21177728/b3/en/front/21177728_front_a06_@2.png 2x" loading="lazy" class="chakra-image css-oguq8l" aria-hidden="true"></div><div class="css-qoklea"><div class="css-12dchmx"></div><div data-testid="price-product-tile" class="css-8atqhb"><p class="chakra-text css-0"><span class="chakra-text css-pwnbcb" data-testid="regular-price"><span class="css-idkz9h">$4.79</span>$4.79</span></p></div><a href="/tre-stelle-cream-cheese-with-herbs-and-spices/p/21177728_EA?source=nspt" class="chakra-linkbox__overlay css-1hnz6hu"><div class="css-0"><p class="chakra-text css-1ecdp9w" data-testid="product-brand">Tre Stelle</p><h3 class="chakra-heading css-6qrhwc" id="21177728_EA" data-testid="product-title">Tre Stelle Cream Cheese with Herbs and Spices</h3><p class="chakra-text css-1yftjin" data-testid="product-package-size">200 g, $2.40/100g</p></div></a><div class="css-8keand"></div></div><div class="css-1q5omjq"><div class="css-fcebb8"><div data-testid="atc-compact" class="css-y94ivq" style="width: 45px;"><button type="button" class="chakra-button css-mudsm6" data-testid="atc-button"><svg stroke="currentColor" fill="currentColor" stroke-width="0" viewBox="0 0 24 24" focusable="false" class="chakra-icon css-1g3sp7a" data-testid="btn-icon" aria-hidden="true" height="1em" width="1em" xmlns="http://www.w3.org/2000/svg"><path d="M19 13h-6v6h-2v-6H5v-2h6V5h2v6h6v2z"></path></svg><span class="css-idkz9h">Add Tre Stelle Cream Cheese with Herbs and Spices to cart</span></button></div></div></div></div></div></div><div class="css-0"><div class="css-f5i5wc"><div class="chakra-linkbox css-vhnn8v"><div data-testid="product-image" class="css-16dr4ly"><img alt="No Name Light Original Cream Cheese Product 227 g, $1.32/100g" src="https://assets.shop.loblaws.ca/products/21035629/b3/en/front/21035629_front_a06_@2.png" srcset="https://assets.shop.loblaws.ca/products/21035629/b3/en/front/21035629_front_a06_@2.png 1x, https://assets.shop.loblaws.ca/products/21035629/b3/en/front/21035629_front_a06_@2.png 2x" loading="lazy" class="chakra-image css-oguq8l" aria-hidden="true"></div><div class="css-qoklea"><div class="css-12dchmx"></div><div data-testid="price-product-tile" class="css-8atqhb"><p class="chakra-text css-0"><span class="chakra-text css-pwnbcb" data-testid="regular-price"><span class="css-idkz9h">$3.00</span>$3.00</span></p></div><a href="/light-original-cream-cheese-product/p/21035629_EA?source=nspt" class="chakra-linkbox__overlay css-1hnz6hu"><div class="css-0"><p class="chakra-text css-1ecdp9w" data-testid="product-brand">No Name</p><h3 class="chakra-heading css-6qrhwc" id="21035629_EA" data-testid="product-title">Light Original Cream Cheese Product</h3><p class="chakra-text css-1yftjin" data-testid="product-package-size">227 g, $1.32/100g</p></div></a><div class="css-8keand"></div></div><div class="css-1q5omjq"><div class="css-fcebb8"><div data-testid="atc-compact" class="css-y94ivq" style="width: 45px;"><button type="button" class="chakra-button css-mudsm6" data-testid="atc-button"><svg stroke="currentColor" fill="currentColor" stroke-width="0" viewBox="0 0 24 24" focusable="false" class="chakra-icon css-1g3sp7a" data-testid="btn-icon" aria-hidden="true" height="1em" width="1em" xmlns="http://www.w3.org/2000/svg"><path d="M19 13h-6v6h-2v-6H5v-2h6V5h2v6h6v2z"></path></svg><span class="css-idkz9h">Add Light Original Cream Cheese Product to cart</span></button></div></div></div></div></div></div><div class="css-0"><div class="css-f5i5wc"><div class="chakra-linkbox css-vhnn8v"><div data-testid="product-image" class="css-16dr4ly"><img alt="Philadelphia Original Cream Cheese, Lactose Free 250 g, $2.60/100g" src="https://assets.shop.loblaws.ca/products/21314936/b3/en/front/21314936_front_a06_@2.png" srcset="https://assets.shop.loblaws.ca/products/21314936/b3/en/front/21314936_front_a06_@2.png 1x, https://assets.shop.loblaws.ca/products/21314936/b3/en/front/21314936_front_a06_@2.png 2x" loading="lazy" class="chakra-image css-oguq8l" aria-hidden="true"></div><div class="css-qoklea"><div class="css-12dchmx"></div><div data-testid="price-product-tile" class="css-8atqhb"><p class="chakra-text css-0"><span class="chakra-text css-pwnbcb" data-testid="regular-price"><span class="css-idkz9h">$6.49</span>$6.49</span></p></div><a href="/original-cream-cheese-lactose-free/p/21314936_EA?source=nspt" class="chakra-linkbox__overlay css-1hnz6hu"><div class="css-0"><p class="chakra-text css-1ecdp9w" data-testid="product-brand">Philadelphia</p><h3 class="chakra-heading css-6qrhwc" id="21314936_EA" data-testid="product-title">Original Cream Cheese, Lactose Free</h3><p class="chakra-text css-1yftjin" data-testid="product-package-size">250 g, $2.60/100g</p></div></a><div class="css-8keand"></div></div><div class="css-1q5omjq"><div class="css-fcebb8"><div data-testid="atc-compact" class="css-y94ivq" style="width: 45px;"><button type="button" class="chakra-button css-mudsm6" data-testid="atc-button"><svg stroke="currentColor" fill="currentColor" stroke-width="0" viewBox="0 0 24 24" focusable="false" class="chakra-icon css-1g3sp7a" data-testid="btn-icon" aria-hidden="true" height="1em" width="1em" xmlns="http://www.w3.org/2000/svg"><path d="M19 13h-6v6h-2v-6H5v-2h6V5h2v6h6v2z"></path></svg><span class="css-idkz9h">Add Original Cream Cheese, Lactose Free to cart</span></button></div></div></div></div></div></div><div class="css-0"><div class="css-f5i5wc"><div class="chakra-linkbox css-vhnn8v"><div data-testid="product-image" class="css-16dr4ly"><img alt="Armstrong Old Cheddar Light 400 g, $1.95/100g" src="https://assets.shop.loblaws.ca/products/21347105/b3/en/front/21347105_front_a06_@2.png" srcset="https://assets.shop.loblaws.ca/products/21347105/b3/en/front/21347105_front_a06_@2.png 1x, https://assets.shop.loblaws.ca/products/21347105/b3/en/front/21347105_front_a06_@2.png 2x" loading="lazy" class="chakra-image css-oguq8l" aria-hidden="true"></div><div class="css-qoklea"><div class="css-12dchmx"></div><div data-testid="price-product-tile" class="css-8atqhb"><p class="chakra-text css-0"><span class="chakra-text css-pwnbcb" data-testid="regular-price"><span class="css-idkz9h">$7.79</span>$7.79</span></p></div><a href="/old-cheddar-light/p/21347105_EA?source=nspt" class="chakra-linkbox__overlay css-1hnz6hu"><div class="css-0"><p class="chakra-text css-1ecdp9w" data-testid="product-brand">Armstrong</p><h3 class="chakra-heading css-6qrhwc" id="21347105_EA" data-testid="product-title">Old Cheddar Light</h3><p class="chakra-text css-1yftjin" data-testid="product-package-size">400 g, $1.95/100g</p></div></a><div class="css-8keand"></div></div><div class="css-1q5omjq"><div class="css-fcebb8"><div data-testid="atc-compact" class="css-y94ivq" style="width: 45px;"><button type="button" class="chakra-button css-mudsm6" data-testid="atc-button"><svg stroke="currentColor" fill="currentColor" stroke-width="0" viewBox="0 0 24 24" focusable="false" class="chakra-icon css-1g3sp7a" data-testid="btn-icon" aria-hidden="true" height="1em" width="1em" xmlns="http://www.w3.org/2000/svg"><path d="M19 13h-6v6h-2v-6H5v-2h6V5h2v6h6v2z"></path></svg><span class="css-idkz9h">Add Old Cheddar Light to cart</span></button></div></div></div></div></div></div><div class="css-0"><div class="css-f5i5wc"><div class="chakra-linkbox css-vhnn8v"><div data-testid="product-image" class="css-16dr4ly"><img alt="Cracker Barrel Habanero Monterey Jack Cheese Slices, 11 units 200 g, $3.25/100g" src="https://assets.shop.loblaws.ca/products/21290683/b3/en/front/21290683_front_a06_@2.png" srcset="https://assets.shop.loblaws.ca/products/21290683/b3/en/front/21290683_front_a06_@2.png 1x, https://assets.shop.loblaws.ca/products/21290683/b3/en/front/21290683_front_a06_@2.png 2x" loading="lazy" class="chakra-image css-oguq8l" aria-hidden="true"></div><div class="css-qoklea"><div class="css-12dchmx"></div><div data-testid="price-product-tile" class="css-8atqhb"><p class="chakra-text css-0"><span class="chakra-text css-pwnbcb" data-testid="regular-price"><span class="css-idkz9h">$6.49</span>$6.49</span></p></div><a href="/habanero-monterey-jack-cheese-slices-11-units/p/21290683_EA?source=nspt" class="chakra-linkbox__overlay css-1hnz6hu"><div class="css-0"><p class="chakra-text css-1ecdp9w" data-testid="product-brand">Cracker Barrel</p><h3 class="chakra-heading css-6qrhwc" id="21290683_EA" data-testid="product-title">Habanero Monterey Jack Cheese Slices, 11 units</h3><p class="chakra-text css-1yftjin" data-testid="product-package-size">200 g, $3.25/100g</p></div></a><div class="css-8keand"></div></div><div class="css-1q5omjq"><div class="css-fcebb8"><div data-testid="atc-compact" class="css-y94ivq" style="width: 45px;"><button type="button" class="chakra-button css-mudsm6" data-testid="atc-button"><svg stroke="currentColor" fill="currentColor" stroke-width="0" viewBox="0 0 24 24" focusable="false" class="chakra-icon css-1g3sp7a" data-testid="btn-icon" aria-hidden="true" height="1em" width="1em" xmlns="http://www.w3.org/2000/svg"><path d="M19 13h-6v6h-2v-6H5v-2h6V5h2v6h6v2z"></path></svg><span class="css-idkz9h">Add Habanero Monterey Jack Cheese Slices, 11 units to cart</span></button></div></div></div></div></div></div><div class="css-0"><div class="css-f5i5wc"><div class="chakra-linkbox css-vhnn8v"><div data-testid="product-image" class="css-16dr4ly"><img alt="President's Choice Smoke Flavoured Cheddar Cheese 400 g, $1.45/100g" src="https://assets.shop.loblaws.ca/products/21289577/b3/en/front/21289577_front_a06_@2.png" srcset="https://assets.shop.loblaws.ca/products/21289577/b3/en/front/21289577_front_a06_@2.png 1x, https://assets.shop.loblaws.ca/products/21289577/b3/en/front/21289577_front_a06_@2.png 2x" loading="lazy" class="chakra-image css-oguq8l" aria-hidden="true"></div><div class="css-qoklea"><div class="css-12dchmx"></div><div data-testid="price-product-tile" class="css-8atqhb"><p class="chakra-text css-0"><span class="chakra-text css-o93gbd" data-testid="sale-price"><span class="css-idkz9h">$5.79</span>$5.79</span><span class="chakra-text css-623q5h" data-testid="was-price"><span class="css-idkz9h">$6.49</span>$6.49</span></p><p class="chakra-text css-1m5a6y8" data-testid="price-descriptor">SAVE $0.70</p></div><a href="/smoke-flavoured-cheddar-cheese/p/21289577_EA?source=nspt" class="chakra-linkbox__overlay css-1hnz6hu"><div class="css-0"><p class="chakra-text css-1ecdp9w" data-testid="product-brand">President's Choice</p><h3 class="chakra-heading css-6qrhwc" id="21289577_EA" data-testid="product-title">Smoke Flavoured Cheddar Cheese</h3><p class="chakra-text css-1yftjin" data-testid="product-package-size">400 g, $1.45/100g</p></div></a><div class="css-8keand"></div></div><div class="css-1q5omjq"><div class="css-fcebb8"><div data-testid="atc-compact" class="css-y94ivq" style="width: 45px;"><button type="button" class="chakra-button css-mudsm6" data-testid="atc-button"><svg stroke="currentColor" fill="currentColor" stroke-width="0" viewBox="0 0 24 24" focusable="false" class="chakra-icon css-1g3sp7a" data-testid="btn-icon" aria-hidden="true" height="1em" width="1em" xmlns="http://www.w3.org/2000/svg"><path d="M19 13h-6v6h-2v-6H5v-2h6V5h2v6h6v2z"></path></svg><span class="css-idkz9h">Add Smoke Flavoured Cheddar Cheese to cart</span></button></div></div></div></div></div></div><div class="css-0"><div class="css-f5i5wc"><div class="chakra-linkbox css-vhnn8v"><div data-testid="product-image" class="css-16dr4ly"><img alt="Armstrong Medium Cheddar Light 400 g, $1.95/100g" src="https://assets.shop.loblaws.ca/products/21347136/b3/en/front/21347136_front_a06_@2.png" srcset="https://assets.shop.loblaws.ca/products/21347136/b3/en/front/21347136_front_a06_@2.png 1x, https://assets.shop.loblaws.ca/products/21347136/b3/en/front/21347136_front_a06_@2.png 2x" loading="lazy" class="chakra-image css-oguq8l" aria-hidden="true"></div><div class="css-qoklea"><div class="css-12dchmx"></div><div data-testid="price-product-tile" class="css-8atqhb"><p class="chakra-text css-0"><span class="chakra-text css-pwnbcb" data-testid="regular-price"><span class="css-idkz9h">$7.79</span>$7.79</span></p></div><a href="/medium-cheddar-light/p/21347136_EA?source=nspt" class="chakra-linkbox__overlay css-1hnz6hu"><div class="css-0"><p class="chakra-text css-1ecdp9w" data-testid="product-brand">Armstrong</p><h3 class="chakra-heading css-6qrhwc" id="21347136_EA" data-testid="product-title">Medium Cheddar Light</h3><p class="chakra-text css-1yftjin" data-testid="product-package-size">400 g, $1.95/100g</p></div></a><div class="css-8keand"></div></div><div class="css-1q5omjq"><div class="css-fcebb8"><div data-testid="atc-compact" class="css-y94ivq" style="width: 45px;"><button type="button" class="chakra-button css-mudsm6" data-testid="atc-button"><svg stroke="currentColor" fill="currentColor" stroke-width="0" viewBox="0 0 24 24" focusable="false" class="chakra-icon css-1g3sp7a" data-testid="btn-icon" aria-hidden="true" height="1em" width="1em" xmlns="http://www.w3.org/2000/svg"><path d="M19 13h-6v6h-2v-6H5v-2h6V5h2v6h6v2z"></path></svg><span class="css-idkz9h">Add Medium Cheddar Light to cart</span></button></div></div></div></div></div></div><div class="css-0"><div class="css-f5i5wc"><div class="chakra-linkbox css-vhnn8v"><div data-testid="product-image" class="css-16dr4ly"><img alt="President's Choice Monterey Jack Cheese 400 g, $1.45/100g" src="https://assets.shop.loblaws.ca/products/21289775/b3/en/front/21289775_front_a06_@2.png" srcset="https://assets.shop.loblaws.ca/products/21289775/b3/en/front/21289775_front_a06_@2.png 1x, https://assets.shop.loblaws.ca/products/21289775/b3/en/front/21289775_front_a06_@2.png 2x" loading="lazy" class="chakra-image css-oguq8l" aria-hidden="true"></div><div class="css-qoklea"><div class="css-12dchmx"></div><div data-testid="price-product-tile" class="css-8atqhb"><p class="chakra-text css-0"><span class="chakra-text css-o93gbd" data-testid="sale-price"><span class="css-idkz9h">$5.79</span>$5.79</span><span class="chakra-text css-623q5h" data-testid="was-price"><span class="css-idkz9h">$6.49</span>$6.49</span></p><p class="chakra-text css-1m5a6y8" data-testid="price-descriptor">SAVE $0.70</p></div><a href="/monterey-jack-cheese/p/21289775_EA?source=nspt" class="chakra-linkbox__overlay css-1hnz6hu"><div class="css-0"><p class="chakra-text css-1ecdp9w" data-testid="product-brand">President's Choice</p><h3 class="chakra-heading css-6qrhwc" id="21289775_EA" data-testid="product-title">Monterey Jack Cheese</h3><p class="chakra-text css-1yftjin" data-testid="product-package-size">400 g, $1.45/100g</p></div></a><div class="css-8keand"></div></div><div class="css-1q5omjq"><div class="css-fcebb8"><div data-testid="atc-compact" class="css-y94ivq" style="width: 45px;"><button type="button" class="chakra-button css-mudsm6" data-testid="atc-button"><svg stroke="currentColor" fill="currentColor" stroke-width="0" viewBox="0 0 24 24" focusable="false" class="chakra-icon css-1g3sp7a" data-testid="btn-icon" aria-hidden="true" height="1em" width="1em" xmlns="http://www.w3.org/2000/svg"><path d="M19 13h-6v6h-2v-6H5v-2h6V5h2v6h6v2z"></path></svg><span class="css-idkz9h">Add Monterey Jack Cheese to cart</span></button></div></div></div></div></div></div></div><div data-testid="product-grid" class="css-epcqr3"><div class="css-0"><div class="css-f5i5wc"><div class="chakra-linkbox css-vhnn8v"><div data-testid="product-image" class="css-16dr4ly"><img alt="Armstrong Shredded Natural Cheese Triple Cheddar, 31 % M.F. 320 g, $2.18/100g" src="https://assets.shop.loblaws.ca/products/21286215/b3/en/front/21286215_front_a06_@2.png" srcset="https://assets.shop.loblaws.ca/products/21286215/b3/en/front/21286215_front_a06_@2.png 1x, https://assets.shop.loblaws.ca/products/21286215/b3/en/front/21286215_front_a06_@2.png 2x" loading="lazy" class="chakra-image css-oguq8l" aria-hidden="true"></div><div class="css-qoklea"><div class="css-12dchmx"></div><div data-testid="price-product-tile" class="css-8atqhb"><p class="chakra-text css-0"><span class="chakra-text css-pwnbcb" data-testid="regular-price"><span class="css-idkz9h">$6.99</span>$6.99</span></p></div><a href="/shredded-natural-cheese-triple-cheddar-31-m-f/p/21286215_EA?source=nspt" class="chakra-linkbox__overlay css-1hnz6hu"><div class="css-0"><p class="chakra-text css-1ecdp9w" data-testid="product-brand">Armstrong</p><h3 class="chakra-heading css-6qrhwc" id="21286215_EA" data-testid="product-title">Shredded Natural Cheese Triple Cheddar, 31 % M.F.</h3><p class="chakra-text css-1yftjin" data-testid="product-package-size">320 g, $2.18/100g</p></div></a><div class="css-8keand"></div></div><div class="css-1q5omjq"><div class="css-fcebb8"><div data-testid="atc-compact" class="css-y94ivq" style="width: 45px;"><button type="button" class="chakra-button css-mudsm6" data-testid="atc-button"><svg stroke="currentColor" fill="currentColor" stroke-width="0" viewBox="0 0 24 24" focusable="false" class="chakra-icon css-1g3sp7a" data-testid="btn-icon" aria-hidden="true" height="1em" width="1em" xmlns="http://www.w3.org/2000/svg"><path d="M19 13h-6v6h-2v-6H5v-2h6V5h2v6h6v2z"></path></svg><span class="css-idkz9h">Add Shredded Natural Cheese Triple Cheddar, 31 % M.F. to cart</span></button></div></div></div></div></div></div><div class="css-0"><div class="css-f5i5wc"><div class="chakra-linkbox css-vhnn8v"><div data-testid="product-image" class="css-16dr4ly"><img alt="Philadelphia Mixed Berry Whipped Cream Cheese Product 227 g, $2.02/100g" src="https://assets.shop.loblaws.ca/products/20866971/b3/en/front/20866971_front_a06_@2.png" srcset="https://assets.shop.loblaws.ca/products/20866971/b3/en/front/20866971_front_a06_@2.png 1x, https://assets.shop.loblaws.ca/products/20866971/b3/en/front/20866971_front_a06_@2.png 2x" loading="lazy" class="chakra-image css-oguq8l" aria-hidden="true"></div><div class="css-qoklea"><div class="css-12dchmx"></div><div data-testid="price-product-tile" class="css-8atqhb"><p class="chakra-text css-0"><span class="chakra-text css-pwnbcb" data-testid="regular-price"><span class="css-idkz9h">$4.59</span>$4.59</span></p></div><a href="/mixed-berry-whipped-cream-cheese-product/p/20866971_EA?source=nspt" class="chakra-linkbox__overlay css-1hnz6hu"><div class="css-0"><p class="chakra-text css-1ecdp9w" data-testid="product-brand">Philadelphia</p><h3 class="chakra-heading css-6qrhwc" id="20866971_EA" data-testid="product-title">Mixed Berry Whipped Cream Cheese Product</h3><p class="chakra-text css-1yftjin" data-testid="product-package-size">227 g, $2.02/100g</p></div></a><div class="css-8keand"></div></div><div class="css-1q5omjq"><div class="css-fcebb8"><div data-testid="atc-compact" class="css-y94ivq" style="width: 45px;"><button type="button" class="chakra-button css-mudsm6" data-testid="atc-button"><svg stroke="currentColor" fill="currentColor" stroke-width="0" viewBox="0 0 24 24" focusable="false" class="chakra-icon css-1g3sp7a" data-testid="btn-icon" aria-hidden="true" height="1em" width="1em" xmlns="http://www.w3.org/2000/svg"><path d="M19 13h-6v6h-2v-6H5v-2h6V5h2v6h6v2z"></path></svg><span class="css-idkz9h">Add Mixed Berry Whipped Cream Cheese Product to cart</span></button></div></div></div></div></div></div><div class="css-0"><div class="css-f5i5wc"><div class="chakra-linkbox css-vhnn8v"><div data-testid="product-image" class="css-16dr4ly"><img alt="Black Diamond Fat Free Processed Cheddar Cheese Slices, 22 units  410 g, $0.61/100g" src="https://assets.shop.loblaws.ca/products/21278720/b3/en/front/21278720_front_a06_@2.png" srcset="https://assets.shop.loblaws.ca/products/21278720/b3/en/front/21278720_front_a06_@2.png 1x, https://assets.shop.loblaws.ca/products/21278720/b3/en/front/21278720_front_a06_@2.png 2x" loading="lazy" class="chakra-image css-oguq8l" aria-hidden="true"></div><div class="css-qoklea"><div class="css-12dchmx"></div><div data-testid="price-product-tile" class="css-8atqhb"><p class="chakra-text css-0"><span class="chakra-text css-o93gbd" data-testid="sale-price"><span class="css-idkz9h">$2.49</span>$2.49</span><span class="chakra-text css-623q5h" data-testid="was-price"><span class="css-idkz9h">$3.89</span>$3.89</span></p><p class="chakra-text css-1m5a6y8" data-testid="price-descriptor">SAVE $1.40</p></div><a href="/fat-free-processed-cheddar-cheese-slices-22-units/p/21278720_EA?source=nspt" class="chakra-linkbox__overlay css-1hnz6hu"><div class="css-0"><p class="chakra-text css-1ecdp9w" data-testid="product-brand">Black Diamond</p><h3 class="chakra-heading css-6qrhwc" id="21278720_EA" data-testid="product-title">Fat Free Processed Cheddar Cheese Slices, 22 units </h3><p class="chakra-text css-1yftjin" data-testid="product-package-size">410 g, $0.61/100g</p></div></a><div class="css-8keand"></div></div><div class="css-1q5omjq"><div class="css-fcebb8"><div data-testid="atc-compact" class="css-y94ivq" style="width: 45px;"><button type="button" class="chakra-button css-mudsm6" data-testid="atc-button"><svg stroke="currentColor" fill="currentColor" stroke-width="0" viewBox="0 0 24 24" focusable="false" class="chakra-icon css-1g3sp7a" data-testid="btn-icon" aria-hidden="true" height="1em" width="1em" xmlns="http://www.w3.org/2000/svg"><path d="M19 13h-6v6h-2v-6H5v-2h6V5h2v6h6v2z"></path></svg><span class="css-idkz9h">Add Fat Free Processed Cheddar Cheese Slices, 22 units  to cart</span></button></div></div></div></div></div></div><div class="css-0"><div class="css-f5i5wc"><div class="chakra-linkbox css-vhnn8v"><div data-testid="product-image" class="css-16dr4ly"><img alt="Black Diamond Processed Light Cheddar Cheese Slices, 22 units 410 g, $0.61/100g" src="https://assets.shop.loblaws.ca/products/21278703/b3/en/front/21278703_front_a06_@2.png" srcset="https://assets.shop.loblaws.ca/products/21278703/b3/en/front/21278703_front_a06_@2.png 1x, https://assets.shop.loblaws.ca/products/21278703/b3/en/front/21278703_front_a06_@2.png 2x" loading="lazy" class="chakra-image css-oguq8l" aria-hidden="true"></div><div class="css-qoklea"><div class="css-12dchmx"></div><div data-testid="price-product-tile" class="css-8atqhb"><p class="chakra-text css-0"><span class="chakra-text css-o93gbd" data-testid="sale-price"><span class="css-idkz9h">$2.49</span>$2.49</span><span class="chakra-text css-623q5h" data-testid="was-price"><span class="css-idkz9h">$3.89</span>$3.89</span></p><p class="chakra-text css-1m5a6y8" data-testid="price-descriptor">SAVE $1.40</p></div><a href="/processed-light-cheddar-cheese-slices-22-units/p/21278703_EA?source=nspt" class="chakra-linkbox__overlay css-1hnz6hu"><div class="css-0"><p class="chakra-text css-1ecdp9w" data-testid="product-brand">Black Diamond</p><h3 class="chakra-heading css-6qrhwc" id="21278703_EA" data-testid="product-title">Processed Light Cheddar Cheese Slices, 22 units</h3><p class="chakra-text css-1yftjin" data-testid="product-package-size">410 g, $0.61/100g</p></div></a><div class="css-8keand"></div></div><div class="css-1q5omjq"><div class="css-fcebb8"><div data-testid="atc-compact" class="css-y94ivq" style="width: 45px;"><button type="button" class="chakra-button css-mudsm6" data-testid="atc-button"><svg stroke="currentColor" fill="currentColor" stroke-width="0" viewBox="0 0 24 24" focusable="false" class="chakra-icon css-1g3sp7a" data-testid="btn-icon" aria-hidden="true" height="1em" width="1em" xmlns="http://www.w3.org/2000/svg"><path d="M19 13h-6v6h-2v-6H5v-2h6V5h2v6h6v2z"></path></svg><span class="css-idkz9h">Add Processed Light Cheddar Cheese Slices, 22 units to cart</span></button></div></div></div></div></div></div><div class="css-0"><div class="css-f5i5wc"><div class="chakra-linkbox css-vhnn8v"><div data-testid="product-image" class="css-16dr4ly"><img alt="No Name Light Marble Cheddar Cheese 200 g, $1.80/100g" src="https://assets.shop.loblaws.ca/products/20298441001/b3/en/front/20298441001_front_a06_@2.png" srcset="https://assets.shop.loblaws.ca/products/20298441001/b3/en/front/20298441001_front_a06_@2.png 1x, https://assets.shop.loblaws.ca/products/20298441001/b3/en/front/20298441001_front_a06_@2.png 2x" loading="lazy" class="chakra-image css-oguq8l" aria-hidden="true"></div><div class="css-qoklea"><div class="css-12dchmx"></div><div data-testid="price-product-tile" class="css-8atqhb"><p class="chakra-text css-0"><span class="chakra-text css-pwnbcb" data-testid="regular-price"><span class="css-idkz9h">$3.59</span>$3.59</span></p></div><a href="/light-marble-cheddar-cheese/p/20298441001_EA?source=nspt" class="chakra-linkbox__overlay css-1hnz6hu"><div class="css-0"><p class="chakra-text css-1ecdp9w" data-testid="product-brand">No Name</p><h3 class="chakra-heading css-6qrhwc" id="20298441001_EA" data-testid="product-title">Light Marble Cheddar Cheese</h3><p class="chakra-text css-1yftjin" data-testid="product-package-size">200 g, $1.80/100g</p></div></a><div class="css-8keand"></div></div><div class="css-1q5omjq"><div class="css-fcebb8"><div data-testid="atc-compact" class="css-y94ivq" style="width: 45px;"><button type="button" class="chakra-button css-mudsm6" data-testid="atc-button"><svg stroke="currentColor" fill="currentColor" stroke-width="0" viewBox="0 0 24 24" focusable="false" class="chakra-icon css-1g3sp7a" data-testid="btn-icon" aria-hidden="true" height="1em" width="1em" xmlns="http://www.w3.org/2000/svg"><path d="M19 13h-6v6h-2v-6H5v-2h6V5h2v6h6v2z"></path></svg><span class="css-idkz9h">Add Light Marble Cheddar Cheese to cart</span></button></div></div></div></div></div></div><div class="css-0"><div class="css-f5i5wc"><div class="chakra-linkbox css-vhnn8v"><div data-testid="product-image" class="css-16dr4ly"><img alt="No Name Cheddar Flavour Processed Cheese Product Thick Slices 400 g, $0.97/100g" src="https://assets.shop.loblaws.ca/products/21221009/b3/en/front/21221009_front_a06_@2.png" srcset="https://assets.shop.loblaws.ca/products/21221009/b3/en/front/21221009_front_a06_@2.png 1x, https://assets.shop.loblaws.ca/products/21221009/b3/en/front/21221009_front_a06_@2.png 2x" loading="lazy" class="chakra-image css-oguq8l" aria-hidden="true"></div><div class="css-qoklea"><div class="css-12dchmx"></div><div data-testid="price-product-tile" class="css-8atqhb"><p class="chakra-text css-0"><span class="chakra-text css-pwnbcb" data-testid="regular-price"><span class="css-idkz9h">$3.89</span>$3.89</span></p></div><a href="/cheddar-flavour-processed-cheese-product-thick-sli/p/21221009_EA?source=nspt" class="chakra-linkbox__overlay css-1hnz6hu"><div class="css-0"><p class="chakra-text css-1ecdp9w" data-testid="product-brand">No Name</p><h3 class="chakra-heading css-6qrhwc" id="21221009_EA" data-testid="product-title">Cheddar Flavour Processed Cheese Product Thick Slices</h3><p class="chakra-text css-1yftjin" data-testid="product-package-size">400 g, $0.97/100g</p></div></a><div class="css-8keand"></div></div><div class="css-1q5omjq"><div class="css-fcebb8"><div data-testid="atc-compact" class="css-y94ivq" style="width: 45px;"><button type="button" class="chakra-button css-mudsm6" data-testid="atc-button"><svg stroke="currentColor" fill="currentColor" stroke-width="0" viewBox="0 0 24 24" focusable="false" class="chakra-icon css-1g3sp7a" data-testid="btn-icon" aria-hidden="true" height="1em" width="1em" xmlns="http://www.w3.org/2000/svg"><path d="M19 13h-6v6h-2v-6H5v-2h6V5h2v6h6v2z"></path></svg><span class="css-idkz9h">Add Cheddar Flavour Processed Cheese Product Thick Slices to cart</span></button></div></div></div></div></div></div><div class="css-0"><div class="css-f5i5wc"><div class="chakra-linkbox css-vhnn8v"><div data-testid="product-image" class="css-16dr4ly"><img alt="No Name Mozzarella 100% Real Cheese Slices  230 g, $1.96/100g" src="https://assets.shop.loblaws.ca/products/20742372/b3/en/front/20742372_front_a06_@2.png" srcset="https://assets.shop.loblaws.ca/products/20742372/b3/en/front/20742372_front_a06_@2.png 1x, https://assets.shop.loblaws.ca/products/20742372/b3/en/front/20742372_front_a06_@2.png 2x" loading="lazy" class="chakra-image css-oguq8l" aria-hidden="true"></div><div class="css-qoklea"><div class="css-12dchmx"></div><div data-testid="price-product-tile" class="css-8atqhb"><p class="chakra-text css-0"><span class="chakra-text css-pwnbcb" data-testid="regular-price"><span class="css-idkz9h">$4.50</span>$4.50</span></p></div><a href="/mozzarella-100-real-cheese-slices/p/20742372_EA?source=nspt" class="chakra-linkbox__overlay css-1hnz6hu"><div class="css-0"><p class="chakra-text css-1ecdp9w" data-testid="product-brand">No Name</p><h3 class="chakra-heading css-6qrhwc" id="20742372_EA" data-testid="product-title">Mozzarella 100% Real Cheese Slices </h3><p class="chakra-text css-1yftjin" data-testid="product-package-size">230 g, $1.96/100g</p></div></a><div class="css-8keand"></div></div><div class="css-1q5omjq"><div class="css-fcebb8"><div data-testid="atc-compact" class="css-y94ivq" style="width: 45px;"><button type="button" class="chakra-button css-mudsm6" data-testid="atc-button"><svg stroke="currentColor" fill="currentColor" stroke-width="0" viewBox="0 0 24 24" focusable="false" class="chakra-icon css-1g3sp7a" data-testid="btn-icon" aria-hidden="true" height="1em" width="1em" xmlns="http://www.w3.org/2000/svg"><path d="M19 13h-6v6h-2v-6H5v-2h6V5h2v6h6v2z"></path></svg><span class="css-idkz9h">Add Mozzarella 100% Real Cheese Slices  to cart</span></button></div></div></div></div></div></div><div class="css-0"><div class="css-f5i5wc"><div class="chakra-linkbox css-vhnn8v"><div data-testid="product-image" class="css-16dr4ly"><img alt="No Name Medium Cheddar Cheese 200 g, $1.80/100g" src="https://assets.shop.loblaws.ca/products/20316127/b3/en/front/20316127_front_a06_@2.png" srcset="https://assets.shop.loblaws.ca/products/20316127/b3/en/front/20316127_front_a06_@2.png 1x, https://assets.shop.loblaws.ca/products/20316127/b3/en/front/20316127_front_a06_@2.png 2x" loading="lazy" class="chakra-image css-oguq8l" aria-hidden="true"></div><div class="css-qoklea"><div class="css-12dchmx"></div><div data-testid="price-product-tile" class="css-8atqhb"><p class="chakra-text css-0"><span class="chakra-text css-pwnbcb" data-testid="regular-price"><span class="css-idkz9h">$3.59</span>$3.59</span></p></div><a href="/medium-cheddar-cheese/p/20316127_EA?source=nspt" class="chakra-linkbox__overlay css-1hnz6hu"><div class="css-0"><p class="chakra-text css-1ecdp9w" data-testid="product-brand">No Name</p><h3 class="chakra-heading css-6qrhwc" id="20316127_EA" data-testid="product-title">Medium Cheddar Cheese</h3><p class="chakra-text css-1yftjin" data-testid="product-package-size">200 g, $1.80/100g</p></div></a><div class="css-8keand"></div></div><div class="css-1q5omjq"><div class="css-fcebb8"><div data-testid="atc-compact" class="css-y94ivq" style="width: 45px;"><button type="button" class="chakra-button css-mudsm6" data-testid="atc-button"><svg stroke="currentColor" fill="currentColor" stroke-width="0" viewBox="0 0 24 24" focusable="false" class="chakra-icon css-1g3sp7a" data-testid="btn-icon" aria-hidden="true" height="1em" width="1em" xmlns="http://www.w3.org/2000/svg"><path d="M19 13h-6v6h-2v-6H5v-2h6V5h2v6h6v2z"></path></svg><span class="css-idkz9h">Add Medium Cheddar Cheese to cart</span></button></div></div></div></div></div></div><div class="css-0"><div class="css-f5i5wc"><div class="chakra-linkbox css-vhnn8v"><div data-testid="product-image" class="css-16dr4ly"><img alt="No Name Pizza Mozzarella Cheese 200 g, $1.80/100g" src="https://assets.shop.loblaws.ca/products/20329874/b3/en/front/20329874_front_a06_@2.png" srcset="https://assets.shop.loblaws.ca/products/20329874/b3/en/front/20329874_front_a06_@2.png 1x, https://assets.shop.loblaws.ca/products/20329874/b3/en/front/20329874_front_a06_@2.png 2x" loading="lazy" class="chakra-image css-oguq8l" aria-hidden="true"></div><div class="css-qoklea"><div class="css-12dchmx"></div><div data-testid="price-product-tile" class="css-8atqhb"><p class="chakra-text css-0"><span class="chakra-text css-pwnbcb" data-testid="regular-price"><span class="css-idkz9h">$3.59</span>$3.59</span></p></div><a href="/pizza-mozzarella-cheese/p/20329874_EA?source=nspt" class="chakra-linkbox__overlay css-1hnz6hu"><div class="css-0"><p class="chakra-text css-1ecdp9w" data-testid="product-brand">No Name</p><h3 class="chakra-heading css-6qrhwc" id="20329874_EA" data-testid="product-title">Pizza Mozzarella Cheese</h3><p class="chakra-text css-1yftjin" data-testid="product-package-size">200 g, $1.80/100g</p></div></a><div class="css-8keand"></div></div><div class="css-1q5omjq"><div class="css-fcebb8"><div data-testid="atc-compact" class="css-y94ivq" style="width: 45px;"><button type="button" class="chakra-button css-mudsm6" data-testid="atc-button"><svg stroke="currentColor" fill="currentColor" stroke-width="0" viewBox="0 0 24 24" focusable="false" class="chakra-icon css-1g3sp7a" data-testid="btn-icon" aria-hidden="true" height="1em" width="1em" xmlns="http://www.w3.org/2000/svg"><path d="M19 13h-6v6h-2v-6H5v-2h6V5h2v6h6v2z"></path></svg><span class="css-idkz9h">Add Pizza Mozzarella Cheese to cart</span></button></div></div></div></div></div></div><div class="css-0"><div class="css-f5i5wc"><div class="chakra-linkbox css-vhnn8v"><div data-testid="product-image" class="css-16dr4ly"><img alt="No Name Light Medium Cheddar Cheese 200 g, $1.80/100g" src="https://assets.shop.loblaws.ca/products/20307399/b3/en/front/20307399_front_a06_@2.png" srcset="https://assets.shop.loblaws.ca/products/20307399/b3/en/front/20307399_front_a06_@2.png 1x, https://assets.shop.loblaws.ca/products/20307399/b3/en/front/20307399_front_a06_@2.png 2x" loading="lazy" class="chakra-image css-oguq8l" aria-hidden="true"></div><div class="css-qoklea"><div class="css-12dchmx"></div><div data-testid="price-product-tile" class="css-8atqhb"><p class="chakra-text css-0"><span class="chakra-text css-pwnbcb" data-testid="regular-price"><span class="css-idkz9h">$3.59</span>$3.59</span></p></div><a href="/light-medium-cheddar-cheese/p/20307399_EA?source=nspt" class="chakra-linkbox__overlay css-1hnz6hu"><div class="css-0"><p class="chakra-text css-1ecdp9w" data-testid="product-brand">No Name</p><h3 class="chakra-heading css-6qrhwc" id="20307399_EA" data-testid="product-title">Light Medium Cheddar Cheese</h3><p class="chakra-text css-1yftjin" data-testid="product-package-size">200 g, $1.80/100g</p></div></a><div class="css-8keand"></div></div><div class="css-1q5omjq"><div class="css-fcebb8"><div data-testid="atc-compact" class="css-y94ivq" style="width: 45px;"><button type="button" class="chakra-button css-mudsm6" data-testid="atc-button"><svg stroke="currentColor" fill="currentColor" stroke-width="0" viewBox="0 0 24 24" focusable="false" class="chakra-icon css-1g3sp7a" data-testid="btn-icon" aria-hidden="true" height="1em" width="1em" xmlns="http://www.w3.org/2000/svg"><path d="M19 13h-6v6h-2v-6H5v-2h6V5h2v6h6v2z"></path></svg><span class="css-idkz9h">Add Light Medium Cheddar Cheese to cart</span></button></div></div></div></div></div></div><div class="css-0"><div class="css-f5i5wc"><div class="chakra-linkbox css-vhnn8v"><div data-testid="product-image" class="css-16dr4ly"><img alt="No Name Shredded Mozzarella Cheese 900 g, $1.67/100g" src="https://assets.shop.loblaws.ca/products/20317943/b3/en/front/20317943_front_a06_@2.png" srcset="https://assets.shop.loblaws.ca/products/20317943/b3/en/front/20317943_front_a06_@2.png 1x, https://assets.shop.loblaws.ca/products/20317943/b3/en/front/20317943_front_a06_@2.png 2x" loading="lazy" class="chakra-image css-oguq8l" aria-hidden="true"></div><div class="css-qoklea"><div class="css-12dchmx"></div><div data-testid="price-product-tile" class="css-8atqhb"><p class="chakra-text css-0"><span class="chakra-text css-pwnbcb" data-testid="regular-price"><span class="css-idkz9h">$14.99</span>$14.99</span></p></div><a href="/shredded-mozzarella-cheese/p/20317943_EA?source=nspt" class="chakra-linkbox__overlay css-1hnz6hu"><div class="css-0"><p class="chakra-text css-1ecdp9w" data-testid="product-brand">No Name</p><h3 class="chakra-heading css-6qrhwc" id="20317943_EA" data-testid="product-title">Shredded Mozzarella Cheese</h3><p class="chakra-text css-1yftjin" data-testid="product-package-size">900 g, $1.67/100g</p></div></a><div class="css-8keand"></div></div><div class="css-1q5omjq"><div class="css-fcebb8"><div data-testid="atc-compact" class="css-y94ivq" style="width: 45px;"><button type="button" class="chakra-button css-mudsm6" data-testid="atc-button"><svg stroke="currentColor" fill="currentColor" stroke-width="0" viewBox="0 0 24 24" focusable="false" class="chakra-icon css-1g3sp7a" data-testid="btn-icon" aria-hidden="true" height="1em" width="1em" xmlns="http://www.w3.org/2000/svg"><path d="M19 13h-6v6h-2v-6H5v-2h6V5h2v6h6v2z"></path></svg><span class="css-idkz9h">Add Shredded Mozzarella Cheese to cart</span></button></div></div><div class="css-4saf4a"><p class="chakra-text css-py8788" data-testid="inventory-badge-text">Low Stock</p></div></div></div></div></div><div class="css-0"><div class="css-f5i5wc"><div class="chakra-linkbox css-vhnn8v"><div data-testid="product-image" class="css-16dr4ly"><img alt="No Name Stringable Cheese Marble 336 g, $2.32/100g" src="https://assets.shop.loblaws.ca/products/20765349/b3/en/front/20765349_front_a06_@2.png" srcset="https://assets.shop.loblaws.ca/products/20765349/b3/en/front/20765349_front_a06_@2.png 1x, https://assets.shop.loblaws.ca/products/20765349/b3/en/front/20765349_front_a06_@2.png 2x" loading="lazy" class="chakra-image css-oguq8l" aria-hidden="true"></div><div class="css-qoklea"><div class="css-12dchmx"></div><div data-testid="price-product-tile" class="css-8atqhb"><p class="chakra-text css-0"><span class="chakra-text css-pwnbcb" data-testid="regular-price"><span class="css-idkz9h">$7.79</span>$7.79</span></p></div><a href="/stringable-cheese-marble/p/20765349_EA?source=nspt" class="chakra-linkbox__overlay css-1hnz6hu"><div class="css-0"><p class="chakra-text css-1ecdp9w" data-testid="product-brand">No Name</p><h3 class="chakra-heading css-6qrhwc" id="20765349_EA" data-testid="product-title">Stringable Cheese Marble</h3><p class="chakra-text css-1yftjin" data-testid="product-package-size">336 g, $2.32/100g</p></div></a><div class="css-8keand"></div></div><div class="css-1q5omjq"><div class="css-fcebb8"><div data-testid="atc-compact" class="css-y94ivq" style="width: 45px;"><button type="button" class="chakra-button css-mudsm6" data-testid="atc-button"><svg stroke="currentColor" fill="currentColor" stroke-width="0" viewBox="0 0 24 24" focusable="false" class="chakra-icon css-1g3sp7a" data-testid="btn-icon" aria-hidden="true" height="1em" width="1em" xmlns="http://www.w3.org/2000/svg"><path d="M19 13h-6v6h-2v-6H5v-2h6V5h2v6h6v2z"></path></svg><span class="css-idkz9h">Add Stringable Cheese Marble to cart</span></button></div></div></div></div></div></div><div class="css-0"><div class="css-f5i5wc"><div class="chakra-linkbox css-vhnn8v"><div data-testid="product-image" class="css-16dr4ly"><img alt="Gay Lea Lactose Free Sour Cream 450 ml, $0.71/100ml" src="https://assets.shop.loblaws.ca/products/21315430/b3/en/front/21315430_front_a06_@2.png" srcset="https://assets.shop.loblaws.ca/products/21315430/b3/en/front/21315430_front_a06_@2.png 1x, https://assets.shop.loblaws.ca/products/21315430/b3/en/front/21315430_front_a06_@2.png 2x" loading="lazy" class="chakra-image css-oguq8l" aria-hidden="true"></div><div class="css-qoklea"><div class="css-12dchmx"></div><div data-testid="price-product-tile" class="css-8atqhb"><p class="chakra-text css-0"><span class="chakra-text css-pwnbcb" data-testid="regular-price"><span class="css-idkz9h">$3.19</span>$3.19</span></p></div><a href="/lactose-free-sour-cream/p/21315430_EA?source=nspt" class="chakra-linkbox__overlay css-1hnz6hu"><div class="css-0"><p class="chakra-text css-1ecdp9w" data-testid="product-brand">Gay Lea</p><h3 class="chakra-heading css-6qrhwc" id="21315430_EA" data-testid="product-title">Lactose Free Sour Cream</h3><p class="chakra-text css-1yftjin" data-testid="product-package-size">450 ml, $0.71/100ml</p></div></a><div class="css-8keand"></div></div><div class="css-1q5omjq"><div class="css-fcebb8"><div data-testid="atc-compact" class="css-y94ivq" style="width: 45px;"><button type="button" class="chakra-button css-mudsm6" data-testid="atc-button"><svg stroke="currentColor" fill="currentColor" stroke-width="0" viewBox="0 0 24 24" focusable="false" class="chakra-icon css-1g3sp7a" data-testid="btn-icon" aria-hidden="true" height="1em" width="1em" xmlns="http://www.w3.org/2000/svg"><path d="M19 13h-6v6h-2v-6H5v-2h6V5h2v6h6v2z"></path></svg><span class="css-idkz9h">Add Lactose Free Sour Cream to cart</span></button></div></div></div></div></div></div><div class="css-0"><div class="css-f5i5wc"><div class="chakra-linkbox css-vhnn8v"><div data-testid="product-image" class="css-16dr4ly"><img alt="No Name 2% M.F. Cottage Cheese  750 g, $0.71/100g" src="https://assets.shop.loblaws.ca/products/20823988/b3/en/front/20823988_front_a06_@2.png" srcset="https://assets.shop.loblaws.ca/products/20823988/b3/en/front/20823988_front_a06_@2.png 1x, https://assets.shop.loblaws.ca/products/20823988/b3/en/front/20823988_front_a06_@2.png 2x" loading="lazy" class="chakra-image css-oguq8l" aria-hidden="true"></div><div class="css-qoklea"><div class="css-12dchmx"></div><div data-testid="price-product-tile" class="css-8atqhb"><p class="chakra-text css-0"><span class="chakra-text css-pwnbcb" data-testid="regular-price"><span class="css-idkz9h">$5.29</span>$5.29</span></p></div><a href="/2-m-f-cottage-cheese/p/20823988_EA?source=nspt" class="chakra-linkbox__overlay css-1hnz6hu"><div class="css-0"><p class="chakra-text css-1ecdp9w" data-testid="product-brand">No Name</p><h3 class="chakra-heading css-6qrhwc" id="20823988_EA" data-testid="product-title">2% M.F. Cottage Cheese </h3><p class="chakra-text css-1yftjin" data-testid="product-package-size">750 g, $0.71/100g</p></div></a><div class="css-8keand"></div></div><div class="css-1q5omjq"><div class="css-fcebb8"><div data-testid="atc-compact" class="css-y94ivq" style="width: 45px;"><button type="button" class="chakra-button css-mudsm6" data-testid="atc-button"><svg stroke="currentColor" fill="currentColor" stroke-width="0" viewBox="0 0 24 24" focusable="false" class="chakra-icon css-1g3sp7a" data-testid="btn-icon" aria-hidden="true" height="1em" width="1em" xmlns="http://www.w3.org/2000/svg"><path d="M19 13h-6v6h-2v-6H5v-2h6V5h2v6h6v2z"></path></svg><span class="css-idkz9h">Add 2% M.F. Cottage Cheese  to cart</span></button></div></div></div></div></div></div><div class="css-0"><div class="css-f5i5wc"><div class="chakra-linkbox css-vhnn8v"><div data-testid="product-image" class="css-16dr4ly"><img alt="No Name Shredded Nacho Cheese Blend 900 g, $1.67/100g" src="https://assets.shop.loblaws.ca/products/20142980/b3/en/front/20142980_front_a06_@2.png" srcset="https://assets.shop.loblaws.ca/products/20142980/b3/en/front/20142980_front_a06_@2.png 1x, https://assets.shop.loblaws.ca/products/20142980/b3/en/front/20142980_front_a06_@2.png 2x" loading="lazy" class="chakra-image css-oguq8l" aria-hidden="true"></div><div class="css-qoklea"><div class="css-12dchmx"></div><div data-testid="price-product-tile" class="css-8atqhb"><p class="chakra-text css-0"><span class="chakra-text css-pwnbcb" data-testid="regular-price"><span class="css-idkz9h">$14.99</span>$14.99</span></p></div><a href="/shredded-nacho-cheese-blend/p/20142980_EA?source=nspt" class="chakra-linkbox__overlay css-1hnz6hu"><div class="css-0"><p class="chakra-text css-1ecdp9w" data-testid="product-brand">No Name</p><h3 class="chakra-heading css-6qrhwc" id="20142980_EA" data-testid="product-title">Shredded Nacho Cheese Blend</h3><p class="chakra-text css-1yftjin" data-testid="product-package-size">900 g, $1.67/100g</p></div></a><div class="css-8keand"></div></div><div class="css-1q5omjq"><div class="css-fcebb8"><div data-testid="atc-compact" class="css-y94ivq" style="width: 45px;"><button type="button" class="chakra-button css-mudsm6" data-testid="atc-button"><svg stroke="currentColor" fill="currentColor" stroke-width="0" viewBox="0 0 24 24" focusable="false" class="chakra-icon css-1g3sp7a" data-testid="btn-icon" aria-hidden="true" height="1em" width="1em" xmlns="http://www.w3.org/2000/svg"><path d="M19 13h-6v6h-2v-6H5v-2h6V5h2v6h6v2z"></path></svg><span class="css-idkz9h">Add Shredded Nacho Cheese Blend to cart</span></button></div></div></div></div></div></div><div class="css-0"><div class="css-f5i5wc"><div class="chakra-linkbox css-vhnn8v"><div data-testid="product-image" class="css-16dr4ly"><img alt="Gay Lea Nordica On-The-Go Cottage Cheese, Plain 4x113.0 g, $1.33/100g" src="https://assets.shop.loblaws.ca/products/20317107002/b3/en/front/20317107002_front_a06_@2.png" srcset="https://assets.shop.loblaws.ca/products/20317107002/b3/en/front/20317107002_front_a06_@2.png 1x, https://assets.shop.loblaws.ca/products/20317107002/b3/en/front/20317107002_front_a06_@2.png 2x" loading="lazy" class="chakra-image css-oguq8l" aria-hidden="true"></div><div class="css-qoklea"><div class="css-12dchmx"></div><div data-testid="price-product-tile" class="css-8atqhb"><p class="chakra-text css-0"><span class="chakra-text css-pwnbcb" data-testid="regular-price"><span class="css-idkz9h">$5.99</span>$5.99</span></p></div><a href="/nordica-on-the-go-cottage-cheese-plain/p/20317107002_EA?source=nspt" class="chakra-linkbox__overlay css-1hnz6hu"><div class="css-0"><p class="chakra-text css-1ecdp9w" data-testid="product-brand">Gay Lea</p><h3 class="chakra-heading css-6qrhwc" id="20317107002_EA" data-testid="product-title">Nordica On-The-Go Cottage Cheese, Plain</h3><p class="chakra-text css-1yftjin" data-testid="product-package-size">4x113.0 g, $1.33/100g</p></div></a><div class="css-8keand"></div></div><div class="css-1q5omjq"><div class="css-fcebb8"><div data-testid="atc-compact" class="css-y94ivq" style="width: 45px;"><button type="button" class="chakra-button css-mudsm6" data-testid="atc-button"><svg stroke="currentColor" fill="currentColor" stroke-width="0" viewBox="0 0 24 24" focusable="false" class="chakra-icon css-1g3sp7a" data-testid="btn-icon" aria-hidden="true" height="1em" width="1em" xmlns="http://www.w3.org/2000/svg"><path d="M19 13h-6v6h-2v-6H5v-2h6V5h2v6h6v2z"></path></svg><span class="css-idkz9h">Add Nordica On-The-Go Cottage Cheese, Plain to cart</span></button></div></div></div></div></div></div><div class="css-0"><div class="css-f5i5wc"><div class="chakra-linkbox css-vhnn8v"><div data-testid="product-image" class="css-16dr4ly"><img alt="No Name Pasteurized Light Cream Cheese Spread 250 g, $1.20/100g" src="https://assets.shop.loblaws.ca/products/20308105002/b3/en/front/20308105002_front_a06_@2.png" srcset="https://assets.shop.loblaws.ca/products/20308105002/b3/en/front/20308105002_front_a06_@2.png 1x, https://assets.shop.loblaws.ca/products/20308105002/b3/en/front/20308105002_front_a06_@2.png 2x" loading="lazy" class="chakra-image css-oguq8l" aria-hidden="true"></div><div class="css-qoklea"><div class="css-12dchmx"></div><div data-testid="price-product-tile" class="css-8atqhb"><p class="chakra-text css-0"><span class="chakra-text css-pwnbcb" data-testid="regular-price"><span class="css-idkz9h">$3.00</span>$3.00</span></p></div><a href="/pasteurized-light-cream-cheese-spread/p/20308105002_EA?source=nspt" class="chakra-linkbox__overlay css-1hnz6hu"><div class="css-0"><p class="chakra-text css-1ecdp9w" data-testid="product-brand">No Name</p><h3 class="chakra-heading css-6qrhwc" id="20308105002_EA" data-testid="product-title">Pasteurized Light Cream Cheese Spread</h3><p class="chakra-text css-1yftjin" data-testid="product-package-size">250 g, $1.20/100g</p></div></a><div class="css-8keand"></div></div><div class="css-1q5omjq"><div class="css-fcebb8"><div data-testid="atc-compact" class="css-y94ivq" style="width: 45px;"><button type="button" class="chakra-button css-mudsm6" data-testid="atc-button"><svg stroke="currentColor" fill="currentColor" stroke-width="0" viewBox="0 0 24 24" focusable="false" class="chakra-icon css-1g3sp7a" data-testid="btn-icon" aria-hidden="true" height="1em" width="1em" xmlns="http://www.w3.org/2000/svg"><path d="M19 13h-6v6h-2v-6H5v-2h6V5h2v6h6v2z"></path></svg><span class="css-idkz9h">Add Pasteurized Light Cream Cheese Spread to cart</span></button></div></div></div></div></div></div><div class="css-0"><div class="css-f5i5wc"><div class="chakra-linkbox css-vhnn8v"><div data-testid="product-image" class="css-16dr4ly"><img alt="PC Organics Organic Cheese, Marble Cheddar 200 g, $3.50/100g" src="https://assets.shop.loblaws.ca/products/20320775001/b3/en/front/20320775001_front_a06_@2.png" srcset="https://assets.shop.loblaws.ca/products/20320775001/b3/en/front/20320775001_front_a06_@2.png 1x, https://assets.shop.loblaws.ca/products/20320775001/b3/en/front/20320775001_front_a06_@2.png 2x" loading="lazy" class="chakra-image css-oguq8l" aria-hidden="true"></div><div class="css-qoklea"><div class="css-12dchmx"></div><div data-testid="price-product-tile" class="css-8atqhb"><p class="chakra-text css-0"><span class="chakra-text css-pwnbcb" data-testid="regular-price"><span class="css-idkz9h">$6.99</span>$6.99</span></p></div><a href="/organic-cheese-marble-cheddar/p/20320775001_EA?source=nspt" class="chakra-linkbox__overlay css-1hnz6hu"><div class="css-0"><p class="chakra-text css-1ecdp9w" data-testid="product-brand">PC Organics</p><h3 class="chakra-heading css-6qrhwc" id="20320775001_EA" data-testid="product-title">Organic Cheese, Marble Cheddar</h3><p class="chakra-text css-1yftjin" data-testid="product-package-size">200 g, $3.50/100g</p></div></a><div class="css-8keand"></div></div><div class="css-1q5omjq"><div class="css-fcebb8"><div data-testid="atc-compact" class="css-y94ivq" style="width: 45px;"><button type="button" class="chakra-button css-mudsm6" data-testid="atc-button"><svg stroke="currentColor" fill="currentColor" stroke-width="0" viewBox="0 0 24 24" focusable="false" class="chakra-icon css-1g3sp7a" data-testid="btn-icon" aria-hidden="true" height="1em" width="1em" xmlns="http://www.w3.org/2000/svg"><path d="M19 13h-6v6h-2v-6H5v-2h6V5h2v6h6v2z"></path></svg><span class="css-idkz9h">Add Organic Cheese, Marble Cheddar to cart</span></button></div></div></div></div></div></div><div class="css-0"><div class="css-f5i5wc"><div class="chakra-linkbox css-vhnn8v"><div data-testid="product-image" class="css-16dr4ly"><img alt="Cracker Barrel Mozzarella cheddar Shredded Cheese 320 g, $1.81/100g" src="https://assets.shop.loblaws.ca/products/21290620/b3/en/front/21290620_front_a06_@2.png" srcset="https://assets.shop.loblaws.ca/products/21290620/b3/en/front/21290620_front_a06_@2.png 1x, https://assets.shop.loblaws.ca/products/21290620/b3/en/front/21290620_front_a06_@2.png 2x" loading="lazy" class="chakra-image css-oguq8l" aria-hidden="true"></div><div class="css-qoklea"><div class="css-12dchmx"></div><div data-testid="price-product-tile" class="css-8atqhb"><p class="chakra-text css-0"><span class="chakra-text css-o93gbd" data-testid="sale-price"><span class="css-idkz9h">$5.79</span>$5.79</span><span class="chakra-text css-623q5h" data-testid="was-price"><span class="css-idkz9h">$7.49</span>$7.49</span></p><p class="chakra-text css-1m5a6y8" data-testid="price-descriptor">SAVE $1.70</p></div><a href="/mozzarella-cheddar-shredded-cheese/p/21290620_EA?source=nspt" class="chakra-linkbox__overlay css-1hnz6hu"><div class="css-0"><p class="chakra-text css-1ecdp9w" data-testid="product-brand">Cracker Barrel</p><h3 class="chakra-heading css-6qrhwc" id="21290620_EA" data-testid="product-title">Mozzarella cheddar Shredded Cheese</h3><p class="chakra-text css-1yftjin" data-testid="product-package-size">320 g, $1.81/100g</p></div></a><div class="css-8keand"></div></div><div class="css-1q5omjq"><div class="css-fcebb8"><div data-testid="atc-compact" class="css-y94ivq" style="width: 45px;"><button type="button" class="chakra-button css-mudsm6" data-testid="atc-button"><svg stroke="currentColor" fill="currentColor" stroke-width="0" viewBox="0 0 24 24" focusable="false" class="chakra-icon css-1g3sp7a" data-testid="btn-icon" aria-hidden="true" height="1em" width="1em" xmlns="http://www.w3.org/2000/svg"><path d="M19 13h-6v6h-2v-6H5v-2h6V5h2v6h6v2z"></path></svg><span class="css-idkz9h">Add Mozzarella cheddar Shredded Cheese to cart</span></button></div></div><div class="css-4saf4a"><p class="chakra-text css-py8788" data-testid="inventory-badge-text">Low Stock</p></div></div></div></div></div><div class="css-0"><div class="css-f5i5wc"><div class="chakra-linkbox css-vhnn8v"><div data-testid="product-image" class="css-16dr4ly"><img alt="President's Choice Lactose Free Old Yellow Cheddar Cheese 400 g, $1.45/100g" src="https://assets.shop.loblaws.ca/products/21289645/b3/en/front/21289645_front_a06_@2.png" srcset="https://assets.shop.loblaws.ca/products/21289645/b3/en/front/21289645_front_a06_@2.png 1x, https://assets.shop.loblaws.ca/products/21289645/b3/en/front/21289645_front_a06_@2.png 2x" loading="lazy" class="chakra-image css-oguq8l" aria-hidden="true"></div><div class="css-qoklea"><div class="css-12dchmx"></div><div data-testid="price-product-tile" class="css-8atqhb"><p class="chakra-text css-0"><span class="chakra-text css-o93gbd" data-testid="sale-price"><span class="css-idkz9h">$5.79</span>$5.79</span><span class="chakra-text css-623q5h" data-testid="was-price"><span class="css-idkz9h">$6.49</span>$6.49</span></p><p class="chakra-text css-1m5a6y8" data-testid="price-descriptor">SAVE $0.70</p></div><a href="/lactose-free-old-yellow-cheddar-cheese/p/21289645_EA?source=nspt" class="chakra-linkbox__overlay css-1hnz6hu"><div class="css-0"><p class="chakra-text css-1ecdp9w" data-testid="product-brand">President's Choice</p><h3 class="chakra-heading css-6qrhwc" id="21289645_EA" data-testid="product-title">Lactose Free Old Yellow Cheddar Cheese</h3><p class="chakra-text css-1yftjin" data-testid="product-package-size">400 g, $1.45/100g</p></div></a><div class="css-8keand"></div></div><div class="css-1q5omjq"><div class="css-fcebb8"><div data-testid="atc-compact" class="css-y94ivq" style="width: 45px;"><button type="button" class="chakra-button css-mudsm6" data-testid="atc-button"><svg stroke="currentColor" fill="currentColor" stroke-width="0" viewBox="0 0 24 24" focusable="false" class="chakra-icon css-1g3sp7a" data-testid="btn-icon" aria-hidden="true" height="1em" width="1em" xmlns="http://www.w3.org/2000/svg"><path d="M19 13h-6v6h-2v-6H5v-2h6V5h2v6h6v2z"></path></svg><span class="css-idkz9h">Add Lactose Free Old Yellow Cheddar Cheese to cart</span></button></div></div></div></div></div></div><div class="css-0"><div class="css-f5i5wc"><div class="chakra-linkbox css-vhnn8v"><div data-testid="product-image" class="css-16dr4ly"><img alt="Kraft Shredded Cheese Parmesan 27% M.F. 0.2 kg, $5.00/100g" src="https://assets.shop.loblaws.ca/products/21529152/b3/en/front/21529152_front_a06_@2.png" srcset="https://assets.shop.loblaws.ca/products/21529152/b3/en/front/21529152_front_a06_@2.png 1x, https://assets.shop.loblaws.ca/products/21529152/b3/en/front/21529152_front_a06_@2.png 2x" loading="lazy" class="chakra-image css-oguq8l" aria-hidden="true"></div><div class="css-qoklea"><div class="css-12dchmx"></div><div data-testid="price-product-tile" class="css-8atqhb"><p class="chakra-text css-0"><span class="chakra-text css-pwnbcb" data-testid="regular-price"><span class="css-idkz9h">$9.99</span>$9.99</span></p></div><a href="/shredded-cheese-parmesan-27-m-f/p/21529152_EA?source=nspt" class="chakra-linkbox__overlay css-1hnz6hu"><div class="css-0"><p class="chakra-text css-1ecdp9w" data-testid="product-brand">Kraft</p><h3 class="chakra-heading css-6qrhwc" id="21529152_EA" data-testid="product-title">Shredded Cheese Parmesan 27% M.F.</h3><p class="chakra-text css-1yftjin" data-testid="product-package-size">0.2 kg, $5.00/100g</p></div></a><div class="css-8keand"></div></div><div class="css-1q5omjq"><div class="css-fcebb8"><div data-testid="atc-compact" class="css-y94ivq" style="width: 45px;"><button type="button" class="chakra-button css-mudsm6" data-testid="atc-button"><svg stroke="currentColor" fill="currentColor" stroke-width="0" viewBox="0 0 24 24" focusable="false" class="chakra-icon css-1g3sp7a" data-testid="btn-icon" aria-hidden="true" height="1em" width="1em" xmlns="http://www.w3.org/2000/svg"><path d="M19 13h-6v6h-2v-6H5v-2h6V5h2v6h6v2z"></path></svg><span class="css-idkz9h">Add Shredded Cheese Parmesan 27% M.F. to cart</span></button></div></div></div></div></div></div><div class="css-0"><div class="css-f5i5wc"><div class="chakra-linkbox css-vhnn8v"><div data-testid="product-image" class="css-16dr4ly"><img alt="Black Diamond Medium cheddar natural cheese sticks, 12 units 252 g, $2.97/100g" src="https://assets.shop.loblaws.ca/products/20986479/b3/en/front/20986479_front_a06_@2.png" srcset="https://assets.shop.loblaws.ca/products/20986479/b3/en/front/20986479_front_a06_@2.png 1x, https://assets.shop.loblaws.ca/products/20986479/b3/en/front/20986479_front_a06_@2.png 2x" loading="lazy" class="chakra-image css-oguq8l" aria-hidden="true"></div><div class="css-qoklea"><div class="css-12dchmx"></div><div data-testid="price-product-tile" class="css-8atqhb"><p class="chakra-text css-0"><span class="chakra-text css-pwnbcb" data-testid="regular-price"><span class="css-idkz9h">$7.49</span>$7.49</span></p></div><a href="/medium-cheddar-natural-cheese-sticks-12-units/p/20986479_EA?source=nspt" class="chakra-linkbox__overlay css-1hnz6hu"><div class="css-0"><p class="chakra-text css-1ecdp9w" data-testid="product-brand">Black Diamond</p><h3 class="chakra-heading css-6qrhwc" id="20986479_EA" data-testid="product-title">Medium cheddar natural cheese sticks, 12 units</h3><p class="chakra-text css-1yftjin" data-testid="product-package-size">252 g, $2.97/100g</p></div></a><div class="css-8keand"></div></div><div class="css-1q5omjq"><div class="css-fcebb8"><div data-testid="atc-compact" class="css-y94ivq" style="width: 45px;"><button type="button" class="chakra-button css-mudsm6" data-testid="atc-button"><svg stroke="currentColor" fill="currentColor" stroke-width="0" viewBox="0 0 24 24" focusable="false" class="chakra-icon css-1g3sp7a" data-testid="btn-icon" aria-hidden="true" height="1em" width="1em" xmlns="http://www.w3.org/2000/svg"><path d="M19 13h-6v6h-2v-6H5v-2h6V5h2v6h6v2z"></path></svg><span class="css-idkz9h">Add Medium cheddar natural cheese sticks, 12 units to cart</span></button></div></div></div></div></div></div><div class="css-0"><div class="css-f5i5wc"><div class="chakra-linkbox css-vhnn8v"><div data-testid="product-image" class="css-16dr4ly"><img alt="Philadelphia Light Cream Cheese 450 g, $1.78/100g" src="https://assets.shop.loblaws.ca/products/20866923002/b3/en/front/20866923002_front_a06_@2.png" srcset="https://assets.shop.loblaws.ca/products/20866923002/b3/en/front/20866923002_front_a06_@2.png 1x, https://assets.shop.loblaws.ca/products/20866923002/b3/en/front/20866923002_front_a06_@2.png 2x" loading="lazy" class="chakra-image css-oguq8l" aria-hidden="true"></div><div class="css-qoklea"><div class="css-12dchmx"></div><div data-testid="price-product-tile" class="css-8atqhb"><p class="chakra-text css-0"><span class="chakra-text css-pwnbcb" data-testid="regular-price"><span class="css-idkz9h">$7.99</span>$7.99</span></p></div><a href="/light-cream-cheese/p/20866923002_EA?source=nspt" class="chakra-linkbox__overlay css-1hnz6hu"><div class="css-0"><p class="chakra-text css-1ecdp9w" data-testid="product-brand">Philadelphia</p><h3 class="chakra-heading css-6qrhwc" id="20866923002_EA" data-testid="product-title">Light Cream Cheese</h3><p class="chakra-text css-1yftjin" data-testid="product-package-size">450 g, $1.78/100g</p></div></a><div class="css-8keand"></div></div><div class="css-1q5omjq"><div class="css-fcebb8"><div data-testid="atc-compact" class="css-y94ivq" style="width: 45px;"><button type="button" class="chakra-button css-mudsm6" data-testid="atc-button"><svg stroke="currentColor" fill="currentColor" stroke-width="0" viewBox="0 0 24 24" focusable="false" class="chakra-icon css-1g3sp7a" data-testid="btn-icon" aria-hidden="true" height="1em" width="1em" xmlns="http://www.w3.org/2000/svg"><path d="M19 13h-6v6h-2v-6H5v-2h6V5h2v6h6v2z"></path></svg><span class="css-idkz9h">Add Light Cream Cheese to cart</span></button></div></div></div></div></div></div><div class="css-0"><div class="css-f5i5wc"><div class="chakra-linkbox css-vhnn8v"><div data-testid="product-image" class="css-16dr4ly"><img alt="President's Choice Cheddar Cheese with Habanero 400 g, $1.45/100g" src="https://assets.shop.loblaws.ca/products/21289756/b3/en/front/21289756_front_a06_@2.png" srcset="https://assets.shop.loblaws.ca/products/21289756/b3/en/front/21289756_front_a06_@2.png 1x, https://assets.shop.loblaws.ca/products/21289756/b3/en/front/21289756_front_a06_@2.png 2x" loading="lazy" class="chakra-image css-oguq8l" aria-hidden="true"></div><div class="css-qoklea"><div class="css-12dchmx"></div><div data-testid="price-product-tile" class="css-8atqhb"><p class="chakra-text css-0"><span class="chakra-text css-o93gbd" data-testid="sale-price"><span class="css-idkz9h">$5.79</span>$5.79</span><span class="chakra-text css-623q5h" data-testid="was-price"><span class="css-idkz9h">$6.49</span>$6.49</span></p><p class="chakra-text css-1m5a6y8" data-testid="price-descriptor">SAVE $0.70</p></div><a href="/cheddar-cheese-with-habanero/p/21289756_EA?source=nspt" class="chakra-linkbox__overlay css-1hnz6hu"><div class="css-0"><p class="chakra-text css-1ecdp9w" data-testid="product-brand">President's Choice</p><h3 class="chakra-heading css-6qrhwc" id="21289756_EA" data-testid="product-title">Cheddar Cheese with Habanero</h3><p class="chakra-text css-1yftjin" data-testid="product-package-size">400 g, $1.45/100g</p></div></a><div class="css-8keand"></div></div><div class="css-1q5omjq"><div class="css-fcebb8"><div data-testid="atc-compact" class="css-y94ivq" style="width: 45px;"><button type="button" class="chakra-button css-mudsm6" data-testid="atc-button"><svg stroke="currentColor" fill="currentColor" stroke-width="0" viewBox="0 0 24 24" focusable="false" class="chakra-icon css-1g3sp7a" data-testid="btn-icon" aria-hidden="true" height="1em" width="1em" xmlns="http://www.w3.org/2000/svg"><path d="M19 13h-6v6h-2v-6H5v-2h6V5h2v6h6v2z"></path></svg><span class="css-idkz9h">Add Cheddar Cheese with Habanero to cart</span></button></div></div></div></div></div></div><div class="css-0"><div class="css-f5i5wc"><div class="chakra-linkbox css-vhnn8v"><div data-testid="product-image" class="css-16dr4ly"><img alt="No Name Marble Cheddar Cheese Light 400 g, $1.38/100g" src="https://assets.shop.loblaws.ca/products/21289734/b3/en/front/21289734_front_a06_@2.png" srcset="https://assets.shop.loblaws.ca/products/21289734/b3/en/front/21289734_front_a06_@2.png 1x, https://assets.shop.loblaws.ca/products/21289734/b3/en/front/21289734_front_a06_@2.png 2x" loading="lazy" class="chakra-image css-oguq8l" aria-hidden="true"></div><div class="css-qoklea"><div class="css-12dchmx"></div><div data-testid="price-product-tile" class="css-8atqhb"><p class="chakra-text css-0"><span class="chakra-text css-pwnbcb" data-testid="regular-price"><span class="css-idkz9h">$5.50</span>$5.50</span></p></div><a href="/marble-cheddar-cheese-light/p/21289734_EA?source=nspt" class="chakra-linkbox__overlay css-1hnz6hu"><div class="css-0"><p class="chakra-text css-1ecdp9w" data-testid="product-brand">No Name</p><h3 class="chakra-heading css-6qrhwc" id="21289734_EA" data-testid="product-title">Marble Cheddar Cheese Light</h3><p class="chakra-text css-1yftjin" data-testid="product-package-size">400 g, $1.38/100g</p></div></a><div class="css-8keand"></div></div><div class="css-1q5omjq"><div class="css-fcebb8"><div data-testid="atc-compact" class="css-y94ivq" style="width: 45px;"><button type="button" class="chakra-button css-mudsm6" data-testid="atc-button"><svg stroke="currentColor" fill="currentColor" stroke-width="0" viewBox="0 0 24 24" focusable="false" class="chakra-icon css-1g3sp7a" data-testid="btn-icon" aria-hidden="true" height="1em" width="1em" xmlns="http://www.w3.org/2000/svg"><path d="M19 13h-6v6h-2v-6H5v-2h6V5h2v6h6v2z"></path></svg><span class="css-idkz9h">Add Marble Cheddar Cheese Light to cart</span></button></div></div></div></div></div></div><div class="css-0"><div class="css-f5i5wc"><div class="chakra-linkbox css-vhnn8v"><div data-testid="product-image" class="css-16dr4ly"><img alt="No Name Light Cream Cheese Spread, Original 450 g, $1.29/100g" src="https://assets.shop.loblaws.ca/products/21397192/b3/en/front/21397192_front_a06_@2.png" srcset="https://assets.shop.loblaws.ca/products/21397192/b3/en/front/21397192_front_a06_@2.png 1x, https://assets.shop.loblaws.ca/products/21397192/b3/en/front/21397192_front_a06_@2.png 2x" loading="lazy" class="chakra-image css-oguq8l" aria-hidden="true"></div><div class="css-qoklea"><div class="css-12dchmx"></div><div data-testid="price-product-tile" class="css-8atqhb"><p class="chakra-text css-0"><span class="chakra-text css-pwnbcb" data-testid="regular-price"><span class="css-idkz9h">$5.79</span>$5.79</span></p></div><a href="/light-cream-cheese-spread-original/p/21397192_EA?source=nspt" class="chakra-linkbox__overlay css-1hnz6hu"><div class="css-0"><p class="chakra-text css-1ecdp9w" data-testid="product-brand">No Name</p><h3 class="chakra-heading css-6qrhwc" id="21397192_EA" data-testid="product-title">Light Cream Cheese Spread, Original</h3><p class="chakra-text css-1yftjin" data-testid="product-package-size">450 g, $1.29/100g</p></div></a><div class="css-8keand"></div></div><div class="css-1q5omjq"><div class="css-fcebb8"><div data-testid="atc-compact" class="css-y94ivq" style="width: 45px;"><button type="button" class="chakra-button css-mudsm6" data-testid="atc-button"><svg stroke="currentColor" fill="currentColor" stroke-width="0" viewBox="0 0 24 24" focusable="false" class="chakra-icon css-1g3sp7a" data-testid="btn-icon" aria-hidden="true" height="1em" width="1em" xmlns="http://www.w3.org/2000/svg"><path d="M19 13h-6v6h-2v-6H5v-2h6V5h2v6h6v2z"></path></svg><span class="css-idkz9h">Add Light Cream Cheese Spread, Original to cart</span></button></div></div></div></div></div></div><div class="css-0"><div class="css-f5i5wc"><div class="chakra-linkbox css-vhnn8v"><div data-testid="product-image" class="css-16dr4ly"><img alt="Armstrong Shredded Natural Cheese Pizza Mozzarella 320 g, $2.18/100g" src="https://assets.shop.loblaws.ca/products/21286208/b3/en/front/21286208_front_a06_@2.png" srcset="https://assets.shop.loblaws.ca/products/21286208/b3/en/front/21286208_front_a06_@2.png 1x, https://assets.shop.loblaws.ca/products/21286208/b3/en/front/21286208_front_a06_@2.png 2x" loading="lazy" class="chakra-image css-oguq8l" aria-hidden="true"></div><div class="css-qoklea"><div class="css-12dchmx"></div><div data-testid="price-product-tile" class="css-8atqhb"><p class="chakra-text css-0"><span class="chakra-text css-pwnbcb" data-testid="regular-price"><span class="css-idkz9h">$6.99</span>$6.99</span></p></div><a href="/shredded-natural-cheese-pizza-mozzarella/p/21286208_EA?source=nspt" class="chakra-linkbox__overlay css-1hnz6hu"><div class="css-0"><p class="chakra-text css-1ecdp9w" data-testid="product-brand">Armstrong</p><h3 class="chakra-heading css-6qrhwc" id="21286208_EA" data-testid="product-title">Shredded Natural Cheese Pizza Mozzarella</h3><p class="chakra-text css-1yftjin" data-testid="product-package-size">320 g, $2.18/100g</p></div></a><div class="css-8keand"></div></div><div class="css-1q5omjq"><div class="css-fcebb8"><div data-testid="atc-compact" class="css-y94ivq" style="width: 45px;"><button type="button" class="chakra-button css-mudsm6" data-testid="atc-button"><svg stroke="currentColor" fill="currentColor" stroke-width="0" viewBox="0 0 24 24" focusable="false" class="chakra-icon css-1g3sp7a" data-testid="btn-icon" aria-hidden="true" height="1em" width="1em" xmlns="http://www.w3.org/2000/svg"><path d="M19 13h-6v6h-2v-6H5v-2h6V5h2v6h6v2z"></path></svg><span class="css-idkz9h">Add Shredded Natural Cheese Pizza Mozzarella to cart</span></button></div></div></div></div></div></div><div class="css-0"><div class="css-f5i5wc"><div class="chakra-linkbox css-vhnn8v"><div data-testid="product-image" class="css-16dr4ly"><img alt="No Name Old Cheddar Cheese Slices  210 g, $2.14/100g" src="https://assets.shop.loblaws.ca/products/20742858/b3/en/front/20742858_front_a06_@2.png" srcset="https://assets.shop.loblaws.ca/products/20742858/b3/en/front/20742858_front_a06_@2.png 1x, https://assets.shop.loblaws.ca/products/20742858/b3/en/front/20742858_front_a06_@2.png 2x" loading="lazy" class="chakra-image css-oguq8l" aria-hidden="true"></div><div class="css-qoklea"><div class="css-12dchmx"></div><div data-testid="price-product-tile" class="css-8atqhb"><p class="chakra-text css-0"><span class="chakra-text css-pwnbcb" data-testid="regular-price"><span class="css-idkz9h">$4.50</span>$4.50</span></p></div><a href="/old-cheddar-cheese-slices/p/20742858_EA?source=nspt" class="chakra-linkbox__overlay css-1hnz6hu"><div class="css-0"><p class="chakra-text css-1ecdp9w" data-testid="product-brand">No Name</p><h3 class="chakra-heading css-6qrhwc" id="20742858_EA" data-testid="product-title">Old Cheddar Cheese Slices </h3><p class="chakra-text css-1yftjin" data-testid="product-package-size">210 g, $2.14/100g</p></div></a><div class="css-8keand"></div></div><div class="css-1q5omjq"><div class="css-fcebb8"><div data-testid="atc-compact" class="css-y94ivq" style="width: 45px;"><button type="button" class="chakra-button css-mudsm6" data-testid="atc-button"><svg stroke="currentColor" fill="currentColor" stroke-width="0" viewBox="0 0 24 24" focusable="false" class="chakra-icon css-1g3sp7a" data-testid="btn-icon" aria-hidden="true" height="1em" width="1em" xmlns="http://www.w3.org/2000/svg"><path d="M19 13h-6v6h-2v-6H5v-2h6V5h2v6h6v2z"></path></svg><span class="css-idkz9h">Add Old Cheddar Cheese Slices  to cart</span></button></div></div></div></div></div></div><div class="css-0"><div class="css-f5i5wc"><div class="chakra-linkbox css-vhnn8v"><div data-testid="product-image" class="css-16dr4ly"><img alt="No Name Old Cheddar Cheese 200 g, $1.80/100g" src="https://assets.shop.loblaws.ca/products/20305854/b3/en/front/20305854_front_a06_@2.png" srcset="https://assets.shop.loblaws.ca/products/20305854/b3/en/front/20305854_front_a06_@2.png 1x, https://assets.shop.loblaws.ca/products/20305854/b3/en/front/20305854_front_a06_@2.png 2x" loading="lazy" class="chakra-image css-oguq8l" aria-hidden="true"></div><div class="css-qoklea"><div class="css-12dchmx"></div><div data-testid="price-product-tile" class="css-8atqhb"><p class="chakra-text css-0"><span class="chakra-text css-pwnbcb" data-testid="regular-price"><span class="css-idkz9h">$3.59</span>$3.59</span></p></div><a href="/old-cheddar-cheese/p/20305854_EA?source=nspt" class="chakra-linkbox__overlay css-1hnz6hu"><div class="css-0"><p class="chakra-text css-1ecdp9w" data-testid="product-brand">No Name</p><h3 class="chakra-heading css-6qrhwc" id="20305854_EA" data-testid="product-title">Old Cheddar Cheese</h3><p class="chakra-text css-1yftjin" data-testid="product-package-size">200 g, $1.80/100g</p></div></a><div class="css-8keand"></div></div><div class="css-1q5omjq"><div class="css-fcebb8"><div data-testid="atc-compact" class="css-y94ivq" style="width: 45px;"><button type="button" class="chakra-button css-mudsm6" data-testid="atc-button"><svg stroke="currentColor" fill="currentColor" stroke-width="0" viewBox="0 0 24 24" focusable="false" class="chakra-icon css-1g3sp7a" data-testid="btn-icon" aria-hidden="true" height="1em" width="1em" xmlns="http://www.w3.org/2000/svg"><path d="M19 13h-6v6h-2v-6H5v-2h6V5h2v6h6v2z"></path></svg><span class="css-idkz9h">Add Old Cheddar Cheese to cart</span></button></div></div></div></div></div></div><div class="css-0"><div class="css-f5i5wc"><div class="chakra-linkbox css-vhnn8v"><div data-testid="product-image" class="css-16dr4ly"><img alt="Portuguese Cheese Fresh Cow Cheese 500 g, $1.76/100g" src="https://assets.shop.loblaws.ca/products/20075967/b3/en/front/20075967_front_a06_@2.png" srcset="https://assets.shop.loblaws.ca/products/20075967/b3/en/front/20075967_front_a06_@2.png 1x, https://assets.shop.loblaws.ca/products/20075967/b3/en/front/20075967_front_a06_@2.png 2x" loading="lazy" class="chakra-image css-oguq8l" aria-hidden="true"></div><div class="css-qoklea"><div class="css-12dchmx"></div><div data-testid="price-product-tile" class="css-8atqhb"><p class="chakra-text css-0"><span class="chakra-text css-pwnbcb" data-testid="regular-price"><span class="css-idkz9h">$8.79</span>$8.79</span></p></div><a href="/fresh-cow-cheese/p/20075967_EA?source=nspt" class="chakra-linkbox__overlay css-1hnz6hu"><div class="css-0"><p class="chakra-text css-1ecdp9w" data-testid="product-brand">Portuguese Cheese</p><h3 class="chakra-heading css-6qrhwc" id="20075967_EA" data-testid="product-title">Fresh Cow Cheese</h3><p class="chakra-text css-1yftjin" data-testid="product-package-size">500 g, $1.76/100g</p></div></a><div class="css-8keand"></div></div><div class="css-1q5omjq"><div class="css-fcebb8"><div data-testid="atc-compact" class="css-y94ivq" style="width: 45px;"><button disabled="" type="button" class="chakra-button css-mudsm6" data-testid="atc-button"><svg stroke="currentColor" fill="currentColor" stroke-width="0" viewBox="0 0 24 24" focusable="false" class="chakra-icon css-1g3sp7a" data-testid="btn-icon" aria-hidden="true" height="1em" width="1em" xmlns="http://www.w3.org/2000/svg"><path d="M19 13h-6v6h-2v-6H5v-2h6V5h2v6h6v2z"></path></svg><span class="css-idkz9h">Add Fresh Cow Cheese to cart</span></button></div></div><div class="css-4saf4a"><p class="chakra-text css-py8788" data-testid="inventory-badge-text">Out of Stock</p></div></div></div></div></div><div class="css-0"><div class="css-f5i5wc"><div class="chakra-linkbox css-vhnn8v"><div data-testid="product-image" class="css-16dr4ly"><img alt="St. Jorge Topo Cheese $44.90/1kg $20.37/1lb" src="https://assets.shop.loblaws.ca/products/20114860/b3/en/front/20114860_front_a06_@2.png" srcset="https://assets.shop.loblaws.ca/products/20114860/b3/en/front/20114860_front_a06_@2.png 1x, https://assets.shop.loblaws.ca/products/20114860/b3/en/front/20114860_front_a06_@2.png 2x" loading="lazy" class="chakra-image css-oguq8l" aria-hidden="true"></div><div class="css-qoklea"><div class="css-12dchmx"></div><div data-testid="price-product-tile" class="css-8atqhb"><p class="chakra-text css-0"><span class="chakra-text css-pwnbcb" data-testid="regular-price"><span class="css-idkz9h">about $13.47</span>about $13.47</span></p></div><a href="/topo-cheese/p/20114860_KG?source=nspt" class="chakra-linkbox__overlay css-1hnz6hu"><div class="css-0"><p class="chakra-text css-1ecdp9w" data-testid="product-brand">St. Jorge</p><h3 class="chakra-heading css-6qrhwc" id="20114860_KG" data-testid="product-title">Topo Cheese</h3><p class="chakra-text css-1yftjin" data-testid="product-package-size">$44.90/1kg $20.37/1lb</p></div></a><div class="css-8keand"></div></div><div class="css-1q5omjq"><div class="css-fcebb8"><div data-testid="atc-compact" class="css-y94ivq" style="width: 45px;"><button type="button" class="chakra-button css-mudsm6" data-testid="atc-button"><svg stroke="currentColor" fill="currentColor" stroke-width="0" viewBox="0 0 24 24" focusable="false" class="chakra-icon css-1g3sp7a" data-testid="btn-icon" aria-hidden="true" height="1em" width="1em" xmlns="http://www.w3.org/2000/svg"><path d="M19 13h-6v6h-2v-6H5v-2h6V5h2v6h6v2z"></path></svg><span class="css-idkz9h">Add Topo Cheese to cart</span></button></div></div></div></div></div></div><div class="css-0"><div class="css-f5i5wc"><div class="chakra-linkbox css-vhnn8v"><div data-testid="product-image" class="css-16dr4ly"><img alt="Portuguese Cheese Serra Semi Soft Cheese $2.19/100g $21.90/1kg" src="https://assets.shop.loblaws.ca/products/20127219/b3/en/front/20127219_front_a06_@2.png" srcset="https://assets.shop.loblaws.ca/products/20127219/b3/en/front/20127219_front_a06_@2.png 1x, https://assets.shop.loblaws.ca/products/20127219/b3/en/front/20127219_front_a06_@2.png 2x" loading="lazy" class="chakra-image css-oguq8l" aria-hidden="true"></div><div class="css-qoklea"><div class="css-12dchmx"></div><div data-testid="price-product-tile" class="css-8atqhb"><p class="chakra-text css-0"><span class="chakra-text css-pwnbcb" data-testid="regular-price"><span class="css-idkz9h">about $10.82</span>about $10.82</span></p></div><a href="/serra-semi-soft-cheese/p/20127219_KG?source=nspt" class="chakra-linkbox__overlay css-1hnz6hu"><div class="css-0"><p class="chakra-text css-1ecdp9w" data-testid="product-brand">Portuguese Cheese</p><h3 class="chakra-heading css-6qrhwc" id="20127219_KG" data-testid="product-title">Serra Semi Soft Cheese</h3><p class="chakra-text css-1yftjin" data-testid="product-package-size">$2.19/100g $21.90/1kg</p></div></a><div class="css-8keand"></div></div><div class="css-1q5omjq"><div class="css-fcebb8"><div data-testid="atc-compact" class="css-y94ivq" style="width: 45px;"><button type="button" class="chakra-button css-mudsm6" data-testid="atc-button"><svg stroke="currentColor" fill="currentColor" stroke-width="0" viewBox="0 0 24 24" focusable="false" class="chakra-icon css-1g3sp7a" data-testid="btn-icon" aria-hidden="true" height="1em" width="1em" xmlns="http://www.w3.org/2000/svg"><path d="M19 13h-6v6h-2v-6H5v-2h6V5h2v6h6v2z"></path></svg><span class="css-idkz9h">Add Serra Semi Soft Cheese to cart</span></button></div></div></div></div></div></div><div class="css-0"><div class="css-f5i5wc"><div class="chakra-linkbox css-vhnn8v"><div data-testid="product-image" class="css-16dr4ly"><img alt="Black Diamond Processed Mozarella Cheese Slices, 22 units 410 g, $0.61/100g" src="https://assets.shop.loblaws.ca/products/21278776/b3/en/front/21278776_front_a06_@2.png" srcset="https://assets.shop.loblaws.ca/products/21278776/b3/en/front/21278776_front_a06_@2.png 1x, https://assets.shop.loblaws.ca/products/21278776/b3/en/front/21278776_front_a06_@2.png 2x" loading="lazy" class="chakra-image css-oguq8l" aria-hidden="true"></div><div class="css-qoklea"><div class="css-12dchmx"></div><div data-testid="price-product-tile" class="css-8atqhb"><p class="chakra-text css-0"><span class="chakra-text css-o93gbd" data-testid="sale-price"><span class="css-idkz9h">$2.49</span>$2.49</span><span class="chakra-text css-623q5h" data-testid="was-price"><span class="css-idkz9h">$3.89</span>$3.89</span></p><p class="chakra-text css-1m5a6y8" data-testid="price-descriptor">SAVE $1.40</p></div><a href="/processed-mozarella-cheese-slices-22-units/p/21278776_EA?source=nspt" class="chakra-linkbox__overlay css-1hnz6hu"><div class="css-0"><p class="chakra-text css-1ecdp9w" data-testid="product-brand">Black Diamond</p><h3 class="chakra-heading css-6qrhwc" id="21278776_EA" data-testid="product-title">Processed Mozarella Cheese Slices, 22 units</h3><p class="chakra-text css-1yftjin" data-testid="product-package-size">410 g, $0.61/100g</p></div></a><div class="css-8keand"></div></div><div class="css-1q5omjq"><div class="css-fcebb8"><div data-testid="atc-compact" class="css-y94ivq" style="width: 45px;"><button type="button" class="chakra-button css-mudsm6" data-testid="atc-button"><svg stroke="currentColor" fill="currentColor" stroke-width="0" viewBox="0 0 24 24" focusable="false" class="chakra-icon css-1g3sp7a" data-testid="btn-icon" aria-hidden="true" height="1em" width="1em" xmlns="http://www.w3.org/2000/svg"><path d="M19 13h-6v6h-2v-6H5v-2h6V5h2v6h6v2z"></path></svg><span class="css-idkz9h">Add Processed Mozarella Cheese Slices, 22 units to cart</span></button></div></div></div></div></div></div><div class="css-0"><div class="css-f5i5wc"><div class="chakra-linkbox css-vhnn8v"><div data-testid="product-image" class="css-16dr4ly"><img alt="No Name Nacho Cheese Blend Shredded Mild Light 20% M.F. 320 g, $1.72/100g" src="https://assets.shop.loblaws.ca/products/21060189/b3/en/front/21060189_front_a06_@2.png" srcset="https://assets.shop.loblaws.ca/products/21060189/b3/en/front/21060189_front_a06_@2.png 1x, https://assets.shop.loblaws.ca/products/21060189/b3/en/front/21060189_front_a06_@2.png 2x" loading="lazy" class="chakra-image css-oguq8l" aria-hidden="true"></div><div class="css-qoklea"><div class="css-12dchmx"></div><div data-testid="price-product-tile" class="css-8atqhb"><p class="chakra-text css-0"><span class="chakra-text css-pwnbcb" data-testid="regular-price"><span class="css-idkz9h">$5.49</span>$5.49</span></p></div><a href="/nacho-cheese-blend-shredded-mild-light-20-m-f/p/21060189_EA?source=nspt" class="chakra-linkbox__overlay css-1hnz6hu"><div class="css-0"><p class="chakra-text css-1ecdp9w" data-testid="product-brand">No Name</p><h3 class="chakra-heading css-6qrhwc" id="21060189_EA" data-testid="product-title">Nacho Cheese Blend Shredded Mild Light 20% M.F.</h3><p class="chakra-text css-1yftjin" data-testid="product-package-size">320 g, $1.72/100g</p></div></a><div class="css-8keand"></div></div><div class="css-1q5omjq"><div class="css-fcebb8"><div data-testid="atc-compact" class="css-y94ivq" style="width: 45px;"><button type="button" class="chakra-button css-mudsm6" data-testid="atc-button"><svg stroke="currentColor" fill="currentColor" stroke-width="0" viewBox="0 0 24 24" focusable="false" class="chakra-icon css-1g3sp7a" data-testid="btn-icon" aria-hidden="true" height="1em" width="1em" xmlns="http://www.w3.org/2000/svg"><path d="M19 13h-6v6h-2v-6H5v-2h6V5h2v6h6v2z"></path></svg><span class="css-idkz9h">Add Nacho Cheese Blend Shredded Mild Light 20% M.F. to cart</span></button></div></div></div></div></div></div><div class="css-0"><div class="css-f5i5wc"><div class="chakra-linkbox css-vhnn8v"><div data-testid="product-image" class="css-16dr4ly"><img alt="Philadelphia Light Herb &amp; Garlic Cream Cheese 227 g, $2.02/100g" src="https://assets.shop.loblaws.ca/products/20866924006/b3/en/front/20866924006_front_a06_@2.png" srcset="https://assets.shop.loblaws.ca/products/20866924006/b3/en/front/20866924006_front_a06_@2.png 1x, https://assets.shop.loblaws.ca/products/20866924006/b3/en/front/20866924006_front_a06_@2.png 2x" loading="lazy" class="chakra-image css-oguq8l" aria-hidden="true"></div><div class="css-qoklea"><div class="css-12dchmx"></div><div data-testid="price-product-tile" class="css-8atqhb"><p class="chakra-text css-0"><span class="chakra-text css-pwnbcb" data-testid="regular-price"><span class="css-idkz9h">$4.59</span>$4.59</span></p></div><a href="/light-herb-garlic-cream-cheese/p/20866924006_EA?source=nspt" class="chakra-linkbox__overlay css-1hnz6hu"><div class="css-0"><p class="chakra-text css-1ecdp9w" data-testid="product-brand">Philadelphia</p><h3 class="chakra-heading css-6qrhwc" id="20866924006_EA" data-testid="product-title">Light Herb &amp; Garlic Cream Cheese</h3><p class="chakra-text css-1yftjin" data-testid="product-package-size">227 g, $2.02/100g</p></div></a><div class="css-8keand"></div></div><div class="css-1q5omjq"><div class="css-fcebb8"><div data-testid="atc-compact" class="css-y94ivq" style="width: 45px;"><button type="button" class="chakra-button css-mudsm6" data-testid="atc-button"><svg stroke="currentColor" fill="currentColor" stroke-width="0" viewBox="0 0 24 24" focusable="false" class="chakra-icon css-1g3sp7a" data-testid="btn-icon" aria-hidden="true" height="1em" width="1em" xmlns="http://www.w3.org/2000/svg"><path d="M19 13h-6v6h-2v-6H5v-2h6V5h2v6h6v2z"></path></svg><span class="css-idkz9h">Add Light Herb &amp; Garlic Cream Cheese to cart</span></button></div></div></div></div></div></div><div class="css-0"><div class="css-f5i5wc"><div class="chakra-linkbox css-vhnn8v"><div data-testid="product-image" class="css-16dr4ly"><img alt="Black Diamond Lactose-Free Marble Cheese Sticks, 9 units 189 g, $3.96/100g" src="https://assets.shop.loblaws.ca/products/21537373/b3/en/front/21537373_front_a06_@2.png" srcset="https://assets.shop.loblaws.ca/products/21537373/b3/en/front/21537373_front_a06_@2.png 1x, https://assets.shop.loblaws.ca/products/21537373/b3/en/front/21537373_front_a06_@2.png 2x" loading="lazy" class="chakra-image css-oguq8l" aria-hidden="true"></div><div class="css-qoklea"><div class="css-12dchmx"></div><div data-testid="price-product-tile" class="css-8atqhb"><p class="chakra-text css-0"><span class="chakra-text css-pwnbcb" data-testid="regular-price"><span class="css-idkz9h">$7.49</span>$7.49</span></p></div><a href="/lactose-free-marble-cheese-sticks-9-units/p/21537373_EA?source=nspt" class="chakra-linkbox__overlay css-1hnz6hu"><div class="css-0"><p class="chakra-text css-1ecdp9w" data-testid="product-brand">Black Diamond</p><h3 class="chakra-heading css-6qrhwc" id="21537373_EA" data-testid="product-title">Lactose-Free Marble Cheese Sticks, 9 units</h3><p class="chakra-text css-1yftjin" data-testid="product-package-size">189 g, $3.96/100g</p></div></a><div class="css-8keand"></div></div><div class="css-1q5omjq"><div class="css-fcebb8"><div data-testid="atc-compact" class="css-y94ivq" style="width: 45px;"><button type="button" class="chakra-button css-mudsm6" data-testid="atc-button"><svg stroke="currentColor" fill="currentColor" stroke-width="0" viewBox="0 0 24 24" focusable="false" class="chakra-icon css-1g3sp7a" data-testid="btn-icon" aria-hidden="true" height="1em" width="1em" xmlns="http://www.w3.org/2000/svg"><path d="M19 13h-6v6h-2v-6H5v-2h6V5h2v6h6v2z"></path></svg><span class="css-idkz9h">Add Lactose-Free Marble Cheese Sticks, 9 units to cart</span></button></div></div></div></div></div></div><div class="css-0"><div class="css-f5i5wc"><div class="chakra-linkbox css-vhnn8v"><div data-testid="product-image" class="css-16dr4ly"><img alt="No Name Cream Cheese Spread  227 g, $1.32/100g" src="https://assets.shop.loblaws.ca/products/21036106/b3/en/front/21036106_front_a06_@2.png" srcset="https://assets.shop.loblaws.ca/products/21036106/b3/en/front/21036106_front_a06_@2.png 1x, https://assets.shop.loblaws.ca/products/21036106/b3/en/front/21036106_front_a06_@2.png 2x" loading="lazy" class="chakra-image css-oguq8l" aria-hidden="true"></div><div class="css-qoklea"><div class="css-12dchmx"></div><div data-testid="price-product-tile" class="css-8atqhb"><p class="chakra-text css-0"><span class="chakra-text css-pwnbcb" data-testid="regular-price"><span class="css-idkz9h">$3.00</span>$3.00</span></p></div><a href="/cream-cheese-spread/p/21036106_EA?source=nspt" class="chakra-linkbox__overlay css-1hnz6hu"><div class="css-0"><p class="chakra-text css-1ecdp9w" data-testid="product-brand">No Name</p><h3 class="chakra-heading css-6qrhwc" id="21036106_EA" data-testid="product-title">Cream Cheese Spread </h3><p class="chakra-text css-1yftjin" data-testid="product-package-size">227 g, $1.32/100g</p></div></a><div class="css-8keand"></div></div><div class="css-1q5omjq"><div class="css-fcebb8"><div data-testid="atc-compact" class="css-y94ivq" style="width: 45px;"><button type="button" class="chakra-button css-mudsm6" data-testid="atc-button"><svg stroke="currentColor" fill="currentColor" stroke-width="0" viewBox="0 0 24 24" focusable="false" class="chakra-icon css-1g3sp7a" data-testid="btn-icon" aria-hidden="true" height="1em" width="1em" xmlns="http://www.w3.org/2000/svg"><path d="M19 13h-6v6h-2v-6H5v-2h6V5h2v6h6v2z"></path></svg><span class="css-idkz9h">Add Cream Cheese Spread  to cart</span></button></div></div></div></div></div></div><div class="css-0"><div class="css-f5i5wc"><div class="chakra-linkbox css-vhnn8v"><div data-testid="product-image" class="css-16dr4ly"><img alt="President's Choice Lactose Free Plain Cream Cheese  250 g, $1.56/100g" src="https://assets.shop.loblaws.ca/products/21184727/b3/en/front/21184727_front_a06_@2.png" srcset="https://assets.shop.loblaws.ca/products/21184727/b3/en/front/21184727_front_a06_@2.png 1x, https://assets.shop.loblaws.ca/products/21184727/b3/en/front/21184727_front_a06_@2.png 2x" loading="lazy" class="chakra-image css-oguq8l" aria-hidden="true"></div><div class="css-qoklea"><div class="css-12dchmx"></div><div data-testid="price-product-tile" class="css-8atqhb"><p class="chakra-text css-0"><span class="chakra-text css-pwnbcb" data-testid="regular-price"><span class="css-idkz9h">$3.89</span>$3.89</span></p></div><a href="/lactose-free-plain-cream-cheese/p/21184727_EA?source=nspt" class="chakra-linkbox__overlay css-1hnz6hu"><div class="css-0"><p class="chakra-text css-1ecdp9w" data-testid="product-brand">President's Choice</p><h3 class="chakra-heading css-6qrhwc" id="21184727_EA" data-testid="product-title">Lactose Free Plain Cream Cheese </h3><p class="chakra-text css-1yftjin" data-testid="product-package-size">250 g, $1.56/100g</p></div></a><div class="css-8keand"></div></div><div class="css-1q5omjq"><div class="css-fcebb8"><div data-testid="atc-compact" class="css-y94ivq" style="width: 45px;"><button type="button" class="chakra-button css-mudsm6" data-testid="atc-button"><svg stroke="currentColor" fill="currentColor" stroke-width="0" viewBox="0 0 24 24" focusable="false" class="chakra-icon css-1g3sp7a" data-testid="btn-icon" aria-hidden="true" height="1em" width="1em" xmlns="http://www.w3.org/2000/svg"><path d="M19 13h-6v6h-2v-6H5v-2h6V5h2v6h6v2z"></path></svg><span class="css-idkz9h">Add Lactose Free Plain Cream Cheese  to cart</span></button></div></div></div></div></div></div><div class="css-0"><div class="css-f5i5wc"><div class="chakra-linkbox css-vhnn8v"><div data-testid="product-image" class="css-16dr4ly"><img alt="Philadelphia Original Cream Cheese Product 450 g, $1.78/100g" src="https://assets.shop.loblaws.ca/products/20866923001/b3/en/front/20866923001_front_a06_@2.png" srcset="https://assets.shop.loblaws.ca/products/20866923001/b3/en/front/20866923001_front_a06_@2.png 1x, https://assets.shop.loblaws.ca/products/20866923001/b3/en/front/20866923001_front_a06_@2.png 2x" loading="lazy" class="chakra-image css-oguq8l" aria-hidden="true"></div><div class="css-qoklea"><div class="css-12dchmx"></div><div data-testid="price-product-tile" class="css-8atqhb"><p class="chakra-text css-0"><span class="chakra-text css-pwnbcb" data-testid="regular-price"><span class="css-idkz9h">$7.99</span>$7.99</span></p></div><a href="/original-cream-cheese-product/p/20866923001_EA?source=nspt" class="chakra-linkbox__overlay css-1hnz6hu"><div class="css-0"><p class="chakra-text css-1ecdp9w" data-testid="product-brand">Philadelphia</p><h3 class="chakra-heading css-6qrhwc" id="20866923001_EA" data-testid="product-title">Original Cream Cheese Product</h3><p class="chakra-text css-1yftjin" data-testid="product-package-size">450 g, $1.78/100g</p></div></a><div class="css-8keand"></div></div><div class="css-1q5omjq"><div class="css-fcebb8"><div data-testid="atc-compact" class="css-y94ivq" style="width: 45px;"><button type="button" class="chakra-button css-mudsm6" data-testid="atc-button"><svg stroke="currentColor" fill="currentColor" stroke-width="0" viewBox="0 0 24 24" focusable="false" class="chakra-icon css-1g3sp7a" data-testid="btn-icon" aria-hidden="true" height="1em" width="1em" xmlns="http://www.w3.org/2000/svg"><path d="M19 13h-6v6h-2v-6H5v-2h6V5h2v6h6v2z"></path></svg><span class="css-idkz9h">Add Original Cream Cheese Product to cart</span></button></div></div></div></div></div></div><div class="css-0"><div class="css-f5i5wc"><div class="chakra-linkbox css-vhnn8v"><div data-testid="product-image" class="css-16dr4ly"><img alt="No Name Shredded Part Skimmed Mozzarella 320 g, $1.72/100g" src="https://assets.shop.loblaws.ca/products/21060319/b3/en/front/21060319_front_a06_@2.png" srcset="https://assets.shop.loblaws.ca/products/21060319/b3/en/front/21060319_front_a06_@2.png 1x, https://assets.shop.loblaws.ca/products/21060319/b3/en/front/21060319_front_a06_@2.png 2x" loading="lazy" class="chakra-image css-oguq8l" aria-hidden="true"></div><div class="css-qoklea"><div class="css-12dchmx"></div><div data-testid="price-product-tile" class="css-8atqhb"><p class="chakra-text css-0"><span class="chakra-text css-pwnbcb" data-testid="regular-price"><span class="css-idkz9h">$5.49</span>$5.49</span></p></div><a href="/shredded-part-skimmed-mozzarella/p/21060319_EA?source=nspt" class="chakra-linkbox__overlay css-1hnz6hu"><div class="css-0"><p class="chakra-text css-1ecdp9w" data-testid="product-brand">No Name</p><h3 class="chakra-heading css-6qrhwc" id="21060319_EA" data-testid="product-title">Shredded Part Skimmed Mozzarella</h3><p class="chakra-text css-1yftjin" data-testid="product-package-size">320 g, $1.72/100g</p></div></a><div class="css-8keand"></div></div><div class="css-1q5omjq"><div class="css-fcebb8"><div data-testid="atc-compact" class="css-y94ivq" style="width: 45px;"><button type="button" class="chakra-button css-mudsm6" data-testid="atc-button"><svg stroke="currentColor" fill="currentColor" stroke-width="0" viewBox="0 0 24 24" focusable="false" class="chakra-icon css-1g3sp7a" data-testid="btn-icon" aria-hidden="true" height="1em" width="1em" xmlns="http://www.w3.org/2000/svg"><path d="M19 13h-6v6h-2v-6H5v-2h6V5h2v6h6v2z"></path></svg><span class="css-idkz9h">Add Shredded Part Skimmed Mozzarella to cart</span></button></div></div><div class="css-4saf4a"><p class="chakra-text css-py8788" data-testid="inventory-badge-text">Low Stock</p></div></div></div></div></div><div class="css-0"><div class="css-f5i5wc"><div class="chakra-linkbox css-vhnn8v"><div data-testid="product-image" class="css-16dr4ly"><img alt="Gay Lea Low Fat 3 % M.F. Sour Cream 250 ml, $1.04/100ml" src="https://assets.shop.loblaws.ca/products/21315484/b3/en/front/21315484_front_a06_@2.png" srcset="https://assets.shop.loblaws.ca/products/21315484/b3/en/front/21315484_front_a06_@2.png 1x, https://assets.shop.loblaws.ca/products/21315484/b3/en/front/21315484_front_a06_@2.png 2x" loading="lazy" class="chakra-image css-oguq8l" aria-hidden="true"></div><div class="css-qoklea"><div class="css-12dchmx"></div><div data-testid="price-product-tile" class="css-8atqhb"><p class="chakra-text css-0"><span class="chakra-text css-pwnbcb" data-testid="regular-price"><span class="css-idkz9h">$2.59</span>$2.59</span></p></div><a href="/low-fat-3-m-f-sour-cream/p/21315484_EA?source=nspt" class="chakra-linkbox__overlay css-1hnz6hu"><div class="css-0"><p class="chakra-text css-1ecdp9w" data-testid="product-brand">Gay Lea</p><h3 class="chakra-heading css-6qrhwc" id="21315484_EA" data-testid="product-title">Low Fat 3 % M.F. Sour Cream</h3><p class="chakra-text css-1yftjin" data-testid="product-package-size">250 ml, $1.04/100ml</p></div></a><div class="css-8keand"></div></div><div class="css-1q5omjq"><div class="css-fcebb8"><div data-testid="atc-compact" class="css-y94ivq" style="width: 45px;"><button type="button" class="chakra-button css-mudsm6" data-testid="atc-button"><svg stroke="currentColor" fill="currentColor" stroke-width="0" viewBox="0 0 24 24" focusable="false" class="chakra-icon css-1g3sp7a" data-testid="btn-icon" aria-hidden="true" height="1em" width="1em" xmlns="http://www.w3.org/2000/svg"><path d="M19 13h-6v6h-2v-6H5v-2h6V5h2v6h6v2z"></path></svg><span class="css-idkz9h">Add Low Fat 3 % M.F. Sour Cream to cart</span></button></div></div></div></div></div></div><div class="css-0"><div class="css-f5i5wc"><div class="chakra-linkbox css-vhnn8v"><div data-testid="product-image" class="css-16dr4ly"><img alt="President's Choice Lactose Free Nacho Shredded Cheese Blend 320 g, $1.97/100g" src="https://assets.shop.loblaws.ca/products/21475500/b3/en/front/21475500_front_a06_@2.png" srcset="https://assets.shop.loblaws.ca/products/21475500/b3/en/front/21475500_front_a06_@2.png 1x, https://assets.shop.loblaws.ca/products/21475500/b3/en/front/21475500_front_a06_@2.png 2x" loading="lazy" class="chakra-image css-oguq8l" aria-hidden="true"></div><div class="css-qoklea"><div class="css-12dchmx"></div><div data-testid="price-product-tile" class="css-8atqhb"><p class="chakra-text css-0"><span class="chakra-text css-pwnbcb" data-testid="regular-price"><span class="css-idkz9h">$6.29</span>$6.29</span></p></div><a href="/lactose-free-nacho-shredded-cheese-blend/p/21475500_EA?source=nspt" class="chakra-linkbox__overlay css-1hnz6hu"><div class="css-0"><p class="chakra-text css-1ecdp9w" data-testid="product-brand">President's Choice</p><h3 class="chakra-heading css-6qrhwc" id="21475500_EA" data-testid="product-title">Lactose Free Nacho Shredded Cheese Blend</h3><p class="chakra-text css-1yftjin" data-testid="product-package-size">320 g, $1.97/100g</p></div></a><div class="css-8keand"></div></div><div class="css-1q5omjq"><div class="css-fcebb8"><div data-testid="atc-compact" class="css-y94ivq" style="width: 45px;"><button type="button" class="chakra-button css-mudsm6" data-testid="atc-button"><svg stroke="currentColor" fill="currentColor" stroke-width="0" viewBox="0 0 24 24" focusable="false" class="chakra-icon css-1g3sp7a" data-testid="btn-icon" aria-hidden="true" height="1em" width="1em" xmlns="http://www.w3.org/2000/svg"><path d="M19 13h-6v6h-2v-6H5v-2h6V5h2v6h6v2z"></path></svg><span class="css-idkz9h">Add Lactose Free Nacho Shredded Cheese Blend to cart</span></button></div></div></div></div></div></div><div class="css-0"><div class="css-f5i5wc"><div class="chakra-linkbox css-vhnn8v"><div data-testid="product-image" class="css-16dr4ly"><img alt="No Name Shredded Cheddar &amp; Monterey Jack Cheese Blend 900 g, $1.67/100g" src="https://assets.shop.loblaws.ca/products/20309769/b3/en/front/20309769_front_a06_@2.png" srcset="https://assets.shop.loblaws.ca/products/20309769/b3/en/front/20309769_front_a06_@2.png 1x, https://assets.shop.loblaws.ca/products/20309769/b3/en/front/20309769_front_a06_@2.png 2x" loading="lazy" class="chakra-image css-oguq8l" aria-hidden="true"></div><div class="css-qoklea"><div class="css-12dchmx"></div><div data-testid="price-product-tile" class="css-8atqhb"><p class="chakra-text css-0"><span class="chakra-text css-pwnbcb" data-testid="regular-price"><span class="css-idkz9h">$14.99</span>$14.99</span></p></div><a href="/shredded-cheddar-monterey-jack-cheese-blend/p/20309769_EA?source=nspt" class="chakra-linkbox__overlay css-1hnz6hu"><div class="css-0"><p class="chakra-text css-1ecdp9w" data-testid="product-brand">No Name</p><h3 class="chakra-heading css-6qrhwc" id="20309769_EA" data-testid="product-title">Shredded Cheddar &amp; Monterey Jack Cheese Blend</h3><p class="chakra-text css-1yftjin" data-testid="product-package-size">900 g, $1.67/100g</p></div></a><div class="css-8keand"></div></div><div class="css-1q5omjq"><div class="css-fcebb8"><div data-testid="atc-compact" class="css-y94ivq" style="width: 45px;"><button type="button" class="chakra-button css-mudsm6" data-testid="atc-button"><svg stroke="currentColor" fill="currentColor" stroke-width="0" viewBox="0 0 24 24" focusable="false" class="chakra-icon css-1g3sp7a" data-testid="btn-icon" aria-hidden="true" height="1em" width="1em" xmlns="http://www.w3.org/2000/svg"><path d="M19 13h-6v6h-2v-6H5v-2h6V5h2v6h6v2z"></path></svg><span class="css-idkz9h">Add Shredded Cheddar &amp; Monterey Jack Cheese Blend to cart</span></button></div></div></div></div></div></div><div class="css-0"><div class="css-f5i5wc"><div class="chakra-linkbox css-vhnn8v"><div data-testid="product-image" class="css-16dr4ly"><img alt="No Name Original Cream Cheese Spread  340 g, $1.38/100g" src="https://assets.shop.loblaws.ca/products/20911023/b3/en/front/20911023_front_a06_@2.png" srcset="https://assets.shop.loblaws.ca/products/20911023/b3/en/front/20911023_front_a06_@2.png 1x, https://assets.shop.loblaws.ca/products/20911023/b3/en/front/20911023_front_a06_@2.png 2x" loading="lazy" class="chakra-image css-oguq8l" aria-hidden="true"></div><div class="css-qoklea"><div class="css-12dchmx"></div><div data-testid="price-product-tile" class="css-8atqhb"><p class="chakra-text css-0"><span class="chakra-text css-pwnbcb" data-testid="regular-price"><span class="css-idkz9h">$4.69</span>$4.69</span></p></div><a href="/original-cream-cheese-spread/p/20911023_EA?source=nspt" class="chakra-linkbox__overlay css-1hnz6hu"><div class="css-0"><p class="chakra-text css-1ecdp9w" data-testid="product-brand">No Name</p><h3 class="chakra-heading css-6qrhwc" id="20911023_EA" data-testid="product-title">Original Cream Cheese Spread </h3><p class="chakra-text css-1yftjin" data-testid="product-package-size">340 g, $1.38/100g</p></div></a><div class="css-8keand"></div></div><div class="css-1q5omjq"><div class="css-fcebb8"><div data-testid="atc-compact" class="css-y94ivq" style="width: 45px;"><button type="button" class="chakra-button css-mudsm6" data-testid="atc-button"><svg stroke="currentColor" fill="currentColor" stroke-width="0" viewBox="0 0 24 24" focusable="false" class="chakra-icon css-1g3sp7a" data-testid="btn-icon" aria-hidden="true" height="1em" width="1em" xmlns="http://www.w3.org/2000/svg"><path d="M19 13h-6v6h-2v-6H5v-2h6V5h2v6h6v2z"></path></svg><span class="css-idkz9h">Add Original Cream Cheese Spread  to cart</span></button></div></div></div></div></div></div><div class="css-0"><div class="css-f5i5wc"><div class="chakra-linkbox css-vhnn8v"><div data-testid="product-image" class="css-16dr4ly"><img alt="No Name 1% M.F. Cottage Cheese 750 g, $0.71/100g" src="https://assets.shop.loblaws.ca/products/20833357/b3/en/front/20833357_front_a06_@2.png" srcset="https://assets.shop.loblaws.ca/products/20833357/b3/en/front/20833357_front_a06_@2.png 1x, https://assets.shop.loblaws.ca/products/20833357/b3/en/front/20833357_front_a06_@2.png 2x" loading="lazy" class="chakra-image css-oguq8l" aria-hidden="true"></div><div class="css-qoklea"><div class="css-12dchmx"></div><div data-testid="price-product-tile" class="css-8atqhb"><p class="chakra-text css-0"><span class="chakra-text css-pwnbcb" data-testid="regular-price"><span class="css-idkz9h">$5.29</span>$5.29</span></p></div><a href="/1-m-f-cottage-cheese/p/20833357_EA?source=nspt" class="chakra-linkbox__overlay css-1hnz6hu"><div class="css-0"><p class="chakra-text css-1ecdp9w" data-testid="product-brand">No Name</p><h3 class="chakra-heading css-6qrhwc" id="20833357_EA" data-testid="product-title">1% M.F. Cottage Cheese</h3><p class="chakra-text css-1yftjin" data-testid="product-package-size">750 g, $0.71/100g</p></div></a><div class="css-8keand"></div></div><div class="css-1q5omjq"><div class="css-fcebb8"><div data-testid="atc-compact" class="css-y94ivq" style="width: 45px;"><button type="button" class="chakra-button css-mudsm6" data-testid="atc-button"><svg stroke="currentColor" fill="currentColor" stroke-width="0" viewBox="0 0 24 24" focusable="false" class="chakra-icon css-1g3sp7a" data-testid="btn-icon" aria-hidden="true" height="1em" width="1em" xmlns="http://www.w3.org/2000/svg"><path d="M19 13h-6v6h-2v-6H5v-2h6V5h2v6h6v2z"></path></svg><span class="css-idkz9h">Add 1% M.F. Cottage Cheese to cart</span></button></div></div></div></div></div></div><div class="css-0"><div class="css-f5i5wc"><div class="chakra-linkbox css-vhnn8v"><div data-testid="product-image" class="css-16dr4ly"><img alt="Kraft Light Grated Parmesan Cheese 23% M.F. 250 g, $3.12/100g" src="https://assets.shop.loblaws.ca/products/21528156/b3/en/front/21528156_front_a06_@2.png" srcset="https://assets.shop.loblaws.ca/products/21528156/b3/en/front/21528156_front_a06_@2.png 1x, https://assets.shop.loblaws.ca/products/21528156/b3/en/front/21528156_front_a06_@2.png 2x" loading="lazy" class="chakra-image css-oguq8l" aria-hidden="true"></div><div class="css-qoklea"><div class="css-12dchmx"></div><div data-testid="price-product-tile" class="css-8atqhb"><p class="chakra-text css-0"><span class="chakra-text css-pwnbcb" data-testid="regular-price"><span class="css-idkz9h">$7.79</span>$7.79</span></p></div><a href="/light-grated-parmesan-cheese-23-m-f/p/21528156_EA?source=nspt" class="chakra-linkbox__overlay css-1hnz6hu"><div class="css-0"><p class="chakra-text css-1ecdp9w" data-testid="product-brand">Kraft</p><h3 class="chakra-heading css-6qrhwc" id="21528156_EA" data-testid="product-title">Light Grated Parmesan Cheese 23% M.F.</h3><p class="chakra-text css-1yftjin" data-testid="product-package-size">250 g, $3.12/100g</p></div></a><div class="css-8keand"></div></div><div class="css-1q5omjq"><div class="css-fcebb8"><div data-testid="atc-compact" class="css-y94ivq" style="width: 45px;"><button type="button" class="chakra-button css-mudsm6" data-testid="atc-button"><svg stroke="currentColor" fill="currentColor" stroke-width="0" viewBox="0 0 24 24" focusable="false" class="chakra-icon css-1g3sp7a" data-testid="btn-icon" aria-hidden="true" height="1em" width="1em" xmlns="http://www.w3.org/2000/svg"><path d="M19 13h-6v6h-2v-6H5v-2h6V5h2v6h6v2z"></path></svg><span class="css-idkz9h">Add Light Grated Parmesan Cheese 23% M.F. to cart</span></button></div></div></div></div></div></div><div class="css-0"><div class="css-f5i5wc"><div class="chakra-linkbox css-vhnn8v"><div data-testid="product-image" class="css-16dr4ly"><img alt="Violife Mature Cheddar Style Slices 200 g, $3.00/100g" src="https://assets.shop.loblaws.ca/products/21339319/b3/en/front/21339319_front_a06_@2.png" srcset="https://assets.shop.loblaws.ca/products/21339319/b3/en/front/21339319_front_a06_@2.png 1x, https://assets.shop.loblaws.ca/products/21339319/b3/en/front/21339319_front_a06_@2.png 2x" loading="lazy" class="chakra-image css-oguq8l" aria-hidden="true"></div><div class="css-qoklea"><div class="css-12dchmx"></div><div data-testid="price-product-tile" class="css-8atqhb"><p class="chakra-text css-0"><span class="chakra-text css-pwnbcb" data-testid="regular-price"><span class="css-idkz9h">$5.99</span>$5.99</span></p></div><a href="/mature-cheddar-style-slices/p/21339319_EA?source=nspt" class="chakra-linkbox__overlay css-1hnz6hu"><div class="css-0"><p class="chakra-text css-1ecdp9w" data-testid="product-brand">Violife</p><h3 class="chakra-heading css-6qrhwc" id="21339319_EA" data-testid="product-title">Mature Cheddar Style Slices</h3><p class="chakra-text css-1yftjin" data-testid="product-package-size">200 g, $3.00/100g</p></div></a><div class="css-8keand"></div></div><div class="css-1q5omjq"><div class="css-fcebb8"><div data-testid="atc-compact" class="css-y94ivq" style="width: 45px;"><button type="button" class="chakra-button css-mudsm6" data-testid="atc-button"><svg stroke="currentColor" fill="currentColor" stroke-width="0" viewBox="0 0 24 24" focusable="false" class="chakra-icon css-1g3sp7a" data-testid="btn-icon" aria-hidden="true" height="1em" width="1em" xmlns="http://www.w3.org/2000/svg"><path d="M19 13h-6v6h-2v-6H5v-2h6V5h2v6h6v2z"></path></svg><span class="css-idkz9h">Add Mature Cheddar Style Slices to cart</span></button></div></div></div></div></div></div><div class="css-0"><div class="css-f5i5wc"><div class="chakra-linkbox css-vhnn8v"><div data-testid="product-image" class="css-16dr4ly"><img alt="Violife Cheddar Style Shreds 200 g, $3.00/100g" src="https://assets.shop.loblaws.ca/products/21592030/b3/en/front/21592030_front_a06_@2.png" srcset="https://assets.shop.loblaws.ca/products/21592030/b3/en/front/21592030_front_a06_@2.png 1x, https://assets.shop.loblaws.ca/products/21592030/b3/en/front/21592030_front_a06_@2.png 2x" loading="lazy" class="chakra-image css-oguq8l" aria-hidden="true"></div><div class="css-qoklea"><div class="css-12dchmx"></div><div data-testid="price-product-tile" class="css-8atqhb"><p class="chakra-text css-0"><span class="chakra-text css-pwnbcb" data-testid="regular-price"><span class="css-idkz9h">$5.99</span>$5.99</span></p></div><a href="/cheddar-style-shreds/p/21592030_EA?source=nspt" class="chakra-linkbox__overlay css-1hnz6hu"><div class="css-0"><p class="chakra-text css-1ecdp9w" data-testid="product-brand">Violife</p><h3 class="chakra-heading css-6qrhwc" id="21592030_EA" data-testid="product-title">Cheddar Style Shreds</h3><p class="chakra-text css-1yftjin" data-testid="product-package-size">200 g, $3.00/100g</p></div></a><div class="css-8keand"></div></div><div class="css-1q5omjq"><div class="css-fcebb8"><div data-testid="atc-compact" class="css-y94ivq" style="width: 45px;"><button type="button" class="chakra-button css-mudsm6" data-testid="atc-button"><svg stroke="currentColor" fill="currentColor" stroke-width="0" viewBox="0 0 24 24" focusable="false" class="chakra-icon css-1g3sp7a" data-testid="btn-icon" aria-hidden="true" height="1em" width="1em" xmlns="http://www.w3.org/2000/svg"><path d="M19 13h-6v6h-2v-6H5v-2h6V5h2v6h6v2z"></path></svg><span class="css-idkz9h">Add Cheddar Style Shreds to cart</span></button></div></div><div class="css-4saf4a"><p class="chakra-text css-py8788" data-testid="inventory-badge-text">Low Stock</p></div></div></div></div></div></div><div data-testid="product-grid" class="css-epcqr3"><div class="css-0"><div class="css-f5i5wc"><div class="chakra-linkbox css-vhnn8v"><div data-testid="product-image" class="css-16dr4ly"><img alt="Kraft Light Grated Parmesan Cheese 23% M.F. 250 g, $3.12/100g" src="https://assets.shop.loblaws.ca/products/21528156/b3/en/front/21528156_front_a06_@2.png" srcset="https://assets.shop.loblaws.ca/products/21528156/b3/en/front/21528156_front_a06_@2.png 1x, https://assets.shop.loblaws.ca/products/21528156/b3/en/front/21528156_front_a06_@2.png 2x" loading="lazy" class="chakra-image css-oguq8l" aria-hidden="true"></div><div class="css-qoklea"><div class="css-12dchmx"></div><div data-testid="price-product-tile" class="css-8atqhb"><p class="chakra-text css-0"><span class="chakra-text css-pwnbcb" data-testid="regular-price"><span class="css-idkz9h">$7.79</span>$7.79</span></p></div><a href="/light-grated-parmesan-cheese-23-m-f/p/21528156_EA?source=nspt" class="chakra-linkbox__overlay css-1hnz6hu"><div class="css-0"><p class="chakra-text css-1ecdp9w" data-testid="product-brand">Kraft</p><h3 class="chakra-heading css-6qrhwc" id="21528156_EA" data-testid="product-title">Light Grated Parmesan Cheese 23% M.F.</h3><p class="chakra-text css-1yftjin" data-testid="product-package-size">250 g, $3.12/100g</p></div></a><div class="css-8keand"></div></div><div class="css-1q5omjq"><div class="css-fcebb8"><div data-testid="atc-compact" class="css-y94ivq" style="width: 45px;"><button type="button" class="chakra-button css-mudsm6" data-testid="atc-button"><svg stroke="currentColor" fill="currentColor" stroke-width="0" viewBox="0 0 24 24" focusable="false" class="chakra-icon css-1g3sp7a" data-testid="btn-icon" aria-hidden="true" height="1em" width="1em" xmlns="http://www.w3.org/2000/svg"><path d="M19 13h-6v6h-2v-6H5v-2h6V5h2v6h6v2z"></path></svg><span class="css-idkz9h">Add Light Grated Parmesan Cheese 23% M.F. to cart</span></button></div></div></div></div></div></div><div class="css-0"><div class="css-f5i5wc"><div class="chakra-linkbox css-vhnn8v"><div data-testid="product-image" class="css-16dr4ly"><img alt="Gay Lea Nordica Cottage Cheese, Light 1% 500 g, $1.06/100g" src="https://assets.shop.loblaws.ca/products/20319458003/b3/en/front/20319458003_front_a06_@2.png" srcset="https://assets.shop.loblaws.ca/products/20319458003/b3/en/front/20319458003_front_a06_@2.png 1x, https://assets.shop.loblaws.ca/products/20319458003/b3/en/front/20319458003_front_a06_@2.png 2x" loading="lazy" class="chakra-image css-oguq8l" aria-hidden="true"></div><div class="css-qoklea"><div class="css-12dchmx"></div><div data-testid="price-product-tile" class="css-8atqhb"><p class="chakra-text css-0"><span class="chakra-text css-pwnbcb" data-testid="regular-price"><span class="css-idkz9h">$5.29</span>$5.29</span></p></div><a href="/nordica-cottage-cheese-light-1/p/20319458003_EA?source=nspt" class="chakra-linkbox__overlay css-1hnz6hu"><div class="css-0"><p class="chakra-text css-1ecdp9w" data-testid="product-brand">Gay Lea</p><h3 class="chakra-heading css-6qrhwc" id="20319458003_EA" data-testid="product-title">Nordica Cottage Cheese, Light 1%</h3><p class="chakra-text css-1yftjin" data-testid="product-package-size">500 g, $1.06/100g</p></div></a><div class="css-8keand"></div></div><div class="css-1q5omjq"><div class="css-fcebb8"><div data-testid="atc-compact" class="css-y94ivq" style="width: 45px;"><button type="button" class="chakra-button css-mudsm6" data-testid="atc-button"><svg stroke="currentColor" fill="currentColor" stroke-width="0" viewBox="0 0 24 24" focusable="false" class="chakra-icon css-1g3sp7a" data-testid="btn-icon" aria-hidden="true" height="1em" width="1em" xmlns="http://www.w3.org/2000/svg"><path d="M19 13h-6v6h-2v-6H5v-2h6V5h2v6h6v2z"></path></svg><span class="css-idkz9h">Add Nordica Cottage Cheese, Light 1% to cart</span></button></div></div></div></div></div></div><div class="css-0"><div class="css-f5i5wc"><div class="chakra-linkbox css-vhnn8v"><div data-testid="product-image" class="css-16dr4ly"><img alt="Philadelphia Original Cream Cheese 227 g, $2.86/100g" src="https://assets.shop.loblaws.ca/products/21314933/b3/en/front/21314933_front_a06_@2.png" srcset="https://assets.shop.loblaws.ca/products/21314933/b3/en/front/21314933_front_a06_@2.png 1x, https://assets.shop.loblaws.ca/products/21314933/b3/en/front/21314933_front_a06_@2.png 2x" loading="lazy" class="chakra-image css-oguq8l" aria-hidden="true"></div><div class="css-qoklea"><div class="css-12dchmx"></div><div data-testid="price-product-tile" class="css-8atqhb"><p class="chakra-text css-0"><span class="chakra-text css-pwnbcb" data-testid="regular-price"><span class="css-idkz9h">$6.49</span>$6.49</span></p></div><a href="/original-cream-cheese/p/21314933_EA?source=nspt" class="chakra-linkbox__overlay css-1hnz6hu"><div class="css-0"><p class="chakra-text css-1ecdp9w" data-testid="product-brand">Philadelphia</p><h3 class="chakra-heading css-6qrhwc" id="21314933_EA" data-testid="product-title">Original Cream Cheese</h3><p class="chakra-text css-1yftjin" data-testid="product-package-size">227 g, $2.86/100g</p></div></a><div class="css-8keand"></div></div><div class="css-1q5omjq"><div class="css-fcebb8"><div data-testid="atc-compact" class="css-y94ivq" style="width: 45px;"><button type="button" class="chakra-button css-mudsm6" data-testid="atc-button"><svg stroke="currentColor" fill="currentColor" stroke-width="0" viewBox="0 0 24 24" focusable="false" class="chakra-icon css-1g3sp7a" data-testid="btn-icon" aria-hidden="true" height="1em" width="1em" xmlns="http://www.w3.org/2000/svg"><path d="M19 13h-6v6h-2v-6H5v-2h6V5h2v6h6v2z"></path></svg><span class="css-idkz9h">Add Original Cream Cheese to cart</span></button></div></div></div></div></div></div><div class="css-0"><div class="css-f5i5wc"><div class="chakra-linkbox css-vhnn8v"><div data-testid="product-image" class="css-16dr4ly"><img alt="No Name Shredded Cheddar &amp; Monterey Jack Cheese Blend 900 g, $1.67/100g" src="https://assets.shop.loblaws.ca/products/20309769/b3/en/front/20309769_front_a06_@2.png" srcset="https://assets.shop.loblaws.ca/products/20309769/b3/en/front/20309769_front_a06_@2.png 1x, https://assets.shop.loblaws.ca/products/20309769/b3/en/front/20309769_front_a06_@2.png 2x" loading="lazy" class="chakra-image css-oguq8l" aria-hidden="true"></div><div class="css-qoklea"><div class="css-12dchmx"></div><div data-testid="price-product-tile" class="css-8atqhb"><p class="chakra-text css-0"><span class="chakra-text css-pwnbcb" data-testid="regular-price"><span class="css-idkz9h">$14.99</span>$14.99</span></p></div><a href="/shredded-cheddar-monterey-jack-cheese-blend/p/20309769_EA?source=nspt" class="chakra-linkbox__overlay css-1hnz6hu"><div class="css-0"><p class="chakra-text css-1ecdp9w" data-testid="product-brand">No Name</p><h3 class="chakra-heading css-6qrhwc" id="20309769_EA" data-testid="product-title">Shredded Cheddar &amp; Monterey Jack Cheese Blend</h3><p class="chakra-text css-1yftjin" data-testid="product-package-size">900 g, $1.67/100g</p></div></a><div class="css-8keand"></div></div><div class="css-1q5omjq"><div class="css-fcebb8"><div data-testid="atc-compact" class="css-y94ivq" style="width: 45px;"><button type="button" class="chakra-button css-mudsm6" data-testid="atc-button"><svg stroke="currentColor" fill="currentColor" stroke-width="0" viewBox="0 0 24 24" focusable="false" class="chakra-icon css-1g3sp7a" data-testid="btn-icon" aria-hidden="true" height="1em" width="1em" xmlns="http://www.w3.org/2000/svg"><path d="M19 13h-6v6h-2v-6H5v-2h6V5h2v6h6v2z"></path></svg><span class="css-idkz9h">Add Shredded Cheddar &amp; Monterey Jack Cheese Blend to cart</span></button></div></div></div></div></div></div><div class="css-0"><div class="css-f5i5wc"><div class="chakra-linkbox css-vhnn8v"><div data-testid="product-image" class="css-16dr4ly"><img alt="No Name Cheddar Flavour Processed Cheese Product Slices 800 g, $1.06/100g" src="https://assets.shop.loblaws.ca/products/21221013/b3/en/front/21221013_front_a06_@2.png" srcset="https://assets.shop.loblaws.ca/products/21221013/b3/en/front/21221013_front_a06_@2.png 1x, https://assets.shop.loblaws.ca/products/21221013/b3/en/front/21221013_front_a06_@2.png 2x" loading="lazy" class="chakra-image css-oguq8l" aria-hidden="true"></div><div class="css-qoklea"><div class="css-12dchmx"></div><div data-testid="price-product-tile" class="css-8atqhb"><p class="chakra-text css-0"><span class="chakra-text css-pwnbcb" data-testid="regular-price"><span class="css-idkz9h">$8.49</span>$8.49</span></p></div><a href="/cheddar-flavour-processed-cheese-product-slices/p/21221013_EA?source=nspt" class="chakra-linkbox__overlay css-1hnz6hu"><div class="css-0"><p class="chakra-text css-1ecdp9w" data-testid="product-brand">No Name</p><h3 class="chakra-heading css-6qrhwc" id="21221013_EA" data-testid="product-title">Cheddar Flavour Processed Cheese Product Slices</h3><p class="chakra-text css-1yftjin" data-testid="product-package-size">800 g, $1.06/100g</p></div></a><div class="css-8keand"></div></div><div class="css-1q5omjq"><div class="css-fcebb8"><div data-testid="atc-compact" class="css-y94ivq" style="width: 45px;"><button type="button" class="chakra-button css-mudsm6" data-testid="atc-button"><svg stroke="currentColor" fill="currentColor" stroke-width="0" viewBox="0 0 24 24" focusable="false" class="chakra-icon css-1g3sp7a" data-testid="btn-icon" aria-hidden="true" height="1em" width="1em" xmlns="http://www.w3.org/2000/svg"><path d="M19 13h-6v6h-2v-6H5v-2h6V5h2v6h6v2z"></path></svg><span class="css-idkz9h">Add Cheddar Flavour Processed Cheese Product Slices to cart</span></button></div></div></div></div></div></div><div class="css-0"><div class="css-f5i5wc"><div class="chakra-linkbox css-vhnn8v"><div data-testid="product-image" class="css-16dr4ly"><img alt="Armstrong Shredded Natural Cheese Tex Mex 320 g, $2.18/100g" src="https://assets.shop.loblaws.ca/products/21286240/b3/en/front/21286240_front_a06_@2.png" srcset="https://assets.shop.loblaws.ca/products/21286240/b3/en/front/21286240_front_a06_@2.png 1x, https://assets.shop.loblaws.ca/products/21286240/b3/en/front/21286240_front_a06_@2.png 2x" loading="lazy" class="chakra-image css-oguq8l" aria-hidden="true"></div><div class="css-qoklea"><div class="css-12dchmx"></div><div data-testid="price-product-tile" class="css-8atqhb"><p class="chakra-text css-0"><span class="chakra-text css-pwnbcb" data-testid="regular-price"><span class="css-idkz9h">$6.99</span>$6.99</span></p></div><a href="/shredded-natural-cheese-tex-mex/p/21286240_EA?source=nspt" class="chakra-linkbox__overlay css-1hnz6hu"><div class="css-0"><p class="chakra-text css-1ecdp9w" data-testid="product-brand">Armstrong</p><h3 class="chakra-heading css-6qrhwc" id="21286240_EA" data-testid="product-title">Shredded Natural Cheese Tex Mex</h3><p class="chakra-text css-1yftjin" data-testid="product-package-size">320 g, $2.18/100g</p></div></a><div class="css-8keand"></div></div><div class="css-1q5omjq"><div class="css-fcebb8"><div data-testid="atc-compact" class="css-y94ivq" style="width: 45px;"><button type="button" class="chakra-button css-mudsm6" data-testid="atc-button"><svg stroke="currentColor" fill="currentColor" stroke-width="0" viewBox="0 0 24 24" focusable="false" class="chakra-icon css-1g3sp7a" data-testid="btn-icon" aria-hidden="true" height="1em" width="1em" xmlns="http://www.w3.org/2000/svg"><path d="M19 13h-6v6h-2v-6H5v-2h6V5h2v6h6v2z"></path></svg><span class="css-idkz9h">Add Shredded Natural Cheese Tex Mex to cart</span></button></div></div></div></div></div></div><div class="css-0"><div class="css-f5i5wc"><div class="chakra-linkbox css-vhnn8v"><div data-testid="product-image" class="css-16dr4ly"><img alt="No Name Light Part Skim Mozzarella Cheese 400 g, $1.38/100g" src="https://assets.shop.loblaws.ca/products/21289706/b3/en/front/21289706_front_a06_@2.png" srcset="https://assets.shop.loblaws.ca/products/21289706/b3/en/front/21289706_front_a06_@2.png 1x, https://assets.shop.loblaws.ca/products/21289706/b3/en/front/21289706_front_a06_@2.png 2x" loading="lazy" class="chakra-image css-oguq8l" aria-hidden="true"></div><div class="css-qoklea"><div class="css-12dchmx"></div><div data-testid="price-product-tile" class="css-8atqhb"><p class="chakra-text css-0"><span class="chakra-text css-pwnbcb" data-testid="regular-price"><span class="css-idkz9h">$5.50</span>$5.50</span></p></div><a href="/light-part-skim-mozzarella-cheese/p/21289706_EA?source=nspt" class="chakra-linkbox__overlay css-1hnz6hu"><div class="css-0"><p class="chakra-text css-1ecdp9w" data-testid="product-brand">No Name</p><h3 class="chakra-heading css-6qrhwc" id="21289706_EA" data-testid="product-title">Light Part Skim Mozzarella Cheese</h3><p class="chakra-text css-1yftjin" data-testid="product-package-size">400 g, $1.38/100g</p></div></a><div class="css-8keand"></div></div><div class="css-1q5omjq"><div class="css-fcebb8"><div data-testid="atc-compact" class="css-y94ivq" style="width: 45px;"><button type="button" class="chakra-button css-mudsm6" data-testid="atc-button"><svg stroke="currentColor" fill="currentColor" stroke-width="0" viewBox="0 0 24 24" focusable="false" class="chakra-icon css-1g3sp7a" data-testid="btn-icon" aria-hidden="true" height="1em" width="1em" xmlns="http://www.w3.org/2000/svg"><path d="M19 13h-6v6h-2v-6H5v-2h6V5h2v6h6v2z"></path></svg><span class="css-idkz9h">Add Light Part Skim Mozzarella Cheese to cart</span></button></div></div></div></div></div></div><div class="css-0"><div class="css-f5i5wc"><div class="chakra-linkbox css-vhnn8v"><div data-testid="product-image" class="css-16dr4ly"><img alt="Black Diamond Cheestrings Marble Lactose-Free Cheese, 12 units 252 g, $3.17/100g" src="https://assets.shop.loblaws.ca/products/21041750/b3/en/front/21041750_front_a06_@2.png" srcset="https://assets.shop.loblaws.ca/products/21041750/b3/en/front/21041750_front_a06_@2.png 1x, https://assets.shop.loblaws.ca/products/21041750/b3/en/front/21041750_front_a06_@2.png 2x" loading="lazy" class="chakra-image css-oguq8l" aria-hidden="true"></div><div class="css-qoklea"><div class="css-12dchmx"></div><div data-testid="price-product-tile" class="css-8atqhb"><p class="chakra-text css-0"><span class="chakra-text css-pwnbcb" data-testid="regular-price"><span class="css-idkz9h">$7.99</span>$7.99</span></p></div><a href="/cheestrings-marble-lactose-free-cheese-12-units/p/21041750_EA?source=nspt" class="chakra-linkbox__overlay css-1hnz6hu"><div class="css-0"><p class="chakra-text css-1ecdp9w" data-testid="product-brand">Black Diamond</p><h3 class="chakra-heading css-6qrhwc" id="21041750_EA" data-testid="product-title">Cheestrings Marble Lactose-Free Cheese, 12 units</h3><p class="chakra-text css-1yftjin" data-testid="product-package-size">252 g, $3.17/100g</p></div></a><div class="css-8keand"></div></div><div class="css-1q5omjq"><div class="css-fcebb8"><div data-testid="atc-compact" class="css-y94ivq" style="width: 45px;"><button type="button" class="chakra-button css-mudsm6" data-testid="atc-button"><svg stroke="currentColor" fill="currentColor" stroke-width="0" viewBox="0 0 24 24" focusable="false" class="chakra-icon css-1g3sp7a" data-testid="btn-icon" aria-hidden="true" height="1em" width="1em" xmlns="http://www.w3.org/2000/svg"><path d="M19 13h-6v6h-2v-6H5v-2h6V5h2v6h6v2z"></path></svg><span class="css-idkz9h">Add Cheestrings Marble Lactose-Free Cheese, 12 units to cart</span></button></div></div></div></div></div></div><div class="css-0"><div class="css-f5i5wc"><div class="chakra-linkbox css-vhnn8v"><div data-testid="product-image" class="css-16dr4ly"><img alt="No Name Mild Cheddar Cheese 400 g, $1.38/100g" src="https://assets.shop.loblaws.ca/products/21289765/b3/en/front/21289765_front_a06_@2.png" srcset="https://assets.shop.loblaws.ca/products/21289765/b3/en/front/21289765_front_a06_@2.png 1x, https://assets.shop.loblaws.ca/products/21289765/b3/en/front/21289765_front_a06_@2.png 2x" loading="lazy" class="chakra-image css-oguq8l" aria-hidden="true"></div><div class="css-qoklea"><div class="css-12dchmx"></div><div data-testid="price-product-tile" class="css-8atqhb"><p class="chakra-text css-0"><span class="chakra-text css-pwnbcb" data-testid="regular-price"><span class="css-idkz9h">$5.50</span>$5.50</span></p></div><a href="/mild-cheddar-cheese/p/21289765_EA?source=nspt" class="chakra-linkbox__overlay css-1hnz6hu"><div class="css-0"><p class="chakra-text css-1ecdp9w" data-testid="product-brand">No Name</p><h3 class="chakra-heading css-6qrhwc" id="21289765_EA" data-testid="product-title">Mild Cheddar Cheese</h3><p class="chakra-text css-1yftjin" data-testid="product-package-size">400 g, $1.38/100g</p></div></a><div class="css-8keand"></div></div><div class="css-1q5omjq"><div class="css-fcebb8"><div data-testid="atc-compact" class="css-y94ivq" style="width: 45px;"><button type="button" class="chakra-button css-mudsm6" data-testid="atc-button"><svg stroke="currentColor" fill="currentColor" stroke-width="0" viewBox="0 0 24 24" focusable="false" class="chakra-icon css-1g3sp7a" data-testid="btn-icon" aria-hidden="true" height="1em" width="1em" xmlns="http://www.w3.org/2000/svg"><path d="M19 13h-6v6h-2v-6H5v-2h6V5h2v6h6v2z"></path></svg><span class="css-idkz9h">Add Mild Cheddar Cheese to cart</span></button></div></div></div></div></div></div><div class="css-0"><div class="css-f5i5wc"><div class="chakra-linkbox css-vhnn8v"><div data-testid="product-image" class="css-16dr4ly"><img alt="Armstrong Medium Cheddar Cheese 400 g, $1.95/100g" src="https://assets.shop.loblaws.ca/products/21347244/b3/en/front/21347244_front_a06_@2.png" srcset="https://assets.shop.loblaws.ca/products/21347244/b3/en/front/21347244_front_a06_@2.png 1x, https://assets.shop.loblaws.ca/products/21347244/b3/en/front/21347244_front_a06_@2.png 2x" loading="lazy" class="chakra-image css-oguq8l" aria-hidden="true"></div><div class="css-qoklea"><div class="css-12dchmx"></div><div data-testid="price-product-tile" class="css-8atqhb"><p class="chakra-text css-0"><span class="chakra-text css-pwnbcb" data-testid="regular-price"><span class="css-idkz9h">$7.79</span>$7.79</span></p></div><a href="/medium-cheddar-cheese/p/21347244_EA?source=nspt" class="chakra-linkbox__overlay css-1hnz6hu"><div class="css-0"><p class="chakra-text css-1ecdp9w" data-testid="product-brand">Armstrong</p><h3 class="chakra-heading css-6qrhwc" id="21347244_EA" data-testid="product-title">Medium Cheddar Cheese</h3><p class="chakra-text css-1yftjin" data-testid="product-package-size">400 g, $1.95/100g</p></div></a><div class="css-8keand"></div></div><div class="css-1q5omjq"><div class="css-fcebb8"><div data-testid="atc-compact" class="css-y94ivq" style="width: 45px;"><button type="button" class="chakra-button css-mudsm6" data-testid="atc-button"><svg stroke="currentColor" fill="currentColor" stroke-width="0" viewBox="0 0 24 24" focusable="false" class="chakra-icon css-1g3sp7a" data-testid="btn-icon" aria-hidden="true" height="1em" width="1em" xmlns="http://www.w3.org/2000/svg"><path d="M19 13h-6v6h-2v-6H5v-2h6V5h2v6h6v2z"></path></svg><span class="css-idkz9h">Add Medium Cheddar Cheese to cart</span></button></div></div></div></div></div></div><div class="css-0"><div class="css-f5i5wc"><div class="chakra-linkbox css-vhnn8v"><div data-testid="product-image" class="css-16dr4ly"><img alt="Kraft Singles Original Slices, 44 Slices 825 g, $0.88/100g" src="https://assets.shop.loblaws.ca/products/21188312/b3/en/front/21188312_front_a06_@2.png" srcset="https://assets.shop.loblaws.ca/products/21188312/b3/en/front/21188312_front_a06_@2.png 1x, https://assets.shop.loblaws.ca/products/21188312/b3/en/front/21188312_front_a06_@2.png 2x" loading="lazy" class="chakra-image css-oguq8l" aria-hidden="true"></div><div class="css-qoklea"><div class="css-12dchmx"></div><div data-testid="price-product-tile" class="css-8atqhb"><p class="chakra-text css-0"><span class="chakra-text css-o93gbd" data-testid="sale-price"><span class="css-idkz9h">$7.29</span>$7.29</span><span class="chakra-text css-623q5h" data-testid="was-price"><span class="css-idkz9h">$10.99</span>$10.99</span></p><p class="chakra-text css-1m5a6y8" data-testid="price-descriptor">SAVE $3.70</p></div><a href="/singles-original-slices-44-slices/p/21188312_EA?source=nspt" class="chakra-linkbox__overlay css-1hnz6hu"><div class="css-0"><p class="chakra-text css-1ecdp9w" data-testid="product-brand">Kraft</p><h3 class="chakra-heading css-6qrhwc" id="21188312_EA" data-testid="product-title">Singles Original Slices, 44 Slices</h3><p class="chakra-text css-1yftjin" data-testid="product-package-size">825 g, $0.88/100g</p></div></a><div class="css-8keand"></div></div><div class="css-1q5omjq"><div class="css-fcebb8"><div data-testid="atc-compact" class="css-y94ivq" style="width: 45px;"><button type="button" class="chakra-button css-mudsm6" data-testid="atc-button"><svg stroke="currentColor" fill="currentColor" stroke-width="0" viewBox="0 0 24 24" focusable="false" class="chakra-icon css-1g3sp7a" data-testid="btn-icon" aria-hidden="true" height="1em" width="1em" xmlns="http://www.w3.org/2000/svg"><path d="M19 13h-6v6h-2v-6H5v-2h6V5h2v6h6v2z"></path></svg><span class="css-idkz9h">Add Singles Original Slices, 44 Slices to cart</span></button></div></div></div></div></div></div><div class="css-0"><div class="css-f5i5wc"><div class="chakra-linkbox css-vhnn8v"><div data-testid="product-image" class="css-16dr4ly"><img alt="No Name Farmer's Marble Cheese  200 g, $1.80/100g" src="https://assets.shop.loblaws.ca/products/20331973/b3/en/front/20331973_front_a06_@2.png" srcset="https://assets.shop.loblaws.ca/products/20331973/b3/en/front/20331973_front_a06_@2.png 1x, https://assets.shop.loblaws.ca/products/20331973/b3/en/front/20331973_front_a06_@2.png 2x" loading="lazy" class="chakra-image css-oguq8l" aria-hidden="true"></div><div class="css-qoklea"><div class="css-12dchmx"></div><div data-testid="price-product-tile" class="css-8atqhb"><p class="chakra-text css-0"><span class="chakra-text css-pwnbcb" data-testid="regular-price"><span class="css-idkz9h">$3.59</span>$3.59</span></p></div><a href="/farmer-s-marble-cheese/p/20331973_EA?source=nspt" class="chakra-linkbox__overlay css-1hnz6hu"><div class="css-0"><p class="chakra-text css-1ecdp9w" data-testid="product-brand">No Name</p><h3 class="chakra-heading css-6qrhwc" id="20331973_EA" data-testid="product-title">Farmer's Marble Cheese </h3><p class="chakra-text css-1yftjin" data-testid="product-package-size">200 g, $1.80/100g</p></div></a><div class="css-8keand"></div></div><div class="css-1q5omjq"><div class="css-fcebb8"><div data-testid="atc-compact" class="css-y94ivq" style="width: 45px;"><button type="button" class="chakra-button css-mudsm6" data-testid="atc-button"><svg stroke="currentColor" fill="currentColor" stroke-width="0" viewBox="0 0 24 24" focusable="false" class="chakra-icon css-1g3sp7a" data-testid="btn-icon" aria-hidden="true" height="1em" width="1em" xmlns="http://www.w3.org/2000/svg"><path d="M19 13h-6v6h-2v-6H5v-2h6V5h2v6h6v2z"></path></svg><span class="css-idkz9h">Add Farmer's Marble Cheese  to cart</span></button></div></div></div></div></div></div><div class="css-0"><div class="css-f5i5wc"><div class="chakra-linkbox css-vhnn8v"><div data-testid="product-image" class="css-16dr4ly"><img alt="Black Diamond Old Cheddar Cheese, Cashews &amp; Cranberries Combo, 3 units 127.6 g, $4.30/100g" src="https://assets.shop.loblaws.ca/products/21208897/b3/en/front/21208897_front_a06_@2.png" srcset="https://assets.shop.loblaws.ca/products/21208897/b3/en/front/21208897_front_a06_@2.png 1x, https://assets.shop.loblaws.ca/products/21208897/b3/en/front/21208897_front_a06_@2.png 2x" loading="lazy" class="chakra-image css-oguq8l" aria-hidden="true"></div><div class="css-qoklea"><div class="css-12dchmx"></div><div data-testid="price-product-tile" class="css-8atqhb"><p class="chakra-text css-0"><span class="chakra-text css-pwnbcb" data-testid="regular-price"><span class="css-idkz9h">$5.49</span>$5.49</span></p></div><a href="/old-cheddar-cheese-cashews-cranberries-combo-3-uni/p/21208897_EA?source=nspt" class="chakra-linkbox__overlay css-1hnz6hu"><div class="css-0"><p class="chakra-text css-1ecdp9w" data-testid="product-brand">Black Diamond</p><h3 class="chakra-heading css-6qrhwc" id="21208897_EA" data-testid="product-title">Old Cheddar Cheese, Cashews &amp; Cranberries Combo, 3 units</h3><p class="chakra-text css-1yftjin" data-testid="product-package-size">127.6 g, $4.30/100g</p></div></a><div class="css-8keand"></div></div><div class="css-1q5omjq"><div class="css-fcebb8"><div data-testid="atc-compact" class="css-y94ivq" style="width: 45px;"><button type="button" class="chakra-button css-mudsm6" data-testid="atc-button"><svg stroke="currentColor" fill="currentColor" stroke-width="0" viewBox="0 0 24 24" focusable="false" class="chakra-icon css-1g3sp7a" data-testid="btn-icon" aria-hidden="true" height="1em" width="1em" xmlns="http://www.w3.org/2000/svg"><path d="M19 13h-6v6h-2v-6H5v-2h6V5h2v6h6v2z"></path></svg><span class="css-idkz9h">Add Old Cheddar Cheese, Cashews &amp; Cranberries Combo, 3 units to cart</span></button></div></div></div></div></div></div><div class="css-0"><div class="css-f5i5wc"><div class="chakra-linkbox css-vhnn8v"><div data-testid="product-image" class="css-16dr4ly"><img alt="Philadelphia Smoked Salmon Cream Cheese Product 227 g, $2.02/100g" src="https://assets.shop.loblaws.ca/products/20866924001/b3/en/front/20866924001_front_a06_@2.png" srcset="https://assets.shop.loblaws.ca/products/20866924001/b3/en/front/20866924001_front_a06_@2.png 1x, https://assets.shop.loblaws.ca/products/20866924001/b3/en/front/20866924001_front_a06_@2.png 2x" loading="lazy" class="chakra-image css-oguq8l" aria-hidden="true"></div><div class="css-qoklea"><div class="css-12dchmx"></div><div data-testid="price-product-tile" class="css-8atqhb"><p class="chakra-text css-0"><span class="chakra-text css-pwnbcb" data-testid="regular-price"><span class="css-idkz9h">$4.59</span>$4.59</span></p></div><a href="/smoked-salmon-cream-cheese-product/p/20866924001_EA?source=nspt" class="chakra-linkbox__overlay css-1hnz6hu"><div class="css-0"><p class="chakra-text css-1ecdp9w" data-testid="product-brand">Philadelphia</p><h3 class="chakra-heading css-6qrhwc" id="20866924001_EA" data-testid="product-title">Smoked Salmon Cream Cheese Product</h3><p class="chakra-text css-1yftjin" data-testid="product-package-size">227 g, $2.02/100g</p></div></a><div class="css-8keand"></div></div><div class="css-1q5omjq"><div class="css-fcebb8"><div data-testid="atc-compact" class="css-y94ivq" style="width: 45px;"><button type="button" class="chakra-button css-mudsm6" data-testid="atc-button"><svg stroke="currentColor" fill="currentColor" stroke-width="0" viewBox="0 0 24 24" focusable="false" class="chakra-icon css-1g3sp7a" data-testid="btn-icon" aria-hidden="true" height="1em" width="1em" xmlns="http://www.w3.org/2000/svg"><path d="M19 13h-6v6h-2v-6H5v-2h6V5h2v6h6v2z"></path></svg><span class="css-idkz9h">Add Smoked Salmon Cream Cheese Product to cart</span></button></div></div></div></div></div></div><div class="css-0"><div class="css-f5i5wc"><div class="chakra-linkbox css-vhnn8v"><div data-testid="product-image" class="css-16dr4ly"><img alt="Portuguese Cheese Fresh Goat Cheese 350 g, $2.45/100g" src="https://assets.shop.loblaws.ca/products/20123686/b3/en/front/20123686_front_a06_@2.png" srcset="https://assets.shop.loblaws.ca/products/20123686/b3/en/front/20123686_front_a06_@2.png 1x, https://assets.shop.loblaws.ca/products/20123686/b3/en/front/20123686_front_a06_@2.png 2x" loading="lazy" class="chakra-image css-oguq8l" aria-hidden="true"></div><div class="css-qoklea"><div class="css-12dchmx"></div><div data-testid="price-product-tile" class="css-8atqhb"><p class="chakra-text css-0"><span class="chakra-text css-pwnbcb" data-testid="regular-price"><span class="css-idkz9h">$8.59</span>$8.59</span></p></div><a href="/fresh-goat-cheese/p/20123686_EA?source=nspt" class="chakra-linkbox__overlay css-1hnz6hu"><div class="css-0"><p class="chakra-text css-1ecdp9w" data-testid="product-brand">Portuguese Cheese</p><h3 class="chakra-heading css-6qrhwc" id="20123686_EA" data-testid="product-title">Fresh Goat Cheese</h3><p class="chakra-text css-1yftjin" data-testid="product-package-size">350 g, $2.45/100g</p></div></a><div class="css-8keand"></div></div><div class="css-1q5omjq"><div class="css-fcebb8"><div data-testid="atc-compact" class="css-y94ivq" style="width: 45px;"><button type="button" class="chakra-button css-mudsm6" data-testid="atc-button"><svg stroke="currentColor" fill="currentColor" stroke-width="0" viewBox="0 0 24 24" focusable="false" class="chakra-icon css-1g3sp7a" data-testid="btn-icon" aria-hidden="true" height="1em" width="1em" xmlns="http://www.w3.org/2000/svg"><path d="M19 13h-6v6h-2v-6H5v-2h6V5h2v6h6v2z"></path></svg><span class="css-idkz9h">Add Fresh Goat Cheese to cart</span></button></div></div></div></div></div></div><div class="css-0"><div class="css-f5i5wc"><div class="chakra-linkbox css-vhnn8v"><div data-testid="product-image" class="css-16dr4ly"><img alt="Portuguese Cheese Port Span Quesofresco Wedge (By Weight) $2.29/100g $22.90/1kg" src="https://assets.shop.loblaws.ca/products/20046700/b3/en/front/20046700_front_a06_@2.png" srcset="https://assets.shop.loblaws.ca/products/20046700/b3/en/front/20046700_front_a06_@2.png 1x, https://assets.shop.loblaws.ca/products/20046700/b3/en/front/20046700_front_a06_@2.png 2x" loading="lazy" class="chakra-image css-oguq8l" aria-hidden="true"></div><div class="css-qoklea"><div class="css-12dchmx"></div><div data-testid="price-product-tile" class="css-8atqhb"><p class="chakra-text css-0"><span class="chakra-text css-pwnbcb" data-testid="regular-price"><span class="css-idkz9h">about $7.33</span>about $7.33</span></p></div><a href="/port-span-quesofresco-wedge-by-weight/p/20046700_KG?source=nspt" class="chakra-linkbox__overlay css-1hnz6hu"><div class="css-0"><p class="chakra-text css-1ecdp9w" data-testid="product-brand">Portuguese Cheese</p><h3 class="chakra-heading css-6qrhwc" id="20046700_KG" data-testid="product-title">Port Span Quesofresco Wedge (By Weight)</h3><p class="chakra-text css-1yftjin" data-testid="product-package-size">$2.29/100g $22.90/1kg</p></div></a><div class="css-8keand"></div></div><div class="css-1q5omjq"><div class="css-fcebb8"><div data-testid="atc-compact" class="css-y94ivq" style="width: 45px;"><button type="button" class="chakra-button css-mudsm6" data-testid="atc-button"><svg stroke="currentColor" fill="currentColor" stroke-width="0" viewBox="0 0 24 24" focusable="false" class="chakra-icon css-1g3sp7a" data-testid="btn-icon" aria-hidden="true" height="1em" width="1em" xmlns="http://www.w3.org/2000/svg"><path d="M19 13h-6v6h-2v-6H5v-2h6V5h2v6h6v2z"></path></svg><span class="css-idkz9h">Add Port Span Quesofresco Wedge (By Weight) to cart</span></button></div></div></div></div></div></div><div class="css-0"><div class="css-f5i5wc"><div class="chakra-linkbox css-vhnn8v"><div data-testid="product-image" class="css-16dr4ly"><img alt="Portuguese Cheese Queijo do Pico $21.90/1kg" srcset="undefined 1x, undefined 2x" loading="lazy" class="chakra-image css-oguq8l" aria-hidden="true"></div><div class="css-qoklea"><div class="css-12dchmx"></div><div data-testid="price-product-tile" class="css-8atqhb"><p class="chakra-text css-0"><span class="chakra-text css-pwnbcb" data-testid="regular-price"><span class="css-idkz9h">$21.90</span>$21.90</span></p></div><a href="/queijo-do-pico/p/20037540_KG?source=nspt" class="chakra-linkbox__overlay css-1hnz6hu"><div class="css-0"><p class="chakra-text css-1ecdp9w" data-testid="product-brand">Portuguese Cheese</p><h3 class="chakra-heading css-6qrhwc" id="20037540_KG" data-testid="product-title">Queijo do Pico</h3><p class="chakra-text css-1yftjin" data-testid="product-package-size">$21.90/1kg</p></div></a><div class="css-8keand"></div></div><div class="css-1q5omjq"><div class="css-fcebb8"><div data-testid="atc-compact" class="css-y94ivq" style="width: 45px;"><button type="button" class="chakra-button css-mudsm6" data-testid="atc-button"><svg stroke="currentColor" fill="currentColor" stroke-width="0" viewBox="0 0 24 24" focusable="false" class="chakra-icon css-1g3sp7a" data-testid="btn-icon" aria-hidden="true" height="1em" width="1em" xmlns="http://www.w3.org/2000/svg"><path d="M19 13h-6v6h-2v-6H5v-2h6V5h2v6h6v2z"></path></svg><span class="css-idkz9h">Add Queijo do Pico to cart</span></button></div></div></div></div></div></div><div class="css-0"><div class="css-f5i5wc"><div class="chakra-linkbox css-vhnn8v"><div data-testid="product-image" class="css-16dr4ly"><img alt="President's Choice Montreal Steak Spice Seasoned Pizza Mozzarella and Cheddar Cheese Blend 320 g, $1.97/100g" src="https://assets.shop.loblaws.ca/products/21575868/b3/en/front/21575868_front_a06_@2.png" srcset="https://assets.shop.loblaws.ca/products/21575868/b3/en/front/21575868_front_a06_@2.png 1x, https://assets.shop.loblaws.ca/products/21575868/b3/en/front/21575868_front_a06_@2.png 2x" loading="lazy" class="chakra-image css-oguq8l" aria-hidden="true"></div><div class="css-qoklea"><div class="css-12dchmx"><div class="chakra-badge css-34x0wr" data-testid="product-badge"><div class="css-u4p24i">New</div></div></div><div data-testid="price-product-tile" class="css-8atqhb"><p class="chakra-text css-0"><span class="chakra-text css-pwnbcb" data-testid="regular-price"><span class="css-idkz9h">$6.29</span>$6.29</span></p></div><a href="/montreal-steak-spice-seasoned-pizza-mozzarella-and/p/21575868_EA?source=nspt" class="chakra-linkbox__overlay css-1hnz6hu"><div class="css-0"><p class="chakra-text css-1ecdp9w" data-testid="product-brand">President's Choice</p><h3 class="chakra-heading css-6qrhwc" id="21575868_EA" data-testid="product-title">Montreal Steak Spice Seasoned Pizza Mozzarella and Cheddar Cheese Blend</h3><p class="chakra-text css-1yftjin" data-testid="product-package-size">320 g, $1.97/100g</p></div></a><div class="css-8keand"></div></div><div class="css-1q5omjq"><div class="css-fcebb8"><div data-testid="atc-compact" class="css-y94ivq" style="width: 45px;"><button type="button" class="chakra-button css-mudsm6" data-testid="atc-button"><svg stroke="currentColor" fill="currentColor" stroke-width="0" viewBox="0 0 24 24" focusable="false" class="chakra-icon css-1g3sp7a" data-testid="btn-icon" aria-hidden="true" height="1em" width="1em" xmlns="http://www.w3.org/2000/svg"><path d="M19 13h-6v6h-2v-6H5v-2h6V5h2v6h6v2z"></path></svg><span class="css-idkz9h">Add Montreal Steak Spice Seasoned Pizza Mozzarella and Cheddar Cheese Blend to cart</span></button></div></div></div></div></div></div><div class="css-0"><div class="css-f5i5wc"><div class="chakra-linkbox css-vhnn8v"><div data-testid="product-image" class="css-16dr4ly"><img alt="No Name Shredded Marble Farmer's Cheese 900 g, $1.67/100g" src="https://assets.shop.loblaws.ca/products/21200683/b3/en/front/21200683_front_a06_@2.png" srcset="https://assets.shop.loblaws.ca/products/21200683/b3/en/front/21200683_front_a06_@2.png 1x, https://assets.shop.loblaws.ca/products/21200683/b3/en/front/21200683_front_a06_@2.png 2x" loading="lazy" class="chakra-image css-oguq8l" aria-hidden="true"></div><div class="css-qoklea"><div class="css-12dchmx"></div><div data-testid="price-product-tile" class="css-8atqhb"><p class="chakra-text css-0"><span class="chakra-text css-pwnbcb" data-testid="regular-price"><span class="css-idkz9h">$14.99</span>$14.99</span></p></div><a href="/shredded-marble-farmer-s-cheese/p/21200683_EA?source=nspt" class="chakra-linkbox__overlay css-1hnz6hu"><div class="css-0"><p class="chakra-text css-1ecdp9w" data-testid="product-brand">No Name</p><h3 class="chakra-heading css-6qrhwc" id="21200683_EA" data-testid="product-title">Shredded Marble Farmer's Cheese</h3><p class="chakra-text css-1yftjin" data-testid="product-package-size">900 g, $1.67/100g</p></div></a><div class="css-8keand"></div></div><div class="css-1q5omjq"><div class="css-fcebb8"><div data-testid="atc-compact" class="css-y94ivq" style="width: 45px;"><button type="button" class="chakra-button css-mudsm6" data-testid="atc-button"><svg stroke="currentColor" fill="currentColor" stroke-width="0" viewBox="0 0 24 24" focusable="false" class="chakra-icon css-1g3sp7a" data-testid="btn-icon" aria-hidden="true" height="1em" width="1em" xmlns="http://www.w3.org/2000/svg"><path d="M19 13h-6v6h-2v-6H5v-2h6V5h2v6h6v2z"></path></svg><span class="css-idkz9h">Add Shredded Marble Farmer's Cheese to cart</span></button></div></div></div></div></div></div><div class="css-0"><div class="css-f5i5wc"><div class="chakra-linkbox css-vhnn8v"><div data-testid="product-image" class="css-16dr4ly"><img alt="President's Choice Pizza Mozzarella and Cheddar Shredded Cheese Blend 320 g, $1.97/100g" src="https://assets.shop.loblaws.ca/products/21475493/b3/en/front/21475493_front_a06_@2.png" srcset="https://assets.shop.loblaws.ca/products/21475493/b3/en/front/21475493_front_a06_@2.png 1x, https://assets.shop.loblaws.ca/products/21475493/b3/en/front/21475493_front_a06_@2.png 2x" loading="lazy" class="chakra-image css-oguq8l" aria-hidden="true"></div><div class="css-qoklea"><div class="css-12dchmx"></div><div data-testid="price-product-tile" class="css-8atqhb"><p class="chakra-text css-0"><span class="chakra-text css-pwnbcb" data-testid="regular-price"><span class="css-idkz9h">$6.29</span>$6.29</span></p></div><a href="/pizza-mozzarella-and-cheddar-shredded-cheese-blend/p/21475493_EA?source=nspt" class="chakra-linkbox__overlay css-1hnz6hu"><div class="css-0"><p class="chakra-text css-1ecdp9w" data-testid="product-brand">President's Choice</p><h3 class="chakra-heading css-6qrhwc" id="21475493_EA" data-testid="product-title">Pizza Mozzarella and Cheddar Shredded Cheese Blend</h3><p class="chakra-text css-1yftjin" data-testid="product-package-size">320 g, $1.97/100g</p></div></a><div class="css-8keand"></div></div><div class="css-1q5omjq"><div class="css-fcebb8"><div data-testid="atc-compact" class="css-y94ivq" style="width: 45px;"><button type="button" class="chakra-button css-mudsm6" data-testid="atc-button"><svg stroke="currentColor" fill="currentColor" stroke-width="0" viewBox="0 0 24 24" focusable="false" class="chakra-icon css-1g3sp7a" data-testid="btn-icon" aria-hidden="true" height="1em" width="1em" xmlns="http://www.w3.org/2000/svg"><path d="M19 13h-6v6h-2v-6H5v-2h6V5h2v6h6v2z"></path></svg><span class="css-idkz9h">Add Pizza Mozzarella and Cheddar Shredded Cheese Blend to cart</span></button></div></div></div></div></div></div><div class="css-0"><div class="css-f5i5wc"><div class="chakra-linkbox css-vhnn8v"><div data-testid="product-image" class="css-16dr4ly"><img alt="Gay Lea Nordica Cottage Cheese, Creamed 4% 500 g, $1.06/100g" src="https://assets.shop.loblaws.ca/products/20319458002/b3/en/front/20319458002_front_a06_@2.png" srcset="https://assets.shop.loblaws.ca/products/20319458002/b3/en/front/20319458002_front_a06_@2.png 1x, https://assets.shop.loblaws.ca/products/20319458002/b3/en/front/20319458002_front_a06_@2.png 2x" loading="lazy" class="chakra-image css-oguq8l" aria-hidden="true"></div><div class="css-qoklea"><div class="css-12dchmx"></div><div data-testid="price-product-tile" class="css-8atqhb"><p class="chakra-text css-0"><span class="chakra-text css-pwnbcb" data-testid="regular-price"><span class="css-idkz9h">$5.29</span>$5.29</span></p></div><a href="/nordica-cottage-cheese-creamed-4/p/20319458002_EA?source=nspt" class="chakra-linkbox__overlay css-1hnz6hu"><div class="css-0"><p class="chakra-text css-1ecdp9w" data-testid="product-brand">Gay Lea</p><h3 class="chakra-heading css-6qrhwc" id="20319458002_EA" data-testid="product-title">Nordica Cottage Cheese, Creamed 4%</h3><p class="chakra-text css-1yftjin" data-testid="product-package-size">500 g, $1.06/100g</p></div></a><div class="css-8keand"></div></div><div class="css-1q5omjq"><div class="css-fcebb8"><div data-testid="atc-compact" class="css-y94ivq" style="width: 45px;"><button type="button" class="chakra-button css-mudsm6" data-testid="atc-button"><svg stroke="currentColor" fill="currentColor" stroke-width="0" viewBox="0 0 24 24" focusable="false" class="chakra-icon css-1g3sp7a" data-testid="btn-icon" aria-hidden="true" height="1em" width="1em" xmlns="http://www.w3.org/2000/svg"><path d="M19 13h-6v6h-2v-6H5v-2h6V5h2v6h6v2z"></path></svg><span class="css-idkz9h">Add Nordica Cottage Cheese, Creamed 4% to cart</span></button></div></div></div></div></div></div><div class="css-0"><div class="css-f5i5wc"><div class="chakra-linkbox css-vhnn8v"><div data-testid="product-image" class="css-16dr4ly"><img alt="No Name Light Original Cream Cheese Spread 340 g, $1.38/100g" src="https://assets.shop.loblaws.ca/products/20911060/b3/en/front/20911060_front_a06_@2.png" srcset="https://assets.shop.loblaws.ca/products/20911060/b3/en/front/20911060_front_a06_@2.png 1x, https://assets.shop.loblaws.ca/products/20911060/b3/en/front/20911060_front_a06_@2.png 2x" loading="lazy" class="chakra-image css-oguq8l" aria-hidden="true"></div><div class="css-qoklea"><div class="css-12dchmx"></div><div data-testid="price-product-tile" class="css-8atqhb"><p class="chakra-text css-0"><span class="chakra-text css-pwnbcb" data-testid="regular-price"><span class="css-idkz9h">$4.69</span>$4.69</span></p></div><a href="/light-original-cream-cheese-spread/p/20911060_EA?source=nspt" class="chakra-linkbox__overlay css-1hnz6hu"><div class="css-0"><p class="chakra-text css-1ecdp9w" data-testid="product-brand">No Name</p><h3 class="chakra-heading css-6qrhwc" id="20911060_EA" data-testid="product-title">Light Original Cream Cheese Spread</h3><p class="chakra-text css-1yftjin" data-testid="product-package-size">340 g, $1.38/100g</p></div></a><div class="css-8keand"></div></div><div class="css-1q5omjq"><div class="css-fcebb8"><div data-testid="atc-compact" class="css-y94ivq" style="width: 45px;"><button type="button" class="chakra-button css-mudsm6" data-testid="atc-button"><svg stroke="currentColor" fill="currentColor" stroke-width="0" viewBox="0 0 24 24" focusable="false" class="chakra-icon css-1g3sp7a" data-testid="btn-icon" aria-hidden="true" height="1em" width="1em" xmlns="http://www.w3.org/2000/svg"><path d="M19 13h-6v6h-2v-6H5v-2h6V5h2v6h6v2z"></path></svg><span class="css-idkz9h">Add Light Original Cream Cheese Spread to cart</span></button></div></div></div></div></div></div><div class="css-0"><div class="css-f5i5wc"><div class="chakra-linkbox css-vhnn8v"><div data-testid="product-image" class="css-16dr4ly"><img alt="Happy Dairy Non-Melting Cheese Paneer 20% M.F. 300 g, $1.33/100g" src="https://assets.shop.loblaws.ca/products/21343632/b3/en/front/21343632_front_a06_@2.png" srcset="https://assets.shop.loblaws.ca/products/21343632/b3/en/front/21343632_front_a06_@2.png 1x, https://assets.shop.loblaws.ca/products/21343632/b3/en/front/21343632_front_a06_@2.png 2x" loading="lazy" class="chakra-image css-oguq8l" aria-hidden="true"></div><div class="css-qoklea"><div class="css-12dchmx"></div><div data-testid="price-product-tile" class="css-8atqhb"><p class="chakra-text css-0"><span class="chakra-text css-pwnbcb" data-testid="regular-price"><span class="css-idkz9h">$4.00</span>$4.00</span></p></div><a href="/non-melting-cheese-paneer-20-m-f/p/21343632_EA?source=nspt" class="chakra-linkbox__overlay css-1hnz6hu"><div class="css-0"><p class="chakra-text css-1ecdp9w" data-testid="product-brand">Happy Dairy</p><h3 class="chakra-heading css-6qrhwc" id="21343632_EA" data-testid="product-title">Non-Melting Cheese Paneer 20% M.F.</h3><p class="chakra-text css-1yftjin" data-testid="product-package-size">300 g, $1.33/100g</p></div></a><div class="css-8keand"></div></div><div class="css-1q5omjq"><div class="css-fcebb8"><div data-testid="atc-compact" class="css-y94ivq" style="width: 45px;"><button type="button" class="chakra-button css-mudsm6" data-testid="atc-button"><svg stroke="currentColor" fill="currentColor" stroke-width="0" viewBox="0 0 24 24" focusable="false" class="chakra-icon css-1g3sp7a" data-testid="btn-icon" aria-hidden="true" height="1em" width="1em" xmlns="http://www.w3.org/2000/svg"><path d="M19 13h-6v6h-2v-6H5v-2h6V5h2v6h6v2z"></path></svg><span class="css-idkz9h">Add Non-Melting Cheese Paneer 20% M.F. to cart</span></button></div></div></div></div></div></div><div class="css-0"><div class="css-f5i5wc"><div class="chakra-linkbox css-vhnn8v"><div data-testid="product-image" class="css-16dr4ly"><img alt="Gay Lea Nordica Cottage Cheese, Fat Free 500 g, $1.06/100g" src="https://assets.shop.loblaws.ca/products/20166239001/b3/en/front/20166239001_front_a06_@2.png" srcset="https://assets.shop.loblaws.ca/products/20166239001/b3/en/front/20166239001_front_a06_@2.png 1x, https://assets.shop.loblaws.ca/products/20166239001/b3/en/front/20166239001_front_a06_@2.png 2x" loading="lazy" class="chakra-image css-oguq8l" aria-hidden="true"></div><div class="css-qoklea"><div class="css-12dchmx"></div><div data-testid="price-product-tile" class="css-8atqhb"><p class="chakra-text css-0"><span class="chakra-text css-pwnbcb" data-testid="regular-price"><span class="css-idkz9h">$5.29</span>$5.29</span></p></div><a href="/nordica-cottage-cheese-fat-free/p/20166239001_EA?source=nspt" class="chakra-linkbox__overlay css-1hnz6hu"><div class="css-0"><p class="chakra-text css-1ecdp9w" data-testid="product-brand">Gay Lea</p><h3 class="chakra-heading css-6qrhwc" id="20166239001_EA" data-testid="product-title">Nordica Cottage Cheese, Fat Free</h3><p class="chakra-text css-1yftjin" data-testid="product-package-size">500 g, $1.06/100g</p></div></a><div class="css-8keand"></div></div><div class="css-1q5omjq"><div class="css-fcebb8"><div data-testid="atc-compact" class="css-y94ivq" style="width: 45px;"><button type="button" class="chakra-button css-mudsm6" data-testid="atc-button"><svg stroke="currentColor" fill="currentColor" stroke-width="0" viewBox="0 0 24 24" focusable="false" class="chakra-icon css-1g3sp7a" data-testid="btn-icon" aria-hidden="true" height="1em" width="1em" xmlns="http://www.w3.org/2000/svg"><path d="M19 13h-6v6h-2v-6H5v-2h6V5h2v6h6v2z"></path></svg><span class="css-idkz9h">Add Nordica Cottage Cheese, Fat Free to cart</span></button></div></div></div></div></div></div><div class="css-0"><div class="css-f5i5wc"><div class="chakra-linkbox css-vhnn8v"><div data-testid="product-image" class="css-16dr4ly"><img alt="No Name Cream Cheese Product With Jalapeño  227 g, $1.32/100g" src="https://assets.shop.loblaws.ca/products/21047867/b3/en/front/21047867_front_a06_@2.png" srcset="https://assets.shop.loblaws.ca/products/21047867/b3/en/front/21047867_front_a06_@2.png 1x, https://assets.shop.loblaws.ca/products/21047867/b3/en/front/21047867_front_a06_@2.png 2x" loading="lazy" class="chakra-image css-oguq8l" aria-hidden="true"></div><div class="css-qoklea"><div class="css-12dchmx"></div><div data-testid="price-product-tile" class="css-8atqhb"><p class="chakra-text css-0"><span class="chakra-text css-pwnbcb" data-testid="regular-price"><span class="css-idkz9h">$3.00</span>$3.00</span></p></div><a href="/cream-cheese-product-with-jalape-o/p/21047867_EA?source=nspt" class="chakra-linkbox__overlay css-1hnz6hu"><div class="css-0"><p class="chakra-text css-1ecdp9w" data-testid="product-brand">No Name</p><h3 class="chakra-heading css-6qrhwc" id="21047867_EA" data-testid="product-title">Cream Cheese Product With Jalapeño </h3><p class="chakra-text css-1yftjin" data-testid="product-package-size">227 g, $1.32/100g</p></div></a><div class="css-8keand"></div></div><div class="css-1q5omjq"><div class="css-fcebb8"><div data-testid="atc-compact" class="css-y94ivq" style="width: 45px;"><button type="button" class="chakra-button css-mudsm6" data-testid="atc-button"><svg stroke="currentColor" fill="currentColor" stroke-width="0" viewBox="0 0 24 24" focusable="false" class="chakra-icon css-1g3sp7a" data-testid="btn-icon" aria-hidden="true" height="1em" width="1em" xmlns="http://www.w3.org/2000/svg"><path d="M19 13h-6v6h-2v-6H5v-2h6V5h2v6h6v2z"></path></svg><span class="css-idkz9h">Add Cream Cheese Product With Jalapeño  to cart</span></button></div></div></div></div></div></div><div class="css-0"><div class="css-f5i5wc"><div class="chakra-linkbox css-vhnn8v"><div data-testid="product-image" class="css-16dr4ly"><img alt="Balderson Port Salut Cheese 150 g, $4.46/100g" src="https://assets.shop.loblaws.ca/products/20007160/b3/en/front/20007160_front_a06_@2.png" srcset="https://assets.shop.loblaws.ca/products/20007160/b3/en/front/20007160_front_a06_@2.png 1x, https://assets.shop.loblaws.ca/products/20007160/b3/en/front/20007160_front_a06_@2.png 2x" loading="lazy" class="chakra-image css-oguq8l" aria-hidden="true"></div><div class="css-qoklea"><div class="css-12dchmx"></div><div data-testid="price-product-tile" class="css-8atqhb"><p class="chakra-text css-0"><span class="chakra-text css-pwnbcb" data-testid="regular-price"><span class="css-idkz9h">$6.69</span>$6.69</span></p></div><a href="/port-salut-cheese/p/20007160_EA?source=nspt" class="chakra-linkbox__overlay css-1hnz6hu"><div class="css-0"><p class="chakra-text css-1ecdp9w" data-testid="product-brand">Balderson</p><h3 class="chakra-heading css-6qrhwc" id="20007160_EA" data-testid="product-title">Port Salut Cheese</h3><p class="chakra-text css-1yftjin" data-testid="product-package-size">150 g, $4.46/100g</p></div></a><div class="css-8keand"></div></div><div class="css-1q5omjq"><div class="css-fcebb8"><div data-testid="atc-compact" class="css-y94ivq" style="width: 45px;"><button type="button" class="chakra-button css-mudsm6" data-testid="atc-button"><svg stroke="currentColor" fill="currentColor" stroke-width="0" viewBox="0 0 24 24" focusable="false" class="chakra-icon css-1g3sp7a" data-testid="btn-icon" aria-hidden="true" height="1em" width="1em" xmlns="http://www.w3.org/2000/svg"><path d="M19 13h-6v6h-2v-6H5v-2h6V5h2v6h6v2z"></path></svg><span class="css-idkz9h">Add Port Salut Cheese to cart</span></button></div></div></div></div></div></div><div class="css-0"><div class="css-f5i5wc"><div class="chakra-linkbox css-vhnn8v"><div data-testid="product-image" class="css-16dr4ly"><img alt="No Name Cream Cheese Spread with Herbs &amp; Roasted Garlic 227 g, $1.32/100g" src="https://assets.shop.loblaws.ca/products/21035622/b3/en/front/21035622_front_a06_@2.png" srcset="https://assets.shop.loblaws.ca/products/21035622/b3/en/front/21035622_front_a06_@2.png 1x, https://assets.shop.loblaws.ca/products/21035622/b3/en/front/21035622_front_a06_@2.png 2x" loading="lazy" class="chakra-image css-oguq8l" aria-hidden="true"></div><div class="css-qoklea"><div class="css-12dchmx"></div><div data-testid="price-product-tile" class="css-8atqhb"><p class="chakra-text css-0"><span class="chakra-text css-pwnbcb" data-testid="regular-price"><span class="css-idkz9h">$3.00</span>$3.00</span></p></div><a href="/cream-cheese-spread-with-herbs-roasted-garlic/p/21035622_EA?source=nspt" class="chakra-linkbox__overlay css-1hnz6hu"><div class="css-0"><p class="chakra-text css-1ecdp9w" data-testid="product-brand">No Name</p><h3 class="chakra-heading css-6qrhwc" id="21035622_EA" data-testid="product-title">Cream Cheese Spread with Herbs &amp; Roasted Garlic</h3><p class="chakra-text css-1yftjin" data-testid="product-package-size">227 g, $1.32/100g</p></div></a><div class="css-8keand"></div></div><div class="css-1q5omjq"><div class="css-fcebb8"><div data-testid="atc-compact" class="css-y94ivq" style="width: 45px;"><button type="button" class="chakra-button css-mudsm6" data-testid="atc-button"><svg stroke="currentColor" fill="currentColor" stroke-width="0" viewBox="0 0 24 24" focusable="false" class="chakra-icon css-1g3sp7a" data-testid="btn-icon" aria-hidden="true" height="1em" width="1em" xmlns="http://www.w3.org/2000/svg"><path d="M19 13h-6v6h-2v-6H5v-2h6V5h2v6h6v2z"></path></svg><span class="css-idkz9h">Add Cream Cheese Spread with Herbs &amp; Roasted Garlic to cart</span></button></div></div></div></div></div></div><div class="css-0"><div class="css-f5i5wc"><div class="chakra-linkbox css-vhnn8v"><div data-testid="product-image" class="css-16dr4ly"><img alt="Black Diamond Marble Cheddar Cheese, Almonds &amp; Cranberries Combo, 3 units 127.6 g, $4.30/100g" src="https://assets.shop.loblaws.ca/products/21208641/b3/en/front/21208641_front_a06_@2.png" srcset="https://assets.shop.loblaws.ca/products/21208641/b3/en/front/21208641_front_a06_@2.png 1x, https://assets.shop.loblaws.ca/products/21208641/b3/en/front/21208641_front_a06_@2.png 2x" loading="lazy" class="chakra-image css-oguq8l" aria-hidden="true"></div><div class="css-qoklea"><div class="css-12dchmx"></div><div data-testid="price-product-tile" class="css-8atqhb"><p class="chakra-text css-0"><span class="chakra-text css-pwnbcb" data-testid="regular-price"><span class="css-idkz9h">$5.49</span>$5.49</span></p></div><a href="/marble-cheddar-cheese-almonds-cranberries-combo-3/p/21208641_EA?source=nspt" class="chakra-linkbox__overlay css-1hnz6hu"><div class="css-0"><p class="chakra-text css-1ecdp9w" data-testid="product-brand">Black Diamond</p><h3 class="chakra-heading css-6qrhwc" id="21208641_EA" data-testid="product-title">Marble Cheddar Cheese, Almonds &amp; Cranberries Combo, 3 units</h3><p class="chakra-text css-1yftjin" data-testid="product-package-size">127.6 g, $4.30/100g</p></div></a><div class="css-8keand"></div></div><div class="css-1q5omjq"><div class="css-fcebb8"><div data-testid="atc-compact" class="css-y94ivq" style="width: 45px;"><button type="button" class="chakra-button css-mudsm6" data-testid="atc-button"><svg stroke="currentColor" fill="currentColor" stroke-width="0" viewBox="0 0 24 24" focusable="false" class="chakra-icon css-1g3sp7a" data-testid="btn-icon" aria-hidden="true" height="1em" width="1em" xmlns="http://www.w3.org/2000/svg"><path d="M19 13h-6v6h-2v-6H5v-2h6V5h2v6h6v2z"></path></svg><span class="css-idkz9h">Add Marble Cheddar Cheese, Almonds &amp; Cranberries Combo, 3 units to cart</span></button></div></div></div></div></div></div><div class="css-0"><div class="css-f5i5wc"><div class="chakra-linkbox css-vhnn8v"><div data-testid="product-image" class="css-16dr4ly"><img alt="Armstrong Pizza Mozz Light 18% 400 g, $1.95/100g" src="https://assets.shop.loblaws.ca/products/21347152/b3/en/front/21347152_front_a06_@2.png" srcset="https://assets.shop.loblaws.ca/products/21347152/b3/en/front/21347152_front_a06_@2.png 1x, https://assets.shop.loblaws.ca/products/21347152/b3/en/front/21347152_front_a06_@2.png 2x" loading="lazy" class="chakra-image css-oguq8l" aria-hidden="true"></div><div class="css-qoklea"><div class="css-12dchmx"></div><div data-testid="price-product-tile" class="css-8atqhb"><p class="chakra-text css-0"><span class="chakra-text css-pwnbcb" data-testid="regular-price"><span class="css-idkz9h">$7.79</span>$7.79</span></p></div><a href="/pizza-mozz-light-18/p/21347152_EA?source=nspt" class="chakra-linkbox__overlay css-1hnz6hu"><div class="css-0"><p class="chakra-text css-1ecdp9w" data-testid="product-brand">Armstrong</p><h3 class="chakra-heading css-6qrhwc" id="21347152_EA" data-testid="product-title">Pizza Mozz Light 18%</h3><p class="chakra-text css-1yftjin" data-testid="product-package-size">400 g, $1.95/100g</p></div></a><div class="css-8keand"></div></div><div class="css-1q5omjq"><div class="css-fcebb8"><div data-testid="atc-compact" class="css-y94ivq" style="width: 45px;"><button type="button" class="chakra-button css-mudsm6" data-testid="atc-button"><svg stroke="currentColor" fill="currentColor" stroke-width="0" viewBox="0 0 24 24" focusable="false" class="chakra-icon css-1g3sp7a" data-testid="btn-icon" aria-hidden="true" height="1em" width="1em" xmlns="http://www.w3.org/2000/svg"><path d="M19 13h-6v6h-2v-6H5v-2h6V5h2v6h6v2z"></path></svg><span class="css-idkz9h">Add Pizza Mozz Light 18% to cart</span></button></div></div></div></div></div></div><div class="css-0"><div class="css-f5i5wc"><div class="chakra-linkbox css-vhnn8v"><div data-testid="product-image" class="css-16dr4ly"><img alt="Armstrong Marble Cheddar Light 400 g, $1.95/100g" src="https://assets.shop.loblaws.ca/products/21347070/b3/en/front/21347070_front_a06_@2.png" srcset="https://assets.shop.loblaws.ca/products/21347070/b3/en/front/21347070_front_a06_@2.png 1x, https://assets.shop.loblaws.ca/products/21347070/b3/en/front/21347070_front_a06_@2.png 2x" loading="lazy" class="chakra-image css-oguq8l" aria-hidden="true"></div><div class="css-qoklea"><div class="css-12dchmx"></div><div data-testid="price-product-tile" class="css-8atqhb"><p class="chakra-text css-0"><span class="chakra-text css-pwnbcb" data-testid="regular-price"><span class="css-idkz9h">$7.79</span>$7.79</span></p></div><a href="/marble-cheddar-light/p/21347070_EA?source=nspt" class="chakra-linkbox__overlay css-1hnz6hu"><div class="css-0"><p class="chakra-text css-1ecdp9w" data-testid="product-brand">Armstrong</p><h3 class="chakra-heading css-6qrhwc" id="21347070_EA" data-testid="product-title">Marble Cheddar Light</h3><p class="chakra-text css-1yftjin" data-testid="product-package-size">400 g, $1.95/100g</p></div></a><div class="css-8keand"></div></div><div class="css-1q5omjq"><div class="css-fcebb8"><div data-testid="atc-compact" class="css-y94ivq" style="width: 45px;"><button type="button" class="chakra-button css-mudsm6" data-testid="atc-button"><svg stroke="currentColor" fill="currentColor" stroke-width="0" viewBox="0 0 24 24" focusable="false" class="chakra-icon css-1g3sp7a" data-testid="btn-icon" aria-hidden="true" height="1em" width="1em" xmlns="http://www.w3.org/2000/svg"><path d="M19 13h-6v6h-2v-6H5v-2h6V5h2v6h6v2z"></path></svg><span class="css-idkz9h">Add Marble Cheddar Light to cart</span></button></div></div></div></div></div></div><div class="css-0"><div class="css-f5i5wc"><div class="chakra-linkbox css-vhnn8v"><div data-testid="product-image" class="css-16dr4ly"><img alt="Armstrong Marble Cheddar 400 g, $1.95/100g" src="https://assets.shop.loblaws.ca/products/21346749/b3/en/front/21346749_front_a06_@2.png" srcset="https://assets.shop.loblaws.ca/products/21346749/b3/en/front/21346749_front_a06_@2.png 1x, https://assets.shop.loblaws.ca/products/21346749/b3/en/front/21346749_front_a06_@2.png 2x" loading="lazy" class="chakra-image css-oguq8l" aria-hidden="true"></div><div class="css-qoklea"><div class="css-12dchmx"></div><div data-testid="price-product-tile" class="css-8atqhb"><p class="chakra-text css-0"><span class="chakra-text css-pwnbcb" data-testid="regular-price"><span class="css-idkz9h">$7.79</span>$7.79</span></p></div><a href="/marble-cheddar/p/21346749_EA?source=nspt" class="chakra-linkbox__overlay css-1hnz6hu"><div class="css-0"><p class="chakra-text css-1ecdp9w" data-testid="product-brand">Armstrong</p><h3 class="chakra-heading css-6qrhwc" id="21346749_EA" data-testid="product-title">Marble Cheddar</h3><p class="chakra-text css-1yftjin" data-testid="product-package-size">400 g, $1.95/100g</p></div></a><div class="css-8keand"></div></div><div class="css-1q5omjq"><div class="css-fcebb8"><div data-testid="atc-compact" class="css-y94ivq" style="width: 45px;"><button type="button" class="chakra-button css-mudsm6" data-testid="atc-button"><svg stroke="currentColor" fill="currentColor" stroke-width="0" viewBox="0 0 24 24" focusable="false" class="chakra-icon css-1g3sp7a" data-testid="btn-icon" aria-hidden="true" height="1em" width="1em" xmlns="http://www.w3.org/2000/svg"><path d="M19 13h-6v6h-2v-6H5v-2h6V5h2v6h6v2z"></path></svg><span class="css-idkz9h">Add Marble Cheddar to cart</span></button></div></div></div></div></div></div><div class="css-0"><div class="css-f5i5wc"><div class="chakra-linkbox css-vhnn8v"><div data-testid="product-image" class="css-16dr4ly"><img alt="Kraft Processed Cheese Loaf 450 g, $2.18/100g" src="https://assets.shop.loblaws.ca/products/20076573/b3/en/front/20076573_front_a06_@2.png" srcset="https://assets.shop.loblaws.ca/products/20076573/b3/en/front/20076573_front_a06_@2.png 1x, https://assets.shop.loblaws.ca/products/20076573/b3/en/front/20076573_front_a06_@2.png 2x" loading="lazy" class="chakra-image css-oguq8l" aria-hidden="true"></div><div class="css-qoklea"><div class="css-12dchmx"></div><div data-testid="price-product-tile" class="css-8atqhb"><p class="chakra-text css-0"><span class="chakra-text css-pwnbcb" data-testid="regular-price"><span class="css-idkz9h">$9.79</span>$9.79</span></p></div><a href="/processed-cheese-loaf/p/20076573_EA?source=nspt" class="chakra-linkbox__overlay css-1hnz6hu"><div class="css-0"><p class="chakra-text css-1ecdp9w" data-testid="product-brand">Kraft</p><h3 class="chakra-heading css-6qrhwc" id="20076573_EA" data-testid="product-title">Processed Cheese Loaf</h3><p class="chakra-text css-1yftjin" data-testid="product-package-size">450 g, $2.18/100g</p></div></a><div class="css-8keand"></div></div><div class="css-1q5omjq"><div class="css-fcebb8"><div data-testid="atc-compact" class="css-y94ivq" style="width: 45px;"><button type="button" class="chakra-button css-mudsm6" data-testid="atc-button"><svg stroke="currentColor" fill="currentColor" stroke-width="0" viewBox="0 0 24 24" focusable="false" class="chakra-icon css-1g3sp7a" data-testid="btn-icon" aria-hidden="true" height="1em" width="1em" xmlns="http://www.w3.org/2000/svg"><path d="M19 13h-6v6h-2v-6H5v-2h6V5h2v6h6v2z"></path></svg><span class="css-idkz9h">Add Processed Cheese Loaf to cart</span></button></div></div></div></div></div></div><div class="css-0"><div class="css-f5i5wc"><div class="chakra-linkbox css-vhnn8v"><div data-testid="product-image" class="css-16dr4ly"><img alt="Armstrong Cheese, Cheddar with Jalapeño Mexican Fiesta 31 % M.F. 400 g 400 g, $1.95/100g" src="https://assets.shop.loblaws.ca/products/21346690/b3/en/front/21346690_front_a06_@2.png" srcset="https://assets.shop.loblaws.ca/products/21346690/b3/en/front/21346690_front_a06_@2.png 1x, https://assets.shop.loblaws.ca/products/21346690/b3/en/front/21346690_front_a06_@2.png 2x" loading="lazy" class="chakra-image css-oguq8l" aria-hidden="true"></div><div class="css-qoklea"><div class="css-12dchmx"></div><div data-testid="price-product-tile" class="css-8atqhb"><p class="chakra-text css-0"><span class="chakra-text css-pwnbcb" data-testid="regular-price"><span class="css-idkz9h">$7.79</span>$7.79</span></p></div><a href="/cheese-cheddar-with-jalape-o-mexican-fiesta-31-m-f/p/21346690_EA?source=nspt" class="chakra-linkbox__overlay css-1hnz6hu"><div class="css-0"><p class="chakra-text css-1ecdp9w" data-testid="product-brand">Armstrong</p><h3 class="chakra-heading css-6qrhwc" id="21346690_EA" data-testid="product-title">Cheese, Cheddar with Jalapeño Mexican Fiesta 31 % M.F. 400 g</h3><p class="chakra-text css-1yftjin" data-testid="product-package-size">400 g, $1.95/100g</p></div></a><div class="css-8keand"></div></div><div class="css-1q5omjq"><div class="css-fcebb8"><div data-testid="atc-compact" class="css-y94ivq" style="width: 45px;"><button type="button" class="chakra-button css-mudsm6" data-testid="atc-button"><svg stroke="currentColor" fill="currentColor" stroke-width="0" viewBox="0 0 24 24" focusable="false" class="chakra-icon css-1g3sp7a" data-testid="btn-icon" aria-hidden="true" height="1em" width="1em" xmlns="http://www.w3.org/2000/svg"><path d="M19 13h-6v6h-2v-6H5v-2h6V5h2v6h6v2z"></path></svg><span class="css-idkz9h">Add Cheese, Cheddar with Jalapeño Mexican Fiesta 31 % M.F. 400 g to cart</span></button></div></div></div></div></div></div><div class="css-0"><div class="css-f5i5wc"><div class="chakra-linkbox css-vhnn8v"><div data-testid="product-image" class="css-16dr4ly"><img alt="Saputo Mozzarellissima 500 g, $1.96/100g" src="https://assets.shop.loblaws.ca/products/21023058/b3/en/front/21023058_front_a06_@2.png" srcset="https://assets.shop.loblaws.ca/products/21023058/b3/en/front/21023058_front_a06_@2.png 1x, https://assets.shop.loblaws.ca/products/21023058/b3/en/front/21023058_front_a06_@2.png 2x" loading="lazy" class="chakra-image css-oguq8l" aria-hidden="true"></div><div class="css-qoklea"><div class="css-12dchmx"></div><div data-testid="price-product-tile" class="css-8atqhb"><p class="chakra-text css-0"><span class="chakra-text css-pwnbcb" data-testid="regular-price"><span class="css-idkz9h">$9.79</span>$9.79</span></p></div><a href="/mozzarellissima/p/21023058_EA?source=nspt" class="chakra-linkbox__overlay css-1hnz6hu"><div class="css-0"><p class="chakra-text css-1ecdp9w" data-testid="product-brand">Saputo</p><h3 class="chakra-heading css-6qrhwc" id="21023058_EA" data-testid="product-title">Mozzarellissima</h3><p class="chakra-text css-1yftjin" data-testid="product-package-size">500 g, $1.96/100g</p></div></a><div class="css-8keand"></div></div><div class="css-1q5omjq"><div class="css-fcebb8"><div data-testid="atc-compact" class="css-y94ivq" style="width: 45px;"><button type="button" class="chakra-button css-mudsm6" data-testid="atc-button"><svg stroke="currentColor" fill="currentColor" stroke-width="0" viewBox="0 0 24 24" focusable="false" class="chakra-icon css-1g3sp7a" data-testid="btn-icon" aria-hidden="true" height="1em" width="1em" xmlns="http://www.w3.org/2000/svg"><path d="M19 13h-6v6h-2v-6H5v-2h6V5h2v6h6v2z"></path></svg><span class="css-idkz9h">Add Mozzarellissima to cart</span></button></div></div></div></div></div></div><div class="css-0"><div class="css-f5i5wc"><div class="chakra-linkbox css-vhnn8v"><div data-testid="product-image" class="css-16dr4ly"><img alt="Kraft Singles Original Light 410 g, $1.41/100g" src="https://assets.shop.loblaws.ca/products/21188390/b3/en/front/21188390_front_a06_@2.png" srcset="https://assets.shop.loblaws.ca/products/21188390/b3/en/front/21188390_front_a06_@2.png 1x, https://assets.shop.loblaws.ca/products/21188390/b3/en/front/21188390_front_a06_@2.png 2x" loading="lazy" class="chakra-image css-oguq8l" aria-hidden="true"></div><div class="css-qoklea"><div class="css-12dchmx"></div><div data-testid="price-product-tile" class="css-8atqhb"><p class="chakra-text css-0"><span class="chakra-text css-pwnbcb" data-testid="regular-price"><span class="css-idkz9h">$5.79</span>$5.79</span></p></div><a href="/singles-original-light/p/21188390_EA?source=nspt" class="chakra-linkbox__overlay css-1hnz6hu"><div class="css-0"><p class="chakra-text css-1ecdp9w" data-testid="product-brand">Kraft</p><h3 class="chakra-heading css-6qrhwc" id="21188390_EA" data-testid="product-title">Singles Original Light</h3><p class="chakra-text css-1yftjin" data-testid="product-package-size">410 g, $1.41/100g</p></div></a><div class="css-8keand"></div></div><div class="css-1q5omjq"><div class="css-fcebb8"><div data-testid="atc-compact" class="css-y94ivq" style="width: 45px;"><button type="button" class="chakra-button css-mudsm6" data-testid="atc-button"><svg stroke="currentColor" fill="currentColor" stroke-width="0" viewBox="0 0 24 24" focusable="false" class="chakra-icon css-1g3sp7a" data-testid="btn-icon" aria-hidden="true" height="1em" width="1em" xmlns="http://www.w3.org/2000/svg"><path d="M19 13h-6v6h-2v-6H5v-2h6V5h2v6h6v2z"></path></svg><span class="css-idkz9h">Add Singles Original Light to cart</span></button></div></div></div></div></div></div><div class="css-0"><div class="css-f5i5wc"><div class="chakra-linkbox css-vhnn8v"><div data-testid="product-image" class="css-16dr4ly"><img alt="No Name Medium Cheddar Cheese 400 g, $1.38/100g" src="https://assets.shop.loblaws.ca/products/21289764/b3/en/front/21289764_front_a06_@2.png" srcset="https://assets.shop.loblaws.ca/products/21289764/b3/en/front/21289764_front_a06_@2.png 1x, https://assets.shop.loblaws.ca/products/21289764/b3/en/front/21289764_front_a06_@2.png 2x" loading="lazy" class="chakra-image css-oguq8l" aria-hidden="true"></div><div class="css-qoklea"><div class="css-12dchmx"></div><div data-testid="price-product-tile" class="css-8atqhb"><p class="chakra-text css-0"><span class="chakra-text css-pwnbcb" data-testid="regular-price"><span class="css-idkz9h">$5.50</span>$5.50</span></p></div><a href="/medium-cheddar-cheese/p/21289764_EA?source=nspt" class="chakra-linkbox__overlay css-1hnz6hu"><div class="css-0"><p class="chakra-text css-1ecdp9w" data-testid="product-brand">No Name</p><h3 class="chakra-heading css-6qrhwc" id="21289764_EA" data-testid="product-title">Medium Cheddar Cheese</h3><p class="chakra-text css-1yftjin" data-testid="product-package-size">400 g, $1.38/100g</p></div></a><div class="css-8keand"></div></div><div class="css-1q5omjq"><div class="css-fcebb8"><div data-testid="atc-compact" class="css-y94ivq" style="width: 45px;"><button type="button" class="chakra-button css-mudsm6" data-testid="atc-button"><svg stroke="currentColor" fill="currentColor" stroke-width="0" viewBox="0 0 24 24" focusable="false" class="chakra-icon css-1g3sp7a" data-testid="btn-icon" aria-hidden="true" height="1em" width="1em" xmlns="http://www.w3.org/2000/svg"><path d="M19 13h-6v6h-2v-6H5v-2h6V5h2v6h6v2z"></path></svg><span class="css-idkz9h">Add Medium Cheddar Cheese to cart</span></button></div></div></div></div></div></div><div class="css-0"><div class="css-f5i5wc"><div class="chakra-linkbox css-vhnn8v"><div data-testid="product-image" class="css-16dr4ly"><img alt="Philadelphia Strawberry Cream Cheese Product 227 g, $2.02/100g" src="https://assets.shop.loblaws.ca/products/20867073004/b3/en/front/20867073004_front_a06_@2.png" srcset="https://assets.shop.loblaws.ca/products/20867073004/b3/en/front/20867073004_front_a06_@2.png 1x, https://assets.shop.loblaws.ca/products/20867073004/b3/en/front/20867073004_front_a06_@2.png 2x" loading="lazy" class="chakra-image css-oguq8l" aria-hidden="true"></div><div class="css-qoklea"><div class="css-12dchmx"></div><div data-testid="price-product-tile" class="css-8atqhb"><p class="chakra-text css-0"><span class="chakra-text css-pwnbcb" data-testid="regular-price"><span class="css-idkz9h">$4.59</span>$4.59</span></p></div><a href="/strawberry-cream-cheese-product/p/20867073004_EA?source=nspt" class="chakra-linkbox__overlay css-1hnz6hu"><div class="css-0"><p class="chakra-text css-1ecdp9w" data-testid="product-brand">Philadelphia</p><h3 class="chakra-heading css-6qrhwc" id="20867073004_EA" data-testid="product-title">Strawberry Cream Cheese Product</h3><p class="chakra-text css-1yftjin" data-testid="product-package-size">227 g, $2.02/100g</p></div></a><div class="css-8keand"></div></div><div class="css-1q5omjq"><div class="css-fcebb8"><div data-testid="atc-compact" class="css-y94ivq" style="width: 45px;"><button type="button" class="chakra-button css-mudsm6" data-testid="atc-button"><svg stroke="currentColor" fill="currentColor" stroke-width="0" viewBox="0 0 24 24" focusable="false" class="chakra-icon css-1g3sp7a" data-testid="btn-icon" aria-hidden="true" height="1em" width="1em" xmlns="http://www.w3.org/2000/svg"><path d="M19 13h-6v6h-2v-6H5v-2h6V5h2v6h6v2z"></path></svg><span class="css-idkz9h">Add Strawberry Cream Cheese Product to cart</span></button></div></div></div></div></div></div><div class="css-0"><div class="css-f5i5wc"><div class="chakra-linkbox css-vhnn8v"><div data-testid="product-image" class="css-16dr4ly"><img alt="No Name Cheddar Flavour Processed Cheese Product Slices 400 g, $0.97/100g" src="https://assets.shop.loblaws.ca/products/21220995/b3/en/front/21220995_front_a06_@2.png" srcset="https://assets.shop.loblaws.ca/products/21220995/b3/en/front/21220995_front_a06_@2.png 1x, https://assets.shop.loblaws.ca/products/21220995/b3/en/front/21220995_front_a06_@2.png 2x" loading="lazy" class="chakra-image css-oguq8l" aria-hidden="true"></div><div class="css-qoklea"><div class="css-12dchmx"></div><div data-testid="price-product-tile" class="css-8atqhb"><p class="chakra-text css-0"><span class="chakra-text css-pwnbcb" data-testid="regular-price"><span class="css-idkz9h">$3.89</span>$3.89</span></p></div><a href="/cheddar-flavour-processed-cheese-product-slices/p/21220995_EA?source=nspt" class="chakra-linkbox__overlay css-1hnz6hu"><div class="css-0"><p class="chakra-text css-1ecdp9w" data-testid="product-brand">No Name</p><h3 class="chakra-heading css-6qrhwc" id="21220995_EA" data-testid="product-title">Cheddar Flavour Processed Cheese Product Slices</h3><p class="chakra-text css-1yftjin" data-testid="product-package-size">400 g, $0.97/100g</p></div></a><div class="css-8keand"></div></div><div class="css-1q5omjq"><div class="css-fcebb8"><div data-testid="atc-compact" class="css-y94ivq" style="width: 45px;"><button type="button" class="chakra-button css-mudsm6" data-testid="atc-button"><svg stroke="currentColor" fill="currentColor" stroke-width="0" viewBox="0 0 24 24" focusable="false" class="chakra-icon css-1g3sp7a" data-testid="btn-icon" aria-hidden="true" height="1em" width="1em" xmlns="http://www.w3.org/2000/svg"><path d="M19 13h-6v6h-2v-6H5v-2h6V5h2v6h6v2z"></path></svg><span class="css-idkz9h">Add Cheddar Flavour Processed Cheese Product Slices to cart</span></button></div></div></div></div></div></div><div class="css-0"><div class="css-f5i5wc"><div class="chakra-linkbox css-vhnn8v"><div data-testid="product-image" class="css-16dr4ly"><img alt="Armstrong Bar Old Cheddar 400 g, $1.95/100g" src="https://assets.shop.loblaws.ca/products/21346757/b3/en/front/21346757_front_a06_@2.png" srcset="https://assets.shop.loblaws.ca/products/21346757/b3/en/front/21346757_front_a06_@2.png 1x, https://assets.shop.loblaws.ca/products/21346757/b3/en/front/21346757_front_a06_@2.png 2x" loading="lazy" class="chakra-image css-oguq8l" aria-hidden="true"></div><div class="css-qoklea"><div class="css-12dchmx"></div><div data-testid="price-product-tile" class="css-8atqhb"><p class="chakra-text css-0"><span class="chakra-text css-pwnbcb" data-testid="regular-price"><span class="css-idkz9h">$7.79</span>$7.79</span></p></div><a href="/bar-old-cheddar/p/21346757_EA?source=nspt" class="chakra-linkbox__overlay css-1hnz6hu"><div class="css-0"><p class="chakra-text css-1ecdp9w" data-testid="product-brand">Armstrong</p><h3 class="chakra-heading css-6qrhwc" id="21346757_EA" data-testid="product-title">Bar Old Cheddar</h3><p class="chakra-text css-1yftjin" data-testid="product-package-size">400 g, $1.95/100g</p></div></a><div class="css-8keand"></div></div><div class="css-1q5omjq"><div class="css-fcebb8"><div data-testid="atc-compact" class="css-y94ivq" style="width: 45px;"><button type="button" class="chakra-button css-mudsm6" data-testid="atc-button"><svg stroke="currentColor" fill="currentColor" stroke-width="0" viewBox="0 0 24 24" focusable="false" class="chakra-icon css-1g3sp7a" data-testid="btn-icon" aria-hidden="true" height="1em" width="1em" xmlns="http://www.w3.org/2000/svg"><path d="M19 13h-6v6h-2v-6H5v-2h6V5h2v6h6v2z"></path></svg><span class="css-idkz9h">Add Bar Old Cheddar to cart</span></button></div></div></div></div></div></div><div class="css-0"><div class="css-f5i5wc"><div class="chakra-linkbox css-vhnn8v"><div data-testid="product-image" class="css-16dr4ly"><img alt="No Name Old Cheddar Cheese, Light 400 g, $1.38/100g" src="https://assets.shop.loblaws.ca/products/21289729/b3/en/front/21289729_front_a06_@2.png" srcset="https://assets.shop.loblaws.ca/products/21289729/b3/en/front/21289729_front_a06_@2.png 1x, https://assets.shop.loblaws.ca/products/21289729/b3/en/front/21289729_front_a06_@2.png 2x" loading="lazy" class="chakra-image css-oguq8l" aria-hidden="true"></div><div class="css-qoklea"><div class="css-12dchmx"></div><div data-testid="price-product-tile" class="css-8atqhb"><p class="chakra-text css-0"><span class="chakra-text css-pwnbcb" data-testid="regular-price"><span class="css-idkz9h">$5.50</span>$5.50</span></p></div><a href="/old-cheddar-cheese-light/p/21289729_EA?source=nspt" class="chakra-linkbox__overlay css-1hnz6hu"><div class="css-0"><p class="chakra-text css-1ecdp9w" data-testid="product-brand">No Name</p><h3 class="chakra-heading css-6qrhwc" id="21289729_EA" data-testid="product-title">Old Cheddar Cheese, Light</h3><p class="chakra-text css-1yftjin" data-testid="product-package-size">400 g, $1.38/100g</p></div></a><div class="css-8keand"></div></div><div class="css-1q5omjq"><div class="css-fcebb8"><div data-testid="atc-compact" class="css-y94ivq" style="width: 45px;"><button type="button" class="chakra-button css-mudsm6" data-testid="atc-button"><svg stroke="currentColor" fill="currentColor" stroke-width="0" viewBox="0 0 24 24" focusable="false" class="chakra-icon css-1g3sp7a" data-testid="btn-icon" aria-hidden="true" height="1em" width="1em" xmlns="http://www.w3.org/2000/svg"><path d="M19 13h-6v6h-2v-6H5v-2h6V5h2v6h6v2z"></path></svg><span class="css-idkz9h">Add Old Cheddar Cheese, Light to cart</span></button></div></div></div></div></div></div><div class="css-0"><div class="css-f5i5wc"><div class="chakra-linkbox css-vhnn8v"><div data-testid="product-image" class="css-16dr4ly"><img alt="President's Choice Naturally Lactose-Free Swiss Cheese  300 g, $1.93/100g" src="https://assets.shop.loblaws.ca/products/20922823/b3/en/front/20922823_front_a06_@2.png" srcset="https://assets.shop.loblaws.ca/products/20922823/b3/en/front/20922823_front_a06_@2.png 1x, https://assets.shop.loblaws.ca/products/20922823/b3/en/front/20922823_front_a06_@2.png 2x" loading="lazy" class="chakra-image css-oguq8l" aria-hidden="true"></div><div class="css-qoklea"><div class="css-12dchmx"></div><div data-testid="price-product-tile" class="css-8atqhb"><p class="chakra-text css-0"><span class="chakra-text css-o93gbd" data-testid="sale-price"><span class="css-idkz9h">$5.79</span>$5.79</span><span class="chakra-text css-623q5h" data-testid="was-price"><span class="css-idkz9h">$6.49</span>$6.49</span></p><p class="chakra-text css-1m5a6y8" data-testid="price-descriptor">SAVE $0.70</p></div><a href="/naturally-lactose-free-swiss-cheese/p/20922823_EA?source=nspt" class="chakra-linkbox__overlay css-1hnz6hu"><div class="css-0"><p class="chakra-text css-1ecdp9w" data-testid="product-brand">President's Choice</p><h3 class="chakra-heading css-6qrhwc" id="20922823_EA" data-testid="product-title">Naturally Lactose-Free Swiss Cheese </h3><p class="chakra-text css-1yftjin" data-testid="product-package-size">300 g, $1.93/100g</p></div></a><div class="css-8keand"></div></div><div class="css-1q5omjq"><div class="css-fcebb8"><div data-testid="atc-compact" class="css-y94ivq" style="width: 45px;"><button type="button" class="chakra-button css-mudsm6" data-testid="atc-button"><svg stroke="currentColor" fill="currentColor" stroke-width="0" viewBox="0 0 24 24" focusable="false" class="chakra-icon css-1g3sp7a" data-testid="btn-icon" aria-hidden="true" height="1em" width="1em" xmlns="http://www.w3.org/2000/svg"><path d="M19 13h-6v6h-2v-6H5v-2h6V5h2v6h6v2z"></path></svg><span class="css-idkz9h">Add Naturally Lactose-Free Swiss Cheese  to cart</span></button></div></div></div></div></div></div></div>