<div data-testid="product-grid" class="css-epcqr3"><div class="css-0"><div class="css-f5i5wc"><div class="chakra-linkbox css-vhnn8v"><div data-testid="product-image" class="css-16dr4ly"><img alt="UFC 100% Coconut Water 1 l, $0.30/100ml" src="https://assets.shop.loblaws.ca/products/20570506/b3/en/front/20570506_front_a06_@2.png" srcset="https://assets.shop.loblaws.ca/products/20570506/b3/en/front/20570506_front_a06_@2.png 1x, https://assets.shop.loblaws.ca/products/20570506/b3/en/front/20570506_front_a06_@2.png 2x" loading="lazy" class="chakra-image css-oguq8l" aria-hidden="true"></div><div class="css-qoklea"><div class="css-12dchmx"></div><div data-testid="price-product-tile" class="css-8atqhb"><p class="chakra-text css-0"><span class="chakra-text css-pwnbcb" data-testid="regular-price"><span class="css-idkz9h">$2.99</span>$2.99</span></p></div><a href="/100-coconut-water/p/20570506_EA?source=nspt" class="chakra-linkbox__overlay css-1hnz6hu"><div class="css-0"><p class="chakra-text css-1ecdp9w" data-testid="product-brand">UFC</p><h3 class="chakra-heading css-6qrhwc" id="20570506_EA" data-testid="product-title">100% Coconut Water</h3><p class="chakra-text css-1yftjin" data-testid="product-package-size">1 l, $0.30/100ml</p></div></a><div class="css-8keand"></div></div><div class="css-1q5omjq"><div class="css-fcebb8"><div data-testid="atc-compact" class="css-y94ivq" style="width: 45px;"><button type="button" class="chakra-button css-mudsm6" data-testid="atc-button"><svg stroke="currentColor" fill="currentColor" stroke-width="0" viewBox="0 0 24 24" focusable="false" class="chakra-icon css-1g3sp7a" data-testid="btn-icon" aria-hidden="true" height="1em" width="1em" xmlns="http://www.w3.org/2000/svg"><path d="M19 13h-6v6h-2v-6H5v-2h6V5h2v6h6v2z"></path></svg><span class="css-idkz9h">Add 100% Coconut Water to cart</span></button></div></div></div></div></div></div><div class="css-0"><div class="css-f5i5wc"><div class="chakra-linkbox css-vhnn8v"><div data-testid="product-image" class="css-16dr4ly"><img alt="T&amp;T Aloe Vera drink 1.5 l, $0.19/100ml" src="https://assets.shop.loblaws.ca/products/20593585/b3/en/front/20593585_front_a06_@2.png" srcset="https://assets.shop.loblaws.ca/products/20593585/b3/en/front/20593585_front_a06_@2.png 1x, https://assets.shop.loblaws.ca/products/20593585/b3/en/front/20593585_front_a06_@2.png 2x" loading="lazy" class="chakra-image css-oguq8l" aria-hidden="true"></div><div class="css-qoklea"><div class="css-12dchmx"></div><div data-testid="price-product-tile" class="css-8atqhb"><p class="chakra-text css-0"><span class="chakra-text css-pwnbcb" data-testid="regular-price"><span class="css-idkz9h">$2.79</span>$2.79</span></p></div><a href="/aloe-vera-drink/p/20593585_EA?source=nspt" class="chakra-linkbox__overlay css-1hnz6hu"><div class="css-0"><p class="chakra-text css-1ecdp9w" data-testid="product-brand">T&amp;T</p><h3 class="chakra-heading css-6qrhwc" id="20593585_EA" data-testid="product-title">Aloe Vera drink</h3><p class="chakra-text css-1yftjin" data-testid="product-package-size">1.5 l, $0.19/100ml</p></div></a><div class="css-8keand"></div></div><div class="css-1q5omjq"><div class="css-fcebb8"><div data-testid="atc-compact" class="css-y94ivq" style="width: 45px;"><button type="button" class="chakra-button css-mudsm6" data-testid="atc-button"><svg stroke="currentColor" fill="currentColor" stroke-width="0" viewBox="0 0 24 24" focusable="false" class="chakra-icon css-1g3sp7a" data-testid="btn-icon" aria-hidden="true" height="1em" width="1em" xmlns="http://www.w3.org/2000/svg"><path d="M19 13h-6v6h-2v-6H5v-2h6V5h2v6h6v2z"></path></svg><span class="css-idkz9h">Add Aloe Vera drink to cart</span></button></div></div></div></div></div></div><div class="css-0"><div class="css-f5i5wc"><div class="chakra-linkbox css-vhnn8v"><div data-testid="product-image" class="css-16dr4ly"><img alt="T&amp;T Aloe Vera Drink, 50% Less Sugar 1.5 l, $0.19/100ml" src="https://assets.shop.loblaws.ca/products/21007399/b3/en/front/21007399_front_a06_@2.png" srcset="https://assets.shop.loblaws.ca/products/21007399/b3/en/front/21007399_front_a06_@2.png 1x, https://assets.shop.loblaws.ca/products/21007399/b3/en/front/21007399_front_a06_@2.png 2x" loading="lazy" class="chakra-image css-oguq8l" aria-hidden="true"></div><div class="css-qoklea"><div class="css-12dchmx"></div><div data-testid="price-product-tile" class="css-8atqhb"><p class="chakra-text css-0"><span class="chakra-text css-pwnbcb" data-testid="regular-price"><span class="css-idkz9h">$2.79</span>$2.79</span></p></div><a href="/aloe-vera-drink-50-less-sugar/p/21007399_EA?source=nspt" class="chakra-linkbox__overlay css-1hnz6hu"><div class="css-0"><p class="chakra-text css-1ecdp9w" data-testid="product-brand">T&amp;T</p><h3 class="chakra-heading css-6qrhwc" id="21007399_EA" data-testid="product-title">Aloe Vera Drink, 50% Less Sugar</h3><p class="chakra-text css-1yftjin" data-testid="product-package-size">1.5 l, $0.19/100ml</p></div></a><div class="css-8keand"></div></div><div class="css-1q5omjq"><div class="css-fcebb8"><div data-testid="atc-compact" class="css-y94ivq" style="width: 45px;"><button type="button" class="chakra-button css-mudsm6" data-testid="atc-button"><svg stroke="currentColor" fill="currentColor" stroke-width="0" viewBox="0 0 24 24" focusable="false" class="chakra-icon css-1g3sp7a" data-testid="btn-icon" aria-hidden="true" height="1em" width="1em" xmlns="http://www.w3.org/2000/svg"><path d="M19 13h-6v6h-2v-6H5v-2h6V5h2v6h6v2z"></path></svg><span class="css-idkz9h">Add Aloe Vera Drink, 50% Less Sugar to cart</span></button></div></div></div></div></div></div><div class="css-0"><div class="css-f5i5wc"><div class="chakra-linkbox css-vhnn8v"><div data-testid="product-image" class="css-16dr4ly"><img alt="Frooti Mango Juice 1000 ml, $0.25/100ml" src="https://assets.shop.loblaws.ca/products/20041155/b3/en/front/20041155_front_a06_@2.png" srcset="https://assets.shop.loblaws.ca/products/20041155/b3/en/front/20041155_front_a06_@2.png 1x, https://assets.shop.loblaws.ca/products/20041155/b3/en/front/20041155_front_a06_@2.png 2x" loading="lazy" class="chakra-image css-oguq8l" aria-hidden="true"></div><div class="css-qoklea"><div class="css-12dchmx"></div><div data-testid="price-product-tile" class="css-8atqhb"><p class="chakra-text css-0"><span class="chakra-text css-pwnbcb" data-testid="regular-price"><span class="css-idkz9h">$2.49</span>$2.49</span></p></div><a href="/mango-juice/p/20041155_EA?source=nspt" class="chakra-linkbox__overlay css-1hnz6hu"><div class="css-0"><p class="chakra-text css-1ecdp9w" data-testid="product-brand">Frooti</p><h3 class="chakra-heading css-6qrhwc" id="20041155_EA" data-testid="product-title">Mango Juice</h3><p class="chakra-text css-1yftjin" data-testid="product-package-size">1000 ml, $0.25/100ml</p></div></a><div class="css-8keand"></div></div><div class="css-1q5omjq"><div class="css-fcebb8"><div data-testid="atc-compact" class="css-y94ivq" style="width: 45px;"><button type="button" class="chakra-button css-mudsm6" data-testid="atc-button"><svg stroke="currentColor" fill="currentColor" stroke-width="0" viewBox="0 0 24 24" focusable="false" class="chakra-icon css-1g3sp7a" data-testid="btn-icon" aria-hidden="true" height="1em" width="1em" xmlns="http://www.w3.org/2000/svg"><path d="M19 13h-6v6h-2v-6H5v-2h6V5h2v6h6v2z"></path></svg><span class="css-idkz9h">Add Mango Juice to cart</span></button></div></div></div></div></div></div><div class="css-0"><div class="css-f5i5wc"><div class="chakra-linkbox css-vhnn8v"><div data-testid="product-image" class="css-16dr4ly"><img alt="Suraj Pineapple Coconut Exotic Juice Drink 1 l, $0.20/100ml" src="https://assets.shop.loblaws.ca/products/21001025/b3/en/front/21001025_front_a06_@2.png" srcset="https://assets.shop.loblaws.ca/products/21001025/b3/en/front/21001025_front_a06_@2.png 1x, https://assets.shop.loblaws.ca/products/21001025/b3/en/front/21001025_front_a06_@2.png 2x" loading="lazy" class="chakra-image css-oguq8l" aria-hidden="true"></div><div class="css-qoklea"><div class="css-12dchmx"></div><div data-testid="price-product-tile" class="css-8atqhb"><p class="chakra-text css-0"><span class="chakra-text css-pwnbcb" data-testid="regular-price"><span class="css-idkz9h">$2.00</span>$2.00</span></p></div><a href="/pineapple-coconut-exotic-juice-drink/p/21001025_EA?source=nspt" class="chakra-linkbox__overlay css-1hnz6hu"><div class="css-0"><p class="chakra-text css-1ecdp9w" data-testid="product-brand">Suraj</p><h3 class="chakra-heading css-6qrhwc" id="21001025_EA" data-testid="product-title">Pineapple Coconut Exotic Juice Drink</h3><p class="chakra-text css-1yftjin" data-testid="product-package-size">1 l, $0.20/100ml</p></div></a><div class="css-8keand"></div></div><div class="css-1q5omjq"><div class="css-fcebb8"><div data-testid="atc-compact" class="css-y94ivq" style="width: 45px;"><button type="button" class="chakra-button css-mudsm6" data-testid="atc-button"><svg stroke="currentColor" fill="currentColor" stroke-width="0" viewBox="0 0 24 24" focusable="false" class="chakra-icon css-1g3sp7a" data-testid="btn-icon" aria-hidden="true" height="1em" width="1em" xmlns="http://www.w3.org/2000/svg"><path d="M19 13h-6v6h-2v-6H5v-2h6V5h2v6h6v2z"></path></svg><span class="css-idkz9h">Add Pineapple Coconut Exotic Juice Drink to cart</span></button></div></div></div></div></div></div><div class="css-0"><div class="css-f5i5wc"><div class="chakra-linkbox css-vhnn8v"><div data-testid="product-image" class="css-16dr4ly"><img alt="Rubicon Mango Drink 4x200.0 ml, $0.37/100ml" src="https://assets.shop.loblaws.ca/products/20325890001/b3/en/front/20325890001_front_a06_@2.png" srcset="https://assets.shop.loblaws.ca/products/20325890001/b3/en/front/20325890001_front_a06_@2.png 1x, https://assets.shop.loblaws.ca/products/20325890001/b3/en/front/20325890001_front_a06_@2.png 2x" loading="lazy" class="chakra-image css-oguq8l" aria-hidden="true"></div><div class="css-qoklea"><div class="css-12dchmx"></div><div data-testid="price-product-tile" class="css-8atqhb"><p class="chakra-text css-0"><span class="chakra-text css-pwnbcb" data-testid="regular-price"><span class="css-idkz9h">$2.99</span>$2.99</span></p></div><a href="/mango-drink/p/20325890001_EA?source=nspt" class="chakra-linkbox__overlay css-1hnz6hu"><div class="css-0"><p class="chakra-text css-1ecdp9w" data-testid="product-brand">Rubicon</p><h3 class="chakra-heading css-6qrhwc" id="20325890001_EA" data-testid="product-title">Mango Drink</h3><p class="chakra-text css-1yftjin" data-testid="product-package-size">4x200.0 ml, $0.37/100ml</p></div></a><div class="css-8keand"></div></div><div class="css-1q5omjq"><div class="css-fcebb8"><div data-testid="atc-compact" class="css-y94ivq" style="width: 45px;"><button type="button" class="chakra-button css-mudsm6" data-testid="atc-button"><svg stroke="currentColor" fill="currentColor" stroke-width="0" viewBox="0 0 24 24" focusable="false" class="chakra-icon css-1g3sp7a" data-testid="btn-icon" aria-hidden="true" height="1em" width="1em" xmlns="http://www.w3.org/2000/svg"><path d="M19 13h-6v6h-2v-6H5v-2h6V5h2v6h6v2z"></path></svg><span class="css-idkz9h">Add Mango Drink to cart</span></button></div></div></div></div></div></div><div class="css-0"><div class="css-f5i5wc"><div class="chakra-linkbox css-vhnn8v"><div data-testid="product-image" class="css-16dr4ly"><img alt="No Name Evaporated Milk 354 ml, $0.42/100ml" src="https://assets.shop.loblaws.ca/products/21040510/b3/en/front/21040510_front_a06_@2.png" srcset="https://assets.shop.loblaws.ca/products/21040510/b3/en/front/21040510_front_a06_@2.png 1x, https://assets.shop.loblaws.ca/products/21040510/b3/en/front/21040510_front_a06_@2.png 2x" loading="lazy" class="chakra-image css-oguq8l" aria-hidden="true"></div><div class="css-qoklea"><div class="css-12dchmx"></div><div data-testid="price-product-tile" class="css-8atqhb"><p class="chakra-text css-0"><span class="chakra-text css-o93gbd" data-testid="sale-price"><span class="css-idkz9h">$1.49</span>$1.49</span><span class="chakra-text css-623q5h" data-testid="was-price"><span class="css-idkz9h">$1.99</span>$1.99</span></p><p class="chakra-text css-1m5a6y8" data-testid="price-descriptor">SAVE $0.50</p></div><a href="/evaporated-milk/p/21040510_EA?source=nspt" class="chakra-linkbox__overlay css-1hnz6hu"><div class="css-0"><p class="chakra-text css-1ecdp9w" data-testid="product-brand">No Name</p><h3 class="chakra-heading css-6qrhwc" id="21040510_EA" data-testid="product-title">Evaporated Milk</h3><p class="chakra-text css-1yftjin" data-testid="product-package-size">354 ml, $0.42/100ml</p></div></a><div class="css-8keand"></div></div><div class="css-1q5omjq"><div class="css-fcebb8"><div data-testid="atc-compact" class="css-y94ivq" style="width: 45px;"><button disabled="" type="button" class="chakra-button css-mudsm6" data-testid="atc-button"><svg stroke="currentColor" fill="currentColor" stroke-width="0" viewBox="0 0 24 24" focusable="false" class="chakra-icon css-1g3sp7a" data-testid="btn-icon" aria-hidden="true" height="1em" width="1em" xmlns="http://www.w3.org/2000/svg"><path d="M19 13h-6v6h-2v-6H5v-2h6V5h2v6h6v2z"></path></svg><span class="css-idkz9h">Add Evaporated Milk to cart</span></button></div></div><div class="css-4saf4a"><p class="chakra-text css-py8788" data-testid="inventory-badge-text">Out of Stock</p></div></div></div></div></div><div class="css-0"><div class="css-f5i5wc"><div class="chakra-linkbox css-vhnn8v"><div data-testid="product-image" class="css-16dr4ly"><img alt="Suraj Mango Exotic Juice Drink 1 l, $0.20/100ml" src="https://assets.shop.loblaws.ca/products/21001004/b3/en/front/21001004_front_a06_@2.png" srcset="https://assets.shop.loblaws.ca/products/21001004/b3/en/front/21001004_front_a06_@2.png 1x, https://assets.shop.loblaws.ca/products/21001004/b3/en/front/21001004_front_a06_@2.png 2x" loading="lazy" class="chakra-image css-oguq8l" aria-hidden="true"></div><div class="css-qoklea"><div class="css-12dchmx"></div><div data-testid="price-product-tile" class="css-8atqhb"><p class="chakra-text css-0"><span class="chakra-text css-pwnbcb" data-testid="regular-price"><span class="css-idkz9h">$2.00</span>$2.00</span></p></div><a href="/mango-exotic-juice-drink/p/21001004_EA?source=nspt" class="chakra-linkbox__overlay css-1hnz6hu"><div class="css-0"><p class="chakra-text css-1ecdp9w" data-testid="product-brand">Suraj</p><h3 class="chakra-heading css-6qrhwc" id="21001004_EA" data-testid="product-title">Mango Exotic Juice Drink</h3><p class="chakra-text css-1yftjin" data-testid="product-package-size">1 l, $0.20/100ml</p></div></a><div class="css-8keand"></div></div><div class="css-1q5omjq"><div class="css-fcebb8"><div data-testid="atc-compact" class="css-y94ivq" style="width: 45px;"><button type="button" class="chakra-button css-mudsm6" data-testid="atc-button"><svg stroke="currentColor" fill="currentColor" stroke-width="0" viewBox="0 0 24 24" focusable="false" class="chakra-icon css-1g3sp7a" data-testid="btn-icon" aria-hidden="true" height="1em" width="1em" xmlns="http://www.w3.org/2000/svg"><path d="M19 13h-6v6h-2v-6H5v-2h6V5h2v6h6v2z"></path></svg><span class="css-idkz9h">Add Mango Exotic Juice Drink to cart</span></button></div></div></div></div></div></div><div class="css-0"><div class="css-f5i5wc"><div class="chakra-linkbox css-vhnn8v"><div data-testid="product-image" class="css-16dr4ly"><img alt="Rubicon Nectar Mango 1 l, $0.25/100ml" src="https://assets.shop.loblaws.ca/products/20029236001/b3/en/front/20029236001_front_a06_@2.png" srcset="https://assets.shop.loblaws.ca/products/20029236001/b3/en/front/20029236001_front_a06_@2.png 1x, https://assets.shop.loblaws.ca/products/20029236001/b3/en/front/20029236001_front_a06_@2.png 2x" loading="lazy" class="chakra-image css-oguq8l" aria-hidden="true"></div><div class="css-qoklea"><div class="css-12dchmx"></div><div data-testid="price-product-tile" class="css-8atqhb"><p class="chakra-text css-0"><span class="chakra-text css-pwnbcb" data-testid="regular-price"><span class="css-idkz9h">$2.49</span>$2.49</span></p></div><a href="/nectar-mango/p/20029236001_EA?source=nspt" class="chakra-linkbox__overlay css-1hnz6hu"><div class="css-0"><p class="chakra-text css-1ecdp9w" data-testid="product-brand">Rubicon</p><h3 class="chakra-heading css-6qrhwc" id="20029236001_EA" data-testid="product-title">Nectar Mango</h3><p class="chakra-text css-1yftjin" data-testid="product-package-size">1 l, $0.25/100ml</p></div></a><div class="css-8keand"></div></div><div class="css-1q5omjq"><div class="css-fcebb8"><div data-testid="atc-compact" class="css-y94ivq" style="width: 45px;"><button type="button" class="chakra-button css-mudsm6" data-testid="atc-button"><svg stroke="currentColor" fill="currentColor" stroke-width="0" viewBox="0 0 24 24" focusable="false" class="chakra-icon css-1g3sp7a" data-testid="btn-icon" aria-hidden="true" height="1em" width="1em" xmlns="http://www.w3.org/2000/svg"><path d="M19 13h-6v6h-2v-6H5v-2h6V5h2v6h6v2z"></path></svg><span class="css-idkz9h">Add Nectar Mango to cart</span></button></div></div></div></div></div></div><div class="css-0"><div class="css-f5i5wc"><div class="chakra-linkbox css-vhnn8v"><div data-testid="product-image" class="css-16dr4ly"><img alt="Rubicon Passion Fruit Juice 1 l, $0.25/100ml" src="https://assets.shop.loblaws.ca/products/20296770002/b3/en/front/20296770002_front_a06_@2.png" srcset="https://assets.shop.loblaws.ca/products/20296770002/b3/en/front/20296770002_front_a06_@2.png 1x, https://assets.shop.loblaws.ca/products/20296770002/b3/en/front/20296770002_front_a06_@2.png 2x" loading="lazy" class="chakra-image css-oguq8l" aria-hidden="true"></div><div class="css-qoklea"><div class="css-12dchmx"></div><div data-testid="price-product-tile" class="css-8atqhb"><p class="chakra-text css-0"><span class="chakra-text css-pwnbcb" data-testid="regular-price"><span class="css-idkz9h">$2.49</span>$2.49</span></p></div><a href="/passion-fruit-juice/p/20296770002_EA?source=nspt" class="chakra-linkbox__overlay css-1hnz6hu"><div class="css-0"><p class="chakra-text css-1ecdp9w" data-testid="product-brand">Rubicon</p><h3 class="chakra-heading css-6qrhwc" id="20296770002_EA" data-testid="product-title">Passion Fruit Juice</h3><p class="chakra-text css-1yftjin" data-testid="product-package-size">1 l, $0.25/100ml</p></div></a><div class="css-8keand"></div></div><div class="css-1q5omjq"><div class="css-fcebb8"><div data-testid="atc-compact" class="css-y94ivq" style="width: 45px;"><button type="button" class="chakra-button css-mudsm6" data-testid="atc-button"><svg stroke="currentColor" fill="currentColor" stroke-width="0" viewBox="0 0 24 24" focusable="false" class="chakra-icon css-1g3sp7a" data-testid="btn-icon" aria-hidden="true" height="1em" width="1em" xmlns="http://www.w3.org/2000/svg"><path d="M19 13h-6v6h-2v-6H5v-2h6V5h2v6h6v2z"></path></svg><span class="css-idkz9h">Add Passion Fruit Juice to cart</span></button></div></div></div></div></div></div><div class="css-0"><div class="css-f5i5wc"><div class="chakra-linkbox css-vhnn8v"><div data-testid="product-image" class="css-16dr4ly"><img alt="President's Choice Sweetened Condensed Milk 300 ml, $1.00/100ml" src="https://assets.shop.loblaws.ca/products/20112979/b3/en/front/20112979_front_a06_@2.png" srcset="https://assets.shop.loblaws.ca/products/20112979/b3/en/front/20112979_front_a06_@2.png 1x, https://assets.shop.loblaws.ca/products/20112979/b3/en/front/20112979_front_a06_@2.png 2x" loading="lazy" class="chakra-image css-oguq8l" aria-hidden="true"></div><div class="css-qoklea"><div class="css-12dchmx"></div><div data-testid="price-product-tile" class="css-8atqhb"><p class="chakra-text css-0"><span class="chakra-text css-pwnbcb" data-testid="regular-price"><span class="css-idkz9h">$3.00</span>$3.00</span></p></div><a href="/sweetened-condensed-milk/p/20112979_EA?source=nspt" class="chakra-linkbox__overlay css-1hnz6hu"><div class="css-0"><p class="chakra-text css-1ecdp9w" data-testid="product-brand">President's Choice</p><h3 class="chakra-heading css-6qrhwc" id="20112979_EA" data-testid="product-title">Sweetened Condensed Milk</h3><p class="chakra-text css-1yftjin" data-testid="product-package-size">300 ml, $1.00/100ml</p></div></a><div class="css-8keand"></div></div><div class="css-1q5omjq"><div class="css-fcebb8"><div data-testid="atc-compact" class="css-y94ivq" style="width: 45px;"><button type="button" class="chakra-button css-mudsm6" data-testid="atc-button"><svg stroke="currentColor" fill="currentColor" stroke-width="0" viewBox="0 0 24 24" focusable="false" class="chakra-icon css-1g3sp7a" data-testid="btn-icon" aria-hidden="true" height="1em" width="1em" xmlns="http://www.w3.org/2000/svg"><path d="M19 13h-6v6h-2v-6H5v-2h6V5h2v6h6v2z"></path></svg><span class="css-idkz9h">Add Sweetened Condensed Milk to cart</span></button></div></div></div></div></div></div><div class="css-0"><div class="css-f5i5wc"><div class="chakra-linkbox css-vhnn8v"><div data-testid="product-image" class="css-16dr4ly"><img alt="Wahaha Strawberry Yogurt 400 ml, $0.57/100ml" src="https://assets.shop.loblaws.ca/products/21382076/b3/en/front/21382076_front_a06_@2.png" srcset="https://assets.shop.loblaws.ca/products/21382076/b3/en/front/21382076_front_a06_@2.png 1x, https://assets.shop.loblaws.ca/products/21382076/b3/en/front/21382076_front_a06_@2.png 2x" loading="lazy" class="chakra-image css-oguq8l" aria-hidden="true"></div><div class="css-qoklea"><div class="css-12dchmx"></div><div data-testid="price-product-tile" class="css-8atqhb"><p class="chakra-text css-0"><span class="chakra-text css-pwnbcb" data-testid="regular-price"><span class="css-idkz9h">$2.29</span>$2.29</span></p></div><a href="/strawberry-yogurt/p/21382076_EA?source=nspt" class="chakra-linkbox__overlay css-1hnz6hu"><div class="css-0"><p class="chakra-text css-1ecdp9w" data-testid="product-brand">Wahaha</p><h3 class="chakra-heading css-6qrhwc" id="21382076_EA" data-testid="product-title">Strawberry Yogurt</h3><p class="chakra-text css-1yftjin" data-testid="product-package-size">400 ml, $0.57/100ml</p></div></a><div class="css-8keand"></div></div><div class="css-1q5omjq"><div class="css-fcebb8"><div data-testid="atc-compact" class="css-y94ivq" style="width: 45px;"><button type="button" class="chakra-button css-mudsm6" data-testid="atc-button"><svg stroke="currentColor" fill="currentColor" stroke-width="0" viewBox="0 0 24 24" focusable="false" class="chakra-icon css-1g3sp7a" data-testid="btn-icon" aria-hidden="true" height="1em" width="1em" xmlns="http://www.w3.org/2000/svg"><path d="M19 13h-6v6h-2v-6H5v-2h6V5h2v6h6v2z"></path></svg><span class="css-idkz9h">Add Strawberry Yogurt to cart</span></button></div></div></div></div></div></div><div class="css-0"><div class="css-f5i5wc"><div class="chakra-linkbox css-vhnn8v"><div data-testid="product-image" class="css-16dr4ly"><img alt="T&amp;T Jasmine Green Tea 1.23 l, $0.20/100ml" src="https://assets.shop.loblaws.ca/products/21340139/b3/en/front/21340139_front_a06_@2.png" srcset="https://assets.shop.loblaws.ca/products/21340139/b3/en/front/21340139_front_a06_@2.png 1x, https://assets.shop.loblaws.ca/products/21340139/b3/en/front/21340139_front_a06_@2.png 2x" loading="lazy" class="chakra-image css-oguq8l" aria-hidden="true"></div><div class="css-qoklea"><div class="css-12dchmx"></div><div data-testid="price-product-tile" class="css-8atqhb"><p class="chakra-text css-0"><span class="chakra-text css-pwnbcb" data-testid="regular-price"><span class="css-idkz9h">$2.49</span>$2.49</span></p></div><a href="/jasmine-green-tea/p/21340139_EA?source=nspt" class="chakra-linkbox__overlay css-1hnz6hu"><div class="css-0"><p class="chakra-text css-1ecdp9w" data-testid="product-brand">T&amp;T</p><h3 class="chakra-heading css-6qrhwc" id="21340139_EA" data-testid="product-title">Jasmine Green Tea</h3><p class="chakra-text css-1yftjin" data-testid="product-package-size">1.23 l, $0.20/100ml</p></div></a><div class="css-8keand"></div></div><div class="css-1q5omjq"><div class="css-fcebb8"><div data-testid="atc-compact" class="css-y94ivq" style="width: 45px;"><button type="button" class="chakra-button css-mudsm6" data-testid="atc-button"><svg stroke="currentColor" fill="currentColor" stroke-width="0" viewBox="0 0 24 24" focusable="false" class="chakra-icon css-1g3sp7a" data-testid="btn-icon" aria-hidden="true" height="1em" width="1em" xmlns="http://www.w3.org/2000/svg"><path d="M19 13h-6v6h-2v-6H5v-2h6V5h2v6h6v2z"></path></svg><span class="css-idkz9h">Add Jasmine Green Tea to cart</span></button></div></div></div></div></div></div><div class="css-0"><div class="css-f5i5wc"><div class="chakra-linkbox css-vhnn8v"><div data-testid="product-image" class="css-16dr4ly"><img alt="Rubicon Lychee Exotic Juice Drink 1 l, $0.25/100ml" src="https://assets.shop.loblaws.ca/products/20304561001/b3/en/front/20304561001_front_a06_@2.png" srcset="https://assets.shop.loblaws.ca/products/20304561001/b3/en/front/20304561001_front_a06_@2.png 1x, https://assets.shop.loblaws.ca/products/20304561001/b3/en/front/20304561001_front_a06_@2.png 2x" loading="lazy" class="chakra-image css-oguq8l" aria-hidden="true"></div><div class="css-qoklea"><div class="css-12dchmx"></div><div data-testid="price-product-tile" class="css-8atqhb"><p class="chakra-text css-0"><span class="chakra-text css-pwnbcb" data-testid="regular-price"><span class="css-idkz9h">$2.49</span>$2.49</span></p></div><a href="/lychee-exotic-juice-drink/p/20304561001_EA?source=nspt" class="chakra-linkbox__overlay css-1hnz6hu"><div class="css-0"><p class="chakra-text css-1ecdp9w" data-testid="product-brand">Rubicon</p><h3 class="chakra-heading css-6qrhwc" id="20304561001_EA" data-testid="product-title">Lychee Exotic Juice Drink</h3><p class="chakra-text css-1yftjin" data-testid="product-package-size">1 l, $0.25/100ml</p></div></a><div class="css-8keand"></div></div><div class="css-1q5omjq"><div class="css-fcebb8"><div data-testid="atc-compact" class="css-y94ivq" style="width: 45px;"><button type="button" class="chakra-button css-mudsm6" data-testid="atc-button"><svg stroke="currentColor" fill="currentColor" stroke-width="0" viewBox="0 0 24 24" focusable="false" class="chakra-icon css-1g3sp7a" data-testid="btn-icon" aria-hidden="true" height="1em" width="1em" xmlns="http://www.w3.org/2000/svg"><path d="M19 13h-6v6h-2v-6H5v-2h6V5h2v6h6v2z"></path></svg><span class="css-idkz9h">Add Lychee Exotic Juice Drink to cart</span></button></div></div></div></div></div></div><div class="css-0"><div class="css-f5i5wc"><div class="chakra-linkbox css-vhnn8v"><div data-testid="product-image" class="css-16dr4ly"><img alt="Suraj Guava Drink 1 l, $0.20/100ml" src="https://assets.shop.loblaws.ca/products/21378020/b3/en/front/21378020_front_a06_@2.png" srcset="https://assets.shop.loblaws.ca/products/21378020/b3/en/front/21378020_front_a06_@2.png 1x, https://assets.shop.loblaws.ca/products/21378020/b3/en/front/21378020_front_a06_@2.png 2x" loading="lazy" class="chakra-image css-oguq8l" aria-hidden="true"></div><div class="css-qoklea"><div class="css-12dchmx"></div><div data-testid="price-product-tile" class="css-8atqhb"><p class="chakra-text css-0"><span class="chakra-text css-pwnbcb" data-testid="regular-price"><span class="css-idkz9h">$2.00</span>$2.00</span></p></div><a href="/guava-drink/p/21378020_EA?source=nspt" class="chakra-linkbox__overlay css-1hnz6hu"><div class="css-0"><p class="chakra-text css-1ecdp9w" data-testid="product-brand">Suraj</p><h3 class="chakra-heading css-6qrhwc" id="21378020_EA" data-testid="product-title">Guava Drink</h3><p class="chakra-text css-1yftjin" data-testid="product-package-size">1 l, $0.20/100ml</p></div></a><div class="css-8keand"></div></div><div class="css-1q5omjq"><div class="css-fcebb8"><div data-testid="atc-compact" class="css-y94ivq" style="width: 45px;"><button type="button" class="chakra-button css-mudsm6" data-testid="atc-button"><svg stroke="currentColor" fill="currentColor" stroke-width="0" viewBox="0 0 24 24" focusable="false" class="chakra-icon css-1g3sp7a" data-testid="btn-icon" aria-hidden="true" height="1em" width="1em" xmlns="http://www.w3.org/2000/svg"><path d="M19 13h-6v6h-2v-6H5v-2h6V5h2v6h6v2z"></path></svg><span class="css-idkz9h">Add Guava Drink to cart</span></button></div></div></div></div></div></div><div class="css-0"><div class="css-f5i5wc"><div class="chakra-linkbox css-vhnn8v"><div data-testid="product-image" class="css-16dr4ly"><img alt="Rubicon 100% Natural Organic Coconut Water  1 l, $0.43/100ml" src="https://assets.shop.loblaws.ca/products/21383084/b3/en/front/21383084_front_a06_@2.png" srcset="https://assets.shop.loblaws.ca/products/21383084/b3/en/front/21383084_front_a06_@2.png 1x, https://assets.shop.loblaws.ca/products/21383084/b3/en/front/21383084_front_a06_@2.png 2x" loading="lazy" class="chakra-image css-oguq8l" aria-hidden="true"></div><div class="css-qoklea"><div class="css-12dchmx"></div><div data-testid="price-product-tile" class="css-8atqhb"><p class="chakra-text css-0"><span class="chakra-text css-pwnbcb" data-testid="regular-price"><span class="css-idkz9h">$4.29</span>$4.29</span></p></div><a href="/100-natural-organic-coconut-water/p/21383084_EA?source=nspt" class="chakra-linkbox__overlay css-1hnz6hu"><div class="css-0"><p class="chakra-text css-1ecdp9w" data-testid="product-brand">Rubicon</p><h3 class="chakra-heading css-6qrhwc" id="21383084_EA" data-testid="product-title">100% Natural Organic Coconut Water </h3><p class="chakra-text css-1yftjin" data-testid="product-package-size">1 l, $0.43/100ml</p></div></a><div class="css-8keand"></div></div><div class="css-1q5omjq"><div class="css-fcebb8"><div data-testid="atc-compact" class="css-y94ivq" style="width: 45px;"><button type="button" class="chakra-button css-mudsm6" data-testid="atc-button"><svg stroke="currentColor" fill="currentColor" stroke-width="0" viewBox="0 0 24 24" focusable="false" class="chakra-icon css-1g3sp7a" data-testid="btn-icon" aria-hidden="true" height="1em" width="1em" xmlns="http://www.w3.org/2000/svg"><path d="M19 13h-6v6h-2v-6H5v-2h6V5h2v6h6v2z"></path></svg><span class="css-idkz9h">Add 100% Natural Organic Coconut Water  to cart</span></button></div></div></div></div></div></div><div class="css-0"><div class="css-f5i5wc"><div class="chakra-linkbox css-vhnn8v"><div data-testid="product-image" class="css-16dr4ly"><img alt="Suraj Lychee Drink 1 l, $0.20/100ml" src="https://assets.shop.loblaws.ca/products/21378017/b3/en/front/21378017_front_a06_@2.png" srcset="https://assets.shop.loblaws.ca/products/21378017/b3/en/front/21378017_front_a06_@2.png 1x, https://assets.shop.loblaws.ca/products/21378017/b3/en/front/21378017_front_a06_@2.png 2x" loading="lazy" class="chakra-image css-oguq8l" aria-hidden="true"></div><div class="css-qoklea"><div class="css-12dchmx"></div><div data-testid="price-product-tile" class="css-8atqhb"><p class="chakra-text css-0"><span class="chakra-text css-pwnbcb" data-testid="regular-price"><span class="css-idkz9h">$2.00</span>$2.00</span></p></div><a href="/lychee-drink/p/21378017_EA?source=nspt" class="chakra-linkbox__overlay css-1hnz6hu"><div class="css-0"><p class="chakra-text css-1ecdp9w" data-testid="product-brand">Suraj</p><h3 class="chakra-heading css-6qrhwc" id="21378017_EA" data-testid="product-title">Lychee Drink</h3><p class="chakra-text css-1yftjin" data-testid="product-package-size">1 l, $0.20/100ml</p></div></a><div class="css-8keand"></div></div><div class="css-1q5omjq"><div class="css-fcebb8"><div data-testid="atc-compact" class="css-y94ivq" style="width: 45px;"><button type="button" class="chakra-button css-mudsm6" data-testid="atc-button"><svg stroke="currentColor" fill="currentColor" stroke-width="0" viewBox="0 0 24 24" focusable="false" class="chakra-icon css-1g3sp7a" data-testid="btn-icon" aria-hidden="true" height="1em" width="1em" xmlns="http://www.w3.org/2000/svg"><path d="M19 13h-6v6h-2v-6H5v-2h6V5h2v6h6v2z"></path></svg><span class="css-idkz9h">Add Lychee Drink to cart</span></button></div></div></div></div></div></div><div class="css-0"><div class="css-f5i5wc"><div class="chakra-linkbox css-vhnn8v"><div data-testid="product-image" class="css-16dr4ly"><img alt="No Name Tomato Juice 540 ml, $0.28/100ml" src="https://assets.shop.loblaws.ca/products/20565353/b3/en/front/20565353_front_a06_@2.png" srcset="https://assets.shop.loblaws.ca/products/20565353/b3/en/front/20565353_front_a06_@2.png 1x, https://assets.shop.loblaws.ca/products/20565353/b3/en/front/20565353_front_a06_@2.png 2x" loading="lazy" class="chakra-image css-oguq8l" aria-hidden="true"></div><div class="css-qoklea"><div class="css-12dchmx"></div><div data-testid="price-product-tile" class="css-8atqhb"><p class="chakra-text css-0"><span class="chakra-text css-pwnbcb" data-testid="regular-price"><span class="css-idkz9h">$1.50</span>$1.50</span></p></div><a href="/tomato-juice/p/20565353_EA?source=nspt" class="chakra-linkbox__overlay css-1hnz6hu"><div class="css-0"><p class="chakra-text css-1ecdp9w" data-testid="product-brand">No Name</p><h3 class="chakra-heading css-6qrhwc" id="20565353_EA" data-testid="product-title">Tomato Juice</h3><p class="chakra-text css-1yftjin" data-testid="product-package-size">540 ml, $0.28/100ml</p></div></a><div class="css-8keand"></div></div><div class="css-1q5omjq"><div class="css-fcebb8"><div data-testid="atc-compact" class="css-y94ivq" style="width: 45px;"><button type="button" class="chakra-button css-mudsm6" data-testid="atc-button"><svg stroke="currentColor" fill="currentColor" stroke-width="0" viewBox="0 0 24 24" focusable="false" class="chakra-icon css-1g3sp7a" data-testid="btn-icon" aria-hidden="true" height="1em" width="1em" xmlns="http://www.w3.org/2000/svg"><path d="M19 13h-6v6h-2v-6H5v-2h6V5h2v6h6v2z"></path></svg><span class="css-idkz9h">Add Tomato Juice to cart</span></button></div></div></div></div></div></div><div class="css-0"><div class="css-f5i5wc"><div class="chakra-linkbox css-vhnn8v"><div data-testid="product-image" class="css-16dr4ly"><img alt="Rubicon Guava Exotic Juice Drink 1 l, $0.25/100ml" src="https://assets.shop.loblaws.ca/products/20296770001/b3/en/front/20296770001_front_a06_@2.png" srcset="https://assets.shop.loblaws.ca/products/20296770001/b3/en/front/20296770001_front_a06_@2.png 1x, https://assets.shop.loblaws.ca/products/20296770001/b3/en/front/20296770001_front_a06_@2.png 2x" loading="lazy" class="chakra-image css-oguq8l" aria-hidden="true"></div><div class="css-qoklea"><div class="css-12dchmx"></div><div data-testid="price-product-tile" class="css-8atqhb"><p class="chakra-text css-0"><span class="chakra-text css-pwnbcb" data-testid="regular-price"><span class="css-idkz9h">$2.49</span>$2.49</span></p></div><a href="/guava-exotic-juice-drink/p/20296770001_EA?source=nspt" class="chakra-linkbox__overlay css-1hnz6hu"><div class="css-0"><p class="chakra-text css-1ecdp9w" data-testid="product-brand">Rubicon</p><h3 class="chakra-heading css-6qrhwc" id="20296770001_EA" data-testid="product-title">Guava Exotic Juice Drink</h3><p class="chakra-text css-1yftjin" data-testid="product-package-size">1 l, $0.25/100ml</p></div></a><div class="css-8keand"></div></div><div class="css-1q5omjq"><div class="css-fcebb8"><div data-testid="atc-compact" class="css-y94ivq" style="width: 45px;"><button type="button" class="chakra-button css-mudsm6" data-testid="atc-button"><svg stroke="currentColor" fill="currentColor" stroke-width="0" viewBox="0 0 24 24" focusable="false" class="chakra-icon css-1g3sp7a" data-testid="btn-icon" aria-hidden="true" height="1em" width="1em" xmlns="http://www.w3.org/2000/svg"><path d="M19 13h-6v6h-2v-6H5v-2h6V5h2v6h6v2z"></path></svg><span class="css-idkz9h">Add Guava Exotic Juice Drink to cart</span></button></div></div></div></div></div></div><div class="css-0"><div class="css-f5i5wc"><div class="chakra-linkbox css-vhnn8v"><div data-testid="product-image" class="css-16dr4ly"><img alt="Rooster Coconut Milk 398 ml, $0.38/100ml" src="https://assets.shop.loblaws.ca/products/21378707/b3/en/front/21378707_front_a06_@2.png" srcset="https://assets.shop.loblaws.ca/products/21378707/b3/en/front/21378707_front_a06_@2.png 1x, https://assets.shop.loblaws.ca/products/21378707/b3/en/front/21378707_front_a06_@2.png 2x" loading="lazy" class="chakra-image css-oguq8l" aria-hidden="true"></div><div class="css-qoklea"><div class="css-12dchmx"></div><div data-testid="price-product-tile" class="css-8atqhb"><p class="chakra-text css-0"><span class="chakra-text css-pwnbcb" data-testid="regular-price"><span class="css-idkz9h">$1.50</span>$1.50</span></p></div><a href="/coconut-milk/p/21378707_EA?source=nspt" class="chakra-linkbox__overlay css-1hnz6hu"><div class="css-0"><p class="chakra-text css-1ecdp9w" data-testid="product-brand">Rooster</p><h3 class="chakra-heading css-6qrhwc" id="21378707_EA" data-testid="product-title">Coconut Milk</h3><p class="chakra-text css-1yftjin" data-testid="product-package-size">398 ml, $0.38/100ml</p></div></a><div class="css-8keand"></div></div><div class="css-1q5omjq"><div class="css-fcebb8"><div data-testid="atc-compact" class="css-y94ivq" style="width: 45px;"><button type="button" class="chakra-button css-mudsm6" data-testid="atc-button"><svg stroke="currentColor" fill="currentColor" stroke-width="0" viewBox="0 0 24 24" focusable="false" class="chakra-icon css-1g3sp7a" data-testid="btn-icon" aria-hidden="true" height="1em" width="1em" xmlns="http://www.w3.org/2000/svg"><path d="M19 13h-6v6h-2v-6H5v-2h6V5h2v6h6v2z"></path></svg><span class="css-idkz9h">Add Coconut Milk to cart</span></button></div></div></div></div></div></div><div class="css-0"><div class="css-f5i5wc"><div class="chakra-linkbox css-vhnn8v"><div data-testid="product-image" class="css-16dr4ly"><img alt="UFC 100% Coconut Water 6x500.0 ml, $0.37/100ml" src="https://assets.shop.loblaws.ca/products/21018405/b3/en/front/21018405_front_a06_@2.png" srcset="https://assets.shop.loblaws.ca/products/21018405/b3/en/front/21018405_front_a06_@2.png 1x, https://assets.shop.loblaws.ca/products/21018405/b3/en/front/21018405_front_a06_@2.png 2x" loading="lazy" class="chakra-image css-oguq8l" aria-hidden="true"></div><div class="css-qoklea"><div class="css-12dchmx"></div><div data-testid="price-product-tile" class="css-8atqhb"><p class="chakra-text css-0"><span class="chakra-text css-pwnbcb" data-testid="regular-price"><span class="css-idkz9h">$10.99</span>$10.99</span></p></div><a href="/100-coconut-water/p/21018405_EA?source=nspt" class="chakra-linkbox__overlay css-1hnz6hu"><div class="css-0"><p class="chakra-text css-1ecdp9w" data-testid="product-brand">UFC</p><h3 class="chakra-heading css-6qrhwc" id="21018405_EA" data-testid="product-title">100% Coconut Water</h3><p class="chakra-text css-1yftjin" data-testid="product-package-size">6x500.0 ml, $0.37/100ml</p></div></a><div class="css-8keand"></div></div><div class="css-1q5omjq"><div class="css-fcebb8"><div data-testid="atc-compact" class="css-y94ivq" style="width: 45px;"><button type="button" class="chakra-button css-mudsm6" data-testid="atc-button"><svg stroke="currentColor" fill="currentColor" stroke-width="0" viewBox="0 0 24 24" focusable="false" class="chakra-icon css-1g3sp7a" data-testid="btn-icon" aria-hidden="true" height="1em" width="1em" xmlns="http://www.w3.org/2000/svg"><path d="M19 13h-6v6h-2v-6H5v-2h6V5h2v6h6v2z"></path></svg><span class="css-idkz9h">Add 100% Coconut Water to cart</span></button></div></div></div></div></div></div><div class="css-0"><div class="css-f5i5wc"><div class="chakra-linkbox css-vhnn8v"><div data-testid="product-image" class="css-16dr4ly"><img alt="Frooti Mango Juice Drink 1.5 l, $0.27/100ml" src="https://assets.shop.loblaws.ca/products/21422987/b3/en/front/21422987_front_a06_@2.png" srcset="https://assets.shop.loblaws.ca/products/21422987/b3/en/front/21422987_front_a06_@2.png 1x, https://assets.shop.loblaws.ca/products/21422987/b3/en/front/21422987_front_a06_@2.png 2x" loading="lazy" class="chakra-image css-oguq8l" aria-hidden="true"></div><div class="css-qoklea"><div class="css-12dchmx"></div><div data-testid="price-product-tile" class="css-8atqhb"><p class="chakra-text css-0"><span class="chakra-text css-pwnbcb" data-testid="regular-price"><span class="css-idkz9h">$3.99</span>$3.99</span></p></div><a href="/mango-juice-drink/p/21422987_EA?source=nspt" class="chakra-linkbox__overlay css-1hnz6hu"><div class="css-0"><p class="chakra-text css-1ecdp9w" data-testid="product-brand">Frooti</p><h3 class="chakra-heading css-6qrhwc" id="21422987_EA" data-testid="product-title">Mango Juice Drink</h3><p class="chakra-text css-1yftjin" data-testid="product-package-size">1.5 l, $0.27/100ml</p></div></a><div class="css-8keand"></div></div><div class="css-1q5omjq"><div class="css-fcebb8"><div data-testid="atc-compact" class="css-y94ivq" style="width: 45px;"><button type="button" class="chakra-button css-mudsm6" data-testid="atc-button"><svg stroke="currentColor" fill="currentColor" stroke-width="0" viewBox="0 0 24 24" focusable="false" class="chakra-icon css-1g3sp7a" data-testid="btn-icon" aria-hidden="true" height="1em" width="1em" xmlns="http://www.w3.org/2000/svg"><path d="M19 13h-6v6h-2v-6H5v-2h6V5h2v6h6v2z"></path></svg><span class="css-idkz9h">Add Mango Juice Drink to cart</span></button></div></div><div class="css-4saf4a"><p class="chakra-text css-py8788" data-testid="inventory-badge-text">Low Stock</p></div></div></div></div></div><div class="css-0"><div class="css-f5i5wc"><div class="chakra-linkbox css-vhnn8v"><div data-testid="product-image" class="css-16dr4ly"><img alt="Carnation Evaporated Milk 354 ml, $0.70/100ml" src="https://assets.shop.loblaws.ca/products/20896887/b3/en/front/20896887_front_a06_@2.png" srcset="https://assets.shop.loblaws.ca/products/20896887/b3/en/front/20896887_front_a06_@2.png 1x, https://assets.shop.loblaws.ca/products/20896887/b3/en/front/20896887_front_a06_@2.png 2x" loading="lazy" class="chakra-image css-oguq8l" aria-hidden="true"></div><div class="css-qoklea"><div class="css-12dchmx"></div><div data-testid="price-product-tile" class="css-8atqhb"><p class="chakra-text css-0"><span class="chakra-text css-pwnbcb" data-testid="regular-price"><span class="css-idkz9h">$2.49</span>$2.49</span></p></div><a href="/evaporated-milk/p/20896887_EA?source=nspt" class="chakra-linkbox__overlay css-1hnz6hu"><div class="css-0"><p class="chakra-text css-1ecdp9w" data-testid="product-brand">Carnation</p><h3 class="chakra-heading css-6qrhwc" id="20896887_EA" data-testid="product-title">Evaporated Milk</h3><p class="chakra-text css-1yftjin" data-testid="product-package-size">354 ml, $0.70/100ml</p></div></a><div class="css-8keand"></div></div><div class="css-1q5omjq"><div class="css-fcebb8"><div data-testid="atc-compact" class="css-y94ivq" style="width: 45px;"><button type="button" class="chakra-button css-mudsm6" data-testid="atc-button"><svg stroke="currentColor" fill="currentColor" stroke-width="0" viewBox="0 0 24 24" focusable="false" class="chakra-icon css-1g3sp7a" data-testid="btn-icon" aria-hidden="true" height="1em" width="1em" xmlns="http://www.w3.org/2000/svg"><path d="M19 13h-6v6h-2v-6H5v-2h6V5h2v6h6v2z"></path></svg><span class="css-idkz9h">Add Evaporated Milk to cart</span></button></div></div></div></div></div></div><div class="css-0"><div class="css-f5i5wc"><div class="chakra-linkbox css-vhnn8v"><div data-testid="product-image" class="css-16dr4ly"><img alt="Grace Coconut Milk 400 ml, $0.37/100ml" src="https://assets.shop.loblaws.ca/products/20047774/b3/en/front/20047774_front_a06_@2.png" srcset="https://assets.shop.loblaws.ca/products/20047774/b3/en/front/20047774_front_a06_@2.png 1x, https://assets.shop.loblaws.ca/products/20047774/b3/en/front/20047774_front_a06_@2.png 2x" loading="lazy" class="chakra-image css-oguq8l" aria-hidden="true"></div><div class="css-qoklea"><div class="css-12dchmx"></div><div data-testid="price-product-tile" class="css-8atqhb"><p class="chakra-text css-0"><span class="chakra-text css-pwnbcb" data-testid="regular-price"><span class="css-idkz9h">$1.49</span>$1.49</span></p></div><a href="/coconut-milk/p/20047774_EA?source=nspt" class="chakra-linkbox__overlay css-1hnz6hu"><div class="css-0"><p class="chakra-text css-1ecdp9w" data-testid="product-brand">Grace</p><h3 class="chakra-heading css-6qrhwc" id="20047774_EA" data-testid="product-title">Coconut Milk</h3><p class="chakra-text css-1yftjin" data-testid="product-package-size">400 ml, $0.37/100ml</p></div></a><div class="css-8keand"></div></div><div class="css-1q5omjq"><div class="css-fcebb8"><div data-testid="atc-compact" class="css-y94ivq" style="width: 45px;"><button type="button" class="chakra-button css-mudsm6" data-testid="atc-button"><svg stroke="currentColor" fill="currentColor" stroke-width="0" viewBox="0 0 24 24" focusable="false" class="chakra-icon css-1g3sp7a" data-testid="btn-icon" aria-hidden="true" height="1em" width="1em" xmlns="http://www.w3.org/2000/svg"><path d="M19 13h-6v6h-2v-6H5v-2h6V5h2v6h6v2z"></path></svg><span class="css-idkz9h">Add Coconut Milk to cart</span></button></div></div></div></div></div></div><div class="css-0"><div class="css-f5i5wc"><div class="chakra-linkbox css-vhnn8v"><div data-testid="product-image" class="css-16dr4ly"><img alt="Chaokoh Coconut Water with Jelly 520 ml, $0.34/100ml" src="https://assets.shop.loblaws.ca/products/20023918002/b3/en/front/20023918002_front_a06_@2.png" srcset="https://assets.shop.loblaws.ca/products/20023918002/b3/en/front/20023918002_front_a06_@2.png 1x, https://assets.shop.loblaws.ca/products/20023918002/b3/en/front/20023918002_front_a06_@2.png 2x" loading="lazy" class="chakra-image css-oguq8l" aria-hidden="true"></div><div class="css-qoklea"><div class="css-12dchmx"></div><div data-testid="price-product-tile" class="css-8atqhb"><p class="chakra-text css-0"><span class="chakra-text css-pwnbcb" data-testid="regular-price"><span class="css-idkz9h">$1.79</span>$1.79</span></p></div><a href="/coconut-water-with-jelly/p/20023918002_EA?source=nspt" class="chakra-linkbox__overlay css-1hnz6hu"><div class="css-0"><p class="chakra-text css-1ecdp9w" data-testid="product-brand">Chaokoh</p><h3 class="chakra-heading css-6qrhwc" id="20023918002_EA" data-testid="product-title">Coconut Water with Jelly</h3><p class="chakra-text css-1yftjin" data-testid="product-package-size">520 ml, $0.34/100ml</p></div></a><div class="css-8keand"></div></div><div class="css-1q5omjq"><div class="css-fcebb8"><div data-testid="atc-compact" class="css-y94ivq" style="width: 45px;"><button type="button" class="chakra-button css-mudsm6" data-testid="atc-button"><svg stroke="currentColor" fill="currentColor" stroke-width="0" viewBox="0 0 24 24" focusable="false" class="chakra-icon css-1g3sp7a" data-testid="btn-icon" aria-hidden="true" height="1em" width="1em" xmlns="http://www.w3.org/2000/svg"><path d="M19 13h-6v6h-2v-6H5v-2h6V5h2v6h6v2z"></path></svg><span class="css-idkz9h">Add Coconut Water with Jelly to cart</span></button></div></div></div></div></div></div><div class="css-0"><div class="css-f5i5wc"><div class="chakra-linkbox css-vhnn8v"><div data-testid="product-image" class="css-16dr4ly"><img alt="Grand Pre 2% Milk 1 l, $0.47/100ml" src="https://assets.shop.loblaws.ca/products/20085214/b3/en/front/20085214_front_a06_@2.png" srcset="https://assets.shop.loblaws.ca/products/20085214/b3/en/front/20085214_front_a06_@2.png 1x, https://assets.shop.loblaws.ca/products/20085214/b3/en/front/20085214_front_a06_@2.png 2x" loading="lazy" class="chakra-image css-oguq8l" aria-hidden="true"></div><div class="css-qoklea"><div class="css-12dchmx"></div><div data-testid="price-product-tile" class="css-8atqhb"><p class="chakra-text css-0"><span class="chakra-text css-pwnbcb" data-testid="regular-price"><span class="css-idkz9h">$4.69</span>$4.69</span></p></div><a href="/2-milk/p/20085214_EA?source=nspt" class="chakra-linkbox__overlay css-1hnz6hu"><div class="css-0"><p class="chakra-text css-1ecdp9w" data-testid="product-brand">Grand Pre</p><h3 class="chakra-heading css-6qrhwc" id="20085214_EA" data-testid="product-title">2% Milk</h3><p class="chakra-text css-1yftjin" data-testid="product-package-size">1 l, $0.47/100ml</p></div></a><div class="css-8keand"></div></div><div class="css-1q5omjq"><div class="css-fcebb8"><div data-testid="atc-compact" class="css-y94ivq" style="width: 45px;"><button type="button" class="chakra-button css-mudsm6" data-testid="atc-button"><svg stroke="currentColor" fill="currentColor" stroke-width="0" viewBox="0 0 24 24" focusable="false" class="chakra-icon css-1g3sp7a" data-testid="btn-icon" aria-hidden="true" height="1em" width="1em" xmlns="http://www.w3.org/2000/svg"><path d="M19 13h-6v6h-2v-6H5v-2h6V5h2v6h6v2z"></path></svg><span class="css-idkz9h">Add 2% Milk to cart</span></button></div></div></div></div></div></div><div class="css-0"><div class="css-f5i5wc"><div class="chakra-linkbox css-vhnn8v"><div data-testid="product-image" class="css-16dr4ly"><img alt="Kosa 1 Coconut Water     1000 ml, $0.35/100ml" src="https://assets.shop.loblaws.ca/products/21176899/b3/en/front/21176899_front_a06_@2.png" srcset="https://assets.shop.loblaws.ca/products/21176899/b3/en/front/21176899_front_a06_@2.png 1x, https://assets.shop.loblaws.ca/products/21176899/b3/en/front/21176899_front_a06_@2.png 2x" loading="lazy" class="chakra-image css-oguq8l" aria-hidden="true"></div><div class="css-qoklea"><div class="css-12dchmx"></div><div data-testid="price-product-tile" class="css-8atqhb"><p class="chakra-text css-0"><span class="chakra-text css-pwnbcb" data-testid="regular-price"><span class="css-idkz9h">$3.49</span>$3.49</span></p></div><a href="/1-coconut-water/p/21176899_EA?source=nspt" class="chakra-linkbox__overlay css-1hnz6hu"><div class="css-0"><p class="chakra-text css-1ecdp9w" data-testid="product-brand">Kosa</p><h3 class="chakra-heading css-6qrhwc" id="21176899_EA" data-testid="product-title">1 Coconut Water    </h3><p class="chakra-text css-1yftjin" data-testid="product-package-size">1000 ml, $0.35/100ml</p></div></a><div class="css-8keand"></div></div><div class="css-1q5omjq"><div class="css-fcebb8"><div data-testid="atc-compact" class="css-y94ivq" style="width: 45px;"><button type="button" class="chakra-button css-mudsm6" data-testid="atc-button"><svg stroke="currentColor" fill="currentColor" stroke-width="0" viewBox="0 0 24 24" focusable="false" class="chakra-icon css-1g3sp7a" data-testid="btn-icon" aria-hidden="true" height="1em" width="1em" xmlns="http://www.w3.org/2000/svg"><path d="M19 13h-6v6h-2v-6H5v-2h6V5h2v6h6v2z"></path></svg><span class="css-idkz9h">Add 1 Coconut Water     to cart</span></button></div></div></div></div></div></div><div class="css-0"><div class="css-f5i5wc"><div class="chakra-linkbox css-vhnn8v"><div data-testid="product-image" class="css-16dr4ly"><img alt="Rubicon Guava Exotic Fruit Juice 4x200.0 ml, $0.37/100ml" src="https://assets.shop.loblaws.ca/products/20344100/b3/en/front/20344100_front_a06_@2.png" srcset="https://assets.shop.loblaws.ca/products/20344100/b3/en/front/20344100_front_a06_@2.png 1x, https://assets.shop.loblaws.ca/products/20344100/b3/en/front/20344100_front_a06_@2.png 2x" loading="lazy" class="chakra-image css-oguq8l" aria-hidden="true"></div><div class="css-qoklea"><div class="css-12dchmx"></div><div data-testid="price-product-tile" class="css-8atqhb"><p class="chakra-text css-0"><span class="chakra-text css-pwnbcb" data-testid="regular-price"><span class="css-idkz9h">$2.99</span>$2.99</span></p></div><a href="/guava-exotic-fruit-juice/p/20344100_EA?source=nspt" class="chakra-linkbox__overlay css-1hnz6hu"><div class="css-0"><p class="chakra-text css-1ecdp9w" data-testid="product-brand">Rubicon</p><h3 class="chakra-heading css-6qrhwc" id="20344100_EA" data-testid="product-title">Guava Exotic Fruit Juice</h3><p class="chakra-text css-1yftjin" data-testid="product-package-size">4x200.0 ml, $0.37/100ml</p></div></a><div class="css-8keand"></div></div><div class="css-1q5omjq"><div class="css-fcebb8"><div data-testid="atc-compact" class="css-y94ivq" style="width: 45px;"><button type="button" class="chakra-button css-mudsm6" data-testid="atc-button"><svg stroke="currentColor" fill="currentColor" stroke-width="0" viewBox="0 0 24 24" focusable="false" class="chakra-icon css-1g3sp7a" data-testid="btn-icon" aria-hidden="true" height="1em" width="1em" xmlns="http://www.w3.org/2000/svg"><path d="M19 13h-6v6h-2v-6H5v-2h6V5h2v6h6v2z"></path></svg><span class="css-idkz9h">Add Guava Exotic Fruit Juice to cart</span></button></div></div></div></div></div></div><div class="css-0"><div class="css-f5i5wc"><div class="chakra-linkbox css-vhnn8v"><div data-testid="product-image" class="css-16dr4ly"><img alt="Rubicon Juice Drink Pineapple &amp; Coconut 1 l, $0.28/100ml" src="https://assets.shop.loblaws.ca/products/21456866/b3/en/front/21456866_front_a06_@2.png" srcset="https://assets.shop.loblaws.ca/products/21456866/b3/en/front/21456866_front_a06_@2.png 1x, https://assets.shop.loblaws.ca/products/21456866/b3/en/front/21456866_front_a06_@2.png 2x" loading="lazy" class="chakra-image css-oguq8l" aria-hidden="true"></div><div class="css-qoklea"><div class="css-12dchmx"></div><div data-testid="price-product-tile" class="css-8atqhb"><p class="chakra-text css-0"><span class="chakra-text css-pwnbcb" data-testid="regular-price"><span class="css-idkz9h">$2.79</span>$2.79</span></p></div><a href="/juice-drink-pineapple-coconut/p/21456866_EA?source=nspt" class="chakra-linkbox__overlay css-1hnz6hu"><div class="css-0"><p class="chakra-text css-1ecdp9w" data-testid="product-brand">Rubicon</p><h3 class="chakra-heading css-6qrhwc" id="21456866_EA" data-testid="product-title">Juice Drink Pineapple &amp; Coconut</h3><p class="chakra-text css-1yftjin" data-testid="product-package-size">1 l, $0.28/100ml</p></div></a><div class="css-8keand"></div></div><div class="css-1q5omjq"><div class="css-fcebb8"><div data-testid="atc-compact" class="css-y94ivq" style="width: 45px;"><button type="button" class="chakra-button css-mudsm6" data-testid="atc-button"><svg stroke="currentColor" fill="currentColor" stroke-width="0" viewBox="0 0 24 24" focusable="false" class="chakra-icon css-1g3sp7a" data-testid="btn-icon" aria-hidden="true" height="1em" width="1em" xmlns="http://www.w3.org/2000/svg"><path d="M19 13h-6v6h-2v-6H5v-2h6V5h2v6h6v2z"></path></svg><span class="css-idkz9h">Add Juice Drink Pineapple &amp; Coconut to cart</span></button></div></div></div></div></div></div><div class="css-0"><div class="css-f5i5wc"><div class="chakra-linkbox css-vhnn8v"><div data-testid="product-image" class="css-16dr4ly"><img alt="Tasco Brand Coconut Juice With Pulp 500 ml, $0.40/100ml" src="https://assets.shop.loblaws.ca/products/20431227/b3/en/front/20431227_front_a06_@2.png" srcset="https://assets.shop.loblaws.ca/products/20431227/b3/en/front/20431227_front_a06_@2.png 1x, https://assets.shop.loblaws.ca/products/20431227/b3/en/front/20431227_front_a06_@2.png 2x" loading="lazy" class="chakra-image css-oguq8l" aria-hidden="true"></div><div class="css-qoklea"><div class="css-12dchmx"></div><div data-testid="price-product-tile" class="css-8atqhb"><p class="chakra-text css-0"><span class="chakra-text css-pwnbcb" data-testid="regular-price"><span class="css-idkz9h">$1.99</span>$1.99</span></p></div><a href="/coconut-juice-with-pulp/p/20431227_EA?source=nspt" class="chakra-linkbox__overlay css-1hnz6hu"><div class="css-0"><p class="chakra-text css-1ecdp9w" data-testid="product-brand">Tasco Brand</p><h3 class="chakra-heading css-6qrhwc" id="20431227_EA" data-testid="product-title">Coconut Juice With Pulp</h3><p class="chakra-text css-1yftjin" data-testid="product-package-size">500 ml, $0.40/100ml</p></div></a><div class="css-8keand"></div></div><div class="css-1q5omjq"><div class="css-fcebb8"><div data-testid="atc-compact" class="css-y94ivq" style="width: 45px;"><button type="button" class="chakra-button css-mudsm6" data-testid="atc-button"><svg stroke="currentColor" fill="currentColor" stroke-width="0" viewBox="0 0 24 24" focusable="false" class="chakra-icon css-1g3sp7a" data-testid="btn-icon" aria-hidden="true" height="1em" width="1em" xmlns="http://www.w3.org/2000/svg"><path d="M19 13h-6v6h-2v-6H5v-2h6V5h2v6h6v2z"></path></svg><span class="css-idkz9h">Add Coconut Juice With Pulp to cart</span></button></div></div></div></div></div></div><div class="css-0"><div class="css-f5i5wc"><div class="chakra-linkbox css-vhnn8v"><div data-testid="product-image" class="css-16dr4ly"><img alt="MiO Lemonade Liquid Water Enhancer 48 ml, $6.25/100ml" src="https://assets.shop.loblaws.ca/products/20663423/b3/en/front/20663423_front_a06_@2.png" srcset="https://assets.shop.loblaws.ca/products/20663423/b3/en/front/20663423_front_a06_@2.png 1x, https://assets.shop.loblaws.ca/products/20663423/b3/en/front/20663423_front_a06_@2.png 2x" loading="lazy" class="chakra-image css-oguq8l" aria-hidden="true"></div><div class="css-qoklea"><div class="css-12dchmx"></div><div data-testid="price-product-tile" class="css-8atqhb"><p class="chakra-text css-0"><span class="chakra-text css-pwnbcb" data-testid="regular-price"><span class="css-idkz9h">$3.00</span>$3.00</span></p></div><a href="/lemonade-liquid-water-enhancer/p/20663423_EA?source=nspt" class="chakra-linkbox__overlay css-1hnz6hu"><div class="css-0"><p class="chakra-text css-1ecdp9w" data-testid="product-brand">MiO</p><h3 class="chakra-heading css-6qrhwc" id="20663423_EA" data-testid="product-title">Lemonade Liquid Water Enhancer</h3><p class="chakra-text css-1yftjin" data-testid="product-package-size">48 ml, $6.25/100ml</p></div></a><div class="css-8keand"></div></div><div class="css-1q5omjq"><div class="css-fcebb8"><div data-testid="atc-compact" class="css-y94ivq" style="width: 45px;"><button type="button" class="chakra-button css-mudsm6" data-testid="atc-button"><svg stroke="currentColor" fill="currentColor" stroke-width="0" viewBox="0 0 24 24" focusable="false" class="chakra-icon css-1g3sp7a" data-testid="btn-icon" aria-hidden="true" height="1em" width="1em" xmlns="http://www.w3.org/2000/svg"><path d="M19 13h-6v6h-2v-6H5v-2h6V5h2v6h6v2z"></path></svg><span class="css-idkz9h">Add Lemonade Liquid Water Enhancer to cart</span></button></div></div></div></div></div></div><div class="css-0"><div class="css-f5i5wc"><div class="chakra-linkbox css-vhnn8v"><div data-testid="product-image" class="css-16dr4ly"><img alt="Eagle Brand Brand Sweetened Condensed Milk 300 ml, $1.33/100ml" src="https://assets.shop.loblaws.ca/products/21012618/b3/en/front/21012618_front_a06_@2.png" srcset="https://assets.shop.loblaws.ca/products/21012618/b3/en/front/21012618_front_a06_@2.png 1x, https://assets.shop.loblaws.ca/products/21012618/b3/en/front/21012618_front_a06_@2.png 2x" loading="lazy" class="chakra-image css-oguq8l" aria-hidden="true"></div><div class="css-qoklea"><div class="css-12dchmx"></div><div data-testid="price-product-tile" class="css-8atqhb"><p class="chakra-text css-0"><span class="chakra-text css-pwnbcb" data-testid="regular-price"><span class="css-idkz9h">$3.99</span>$3.99</span></p></div><a href="/brand-sweetened-condensed-milk/p/21012618_EA?source=nspt" class="chakra-linkbox__overlay css-1hnz6hu"><div class="css-0"><p class="chakra-text css-1ecdp9w" data-testid="product-brand">Eagle Brand</p><h3 class="chakra-heading css-6qrhwc" id="21012618_EA" data-testid="product-title">Brand Sweetened Condensed Milk</h3><p class="chakra-text css-1yftjin" data-testid="product-package-size">300 ml, $1.33/100ml</p></div></a><div class="css-8keand"></div></div><div class="css-1q5omjq"><div class="css-fcebb8"><div data-testid="atc-compact" class="css-y94ivq" style="width: 45px;"><button type="button" class="chakra-button css-mudsm6" data-testid="atc-button"><svg stroke="currentColor" fill="currentColor" stroke-width="0" viewBox="0 0 24 24" focusable="false" class="chakra-icon css-1g3sp7a" data-testid="btn-icon" aria-hidden="true" height="1em" width="1em" xmlns="http://www.w3.org/2000/svg"><path d="M19 13h-6v6h-2v-6H5v-2h6V5h2v6h6v2z"></path></svg><span class="css-idkz9h">Add Brand Sweetened Condensed Milk to cart</span></button></div></div></div></div></div></div><div class="css-0"><div class="css-f5i5wc"><div class="chakra-linkbox css-vhnn8v"><div data-testid="product-image" class="css-16dr4ly"><img alt="Rubicon Juice Drink Passion Fruit 4x200.0 ml, $1.50/100ml" src="https://assets.shop.loblaws.ca/products/21456915/b3/en/front/21456915_front_a06_@2.png" srcset="https://assets.shop.loblaws.ca/products/21456915/b3/en/front/21456915_front_a06_@2.png 1x, https://assets.shop.loblaws.ca/products/21456915/b3/en/front/21456915_front_a06_@2.png 2x" loading="lazy" class="chakra-image css-oguq8l" aria-hidden="true"></div><div class="css-qoklea"><div class="css-12dchmx"></div><div data-testid="price-product-tile" class="css-8atqhb"><p class="chakra-text css-0"><span class="chakra-text css-pwnbcb" data-testid="regular-price"><span class="css-idkz9h">$2.99</span>$2.99</span></p></div><a href="/juice-drink-passion-fruit/p/21456915_EA?source=nspt" class="chakra-linkbox__overlay css-1hnz6hu"><div class="css-0"><p class="chakra-text css-1ecdp9w" data-testid="product-brand">Rubicon</p><h3 class="chakra-heading css-6qrhwc" id="21456915_EA" data-testid="product-title">Juice Drink Passion Fruit</h3><p class="chakra-text css-1yftjin" data-testid="product-package-size">4x200.0 ml, $1.50/100ml</p></div></a><div class="css-8keand"></div></div><div class="css-1q5omjq"><div class="css-fcebb8"><div data-testid="atc-compact" class="css-y94ivq" style="width: 45px;"><button type="button" class="chakra-button css-mudsm6" data-testid="atc-button"><svg stroke="currentColor" fill="currentColor" stroke-width="0" viewBox="0 0 24 24" focusable="false" class="chakra-icon css-1g3sp7a" data-testid="btn-icon" aria-hidden="true" height="1em" width="1em" xmlns="http://www.w3.org/2000/svg"><path d="M19 13h-6v6h-2v-6H5v-2h6V5h2v6h6v2z"></path></svg><span class="css-idkz9h">Add Juice Drink Passion Fruit to cart</span></button></div></div></div></div></div></div><div class="css-0"><div class="css-f5i5wc"><div class="chakra-linkbox css-vhnn8v"><div data-testid="product-image" class="css-16dr4ly"><img alt="No Name 2% Evaporated Partly Skimmed Milk 354 ml, $0.42/100ml" src="https://assets.shop.loblaws.ca/products/21040543/b3/en/front/21040543_front_a06_@2.png" srcset="https://assets.shop.loblaws.ca/products/21040543/b3/en/front/21040543_front_a06_@2.png 1x, https://assets.shop.loblaws.ca/products/21040543/b3/en/front/21040543_front_a06_@2.png 2x" loading="lazy" class="chakra-image css-oguq8l" aria-hidden="true"></div><div class="css-qoklea"><div class="css-12dchmx"></div><div data-testid="price-product-tile" class="css-8atqhb"><p class="chakra-text css-0"><span class="chakra-text css-o93gbd" data-testid="sale-price"><span class="css-idkz9h">$1.49</span>$1.49</span><span class="chakra-text css-623q5h" data-testid="was-price"><span class="css-idkz9h">$1.99</span>$1.99</span></p><p class="chakra-text css-1m5a6y8" data-testid="price-descriptor">SAVE $0.50</p></div><a href="/2-evaporated-partly-skimmed-milk/p/21040543_EA?source=nspt" class="chakra-linkbox__overlay css-1hnz6hu"><div class="css-0"><p class="chakra-text css-1ecdp9w" data-testid="product-brand">No Name</p><h3 class="chakra-heading css-6qrhwc" id="21040543_EA" data-testid="product-title">2% Evaporated Partly Skimmed Milk</h3><p class="chakra-text css-1yftjin" data-testid="product-package-size">354 ml, $0.42/100ml</p></div></a><div class="css-8keand"></div></div><div class="css-1q5omjq"><div class="css-fcebb8"><div data-testid="atc-compact" class="css-y94ivq" style="width: 45px;"><button disabled="" type="button" class="chakra-button css-mudsm6" data-testid="atc-button"><svg stroke="currentColor" fill="currentColor" stroke-width="0" viewBox="0 0 24 24" focusable="false" class="chakra-icon css-1g3sp7a" data-testid="btn-icon" aria-hidden="true" height="1em" width="1em" xmlns="http://www.w3.org/2000/svg"><path d="M19 13h-6v6h-2v-6H5v-2h6V5h2v6h6v2z"></path></svg><span class="css-idkz9h">Add 2% Evaporated Partly Skimmed Milk to cart</span></button></div></div><div class="css-4saf4a"><p class="chakra-text css-py8788" data-testid="inventory-badge-text">Out of Stock</p></div></div></div></div></div><div class="css-0"><div class="css-f5i5wc"><div class="chakra-linkbox css-vhnn8v"><div data-testid="product-image" class="css-16dr4ly"><img alt="Paper Boat Alphonso Mango Drink 180 ml, $0.83/100ml" src="https://assets.shop.loblaws.ca/products/21455131/b3/en/front/21455131_front_a06_@2.png" srcset="https://assets.shop.loblaws.ca/products/21455131/b3/en/front/21455131_front_a06_@2.png 1x, https://assets.shop.loblaws.ca/products/21455131/b3/en/front/21455131_front_a06_@2.png 2x" loading="lazy" class="chakra-image css-oguq8l" aria-hidden="true"></div><div class="css-qoklea"><div class="css-12dchmx"></div><div data-testid="price-product-tile" class="css-8atqhb"><p class="chakra-text css-0"><span class="chakra-text css-pwnbcb" data-testid="regular-price"><span class="css-idkz9h">$1.49</span>$1.49</span></p></div><a href="/alphonso-mango-drink/p/21455131_EA?source=nspt" class="chakra-linkbox__overlay css-1hnz6hu"><div class="css-0"><p class="chakra-text css-1ecdp9w" data-testid="product-brand">Paper Boat</p><h3 class="chakra-heading css-6qrhwc" id="21455131_EA" data-testid="product-title">Alphonso Mango Drink</h3><p class="chakra-text css-1yftjin" data-testid="product-package-size">180 ml, $0.83/100ml</p></div></a><div class="css-8keand"></div></div><div class="css-1q5omjq"><div class="css-fcebb8"><div data-testid="atc-compact" class="css-y94ivq" style="width: 45px;"><button type="button" class="chakra-button css-mudsm6" data-testid="atc-button"><svg stroke="currentColor" fill="currentColor" stroke-width="0" viewBox="0 0 24 24" focusable="false" class="chakra-icon css-1g3sp7a" data-testid="btn-icon" aria-hidden="true" height="1em" width="1em" xmlns="http://www.w3.org/2000/svg"><path d="M19 13h-6v6h-2v-6H5v-2h6V5h2v6h6v2z"></path></svg><span class="css-idkz9h">Add Alphonso Mango Drink to cart</span></button></div></div></div></div></div></div><div class="css-0"><div class="css-f5i5wc"><div class="chakra-linkbox css-vhnn8v"><div data-testid="product-image" class="css-16dr4ly"><img alt="Kool-Aid Grape Liquid Drink Mix 48 ml, $6.25/100ml" src="https://assets.shop.loblaws.ca/products/20749494001/b3/en/front/20749494001_front_a06_@2.png" srcset="https://assets.shop.loblaws.ca/products/20749494001/b3/en/front/20749494001_front_a06_@2.png 1x, https://assets.shop.loblaws.ca/products/20749494001/b3/en/front/20749494001_front_a06_@2.png 2x" loading="lazy" class="chakra-image css-oguq8l" aria-hidden="true"></div><div class="css-qoklea"><div class="css-12dchmx"></div><div data-testid="price-product-tile" class="css-8atqhb"><p class="chakra-text css-0"><span class="chakra-text css-pwnbcb" data-testid="regular-price"><span class="css-idkz9h">$3.00</span>$3.00</span></p></div><a href="/grape-liquid-drink-mix/p/20749494001_EA?source=nspt" class="chakra-linkbox__overlay css-1hnz6hu"><div class="css-0"><p class="chakra-text css-1ecdp9w" data-testid="product-brand">Kool-Aid</p><h3 class="chakra-heading css-6qrhwc" id="20749494001_EA" data-testid="product-title">Grape Liquid Drink Mix</h3><p class="chakra-text css-1yftjin" data-testid="product-package-size">48 ml, $6.25/100ml</p></div></a><div class="css-8keand"></div></div><div class="css-1q5omjq"><div class="css-fcebb8"><div data-testid="atc-compact" class="css-y94ivq" style="width: 45px;"><button type="button" class="chakra-button css-mudsm6" data-testid="atc-button"><svg stroke="currentColor" fill="currentColor" stroke-width="0" viewBox="0 0 24 24" focusable="false" class="chakra-icon css-1g3sp7a" data-testid="btn-icon" aria-hidden="true" height="1em" width="1em" xmlns="http://www.w3.org/2000/svg"><path d="M19 13h-6v6h-2v-6H5v-2h6V5h2v6h6v2z"></path></svg><span class="css-idkz9h">Add Grape Liquid Drink Mix to cart</span></button></div></div></div></div></div></div><div class="css-0"><div class="css-f5i5wc"><div class="chakra-linkbox css-vhnn8v"><div data-testid="product-image" class="css-16dr4ly"><img alt="Rubicon 100% Juice Blend Mango 1 l, $0.35/100ml" src="https://assets.shop.loblaws.ca/products/20990655001/b3/en/front/20990655001_front_a06_@2.png" srcset="https://assets.shop.loblaws.ca/products/20990655001/b3/en/front/20990655001_front_a06_@2.png 1x, https://assets.shop.loblaws.ca/products/20990655001/b3/en/front/20990655001_front_a06_@2.png 2x" loading="lazy" class="chakra-image css-oguq8l" aria-hidden="true"></div><div class="css-qoklea"><div class="css-12dchmx"></div><div data-testid="price-product-tile" class="css-8atqhb"><p class="chakra-text css-0"><span class="chakra-text css-pwnbcb" data-testid="regular-price"><span class="css-idkz9h">$3.49</span>$3.49</span></p></div><a href="/100-juice-blend-mango/p/20990655001_EA?source=nspt" class="chakra-linkbox__overlay css-1hnz6hu"><div class="css-0"><p class="chakra-text css-1ecdp9w" data-testid="product-brand">Rubicon</p><h3 class="chakra-heading css-6qrhwc" id="20990655001_EA" data-testid="product-title">100% Juice Blend Mango</h3><p class="chakra-text css-1yftjin" data-testid="product-package-size">1 l, $0.35/100ml</p></div></a><div class="css-8keand"></div></div><div class="css-1q5omjq"><div class="css-fcebb8"><div data-testid="atc-compact" class="css-y94ivq" style="width: 45px;"><button type="button" class="chakra-button css-mudsm6" data-testid="atc-button"><svg stroke="currentColor" fill="currentColor" stroke-width="0" viewBox="0 0 24 24" focusable="false" class="chakra-icon css-1g3sp7a" data-testid="btn-icon" aria-hidden="true" height="1em" width="1em" xmlns="http://www.w3.org/2000/svg"><path d="M19 13h-6v6h-2v-6H5v-2h6V5h2v6h6v2z"></path></svg><span class="css-idkz9h">Add 100% Juice Blend Mango to cart</span></button></div></div></div></div></div></div><div class="css-0"><div class="css-f5i5wc"><div class="chakra-linkbox css-vhnn8v"><div data-testid="product-image" class="css-16dr4ly"><img alt="Frooti Mango Drink      6x200.0 ml, $0.36/100ml" src="https://assets.shop.loblaws.ca/products/20009162/b3/en/front/20009162_front_a06_@2.png" srcset="https://assets.shop.loblaws.ca/products/20009162/b3/en/front/20009162_front_a06_@2.png 1x, https://assets.shop.loblaws.ca/products/20009162/b3/en/front/20009162_front_a06_@2.png 2x" loading="lazy" class="chakra-image css-oguq8l" aria-hidden="true"></div><div class="css-qoklea"><div class="css-12dchmx"></div><div data-testid="price-product-tile" class="css-8atqhb"><p class="chakra-text css-0"><span class="chakra-text css-pwnbcb" data-testid="regular-price"><span class="css-idkz9h">$4.29</span>$4.29</span></p></div><a href="/mango-drink/p/20009162_EA?source=nspt" class="chakra-linkbox__overlay css-1hnz6hu"><div class="css-0"><p class="chakra-text css-1ecdp9w" data-testid="product-brand">Frooti</p><h3 class="chakra-heading css-6qrhwc" id="20009162_EA" data-testid="product-title">Mango Drink     </h3><p class="chakra-text css-1yftjin" data-testid="product-package-size">6x200.0 ml, $0.36/100ml</p></div></a><div class="css-8keand"></div></div><div class="css-1q5omjq"><div class="css-fcebb8"><div data-testid="atc-compact" class="css-y94ivq" style="width: 45px;"><button type="button" class="chakra-button css-mudsm6" data-testid="atc-button"><svg stroke="currentColor" fill="currentColor" stroke-width="0" viewBox="0 0 24 24" focusable="false" class="chakra-icon css-1g3sp7a" data-testid="btn-icon" aria-hidden="true" height="1em" width="1em" xmlns="http://www.w3.org/2000/svg"><path d="M19 13h-6v6h-2v-6H5v-2h6V5h2v6h6v2z"></path></svg><span class="css-idkz9h">Add Mango Drink      to cart</span></button></div></div></div></div></div></div><div class="css-0"><div class="css-f5i5wc"><div class="chakra-linkbox css-vhnn8v"><div data-testid="product-image" class="css-16dr4ly"><img alt="MiO Sport Electrolytes Berry Burst Liquid Water Enhancer 48 ml, $6.25/100ml" src="https://assets.shop.loblaws.ca/products/20662690/b3/en/front/20662690_front_a06_@2.png" srcset="https://assets.shop.loblaws.ca/products/20662690/b3/en/front/20662690_front_a06_@2.png 1x, https://assets.shop.loblaws.ca/products/20662690/b3/en/front/20662690_front_a06_@2.png 2x" loading="lazy" class="chakra-image css-oguq8l" aria-hidden="true"></div><div class="css-qoklea"><div class="css-12dchmx"></div><div data-testid="price-product-tile" class="css-8atqhb"><p class="chakra-text css-0"><span class="chakra-text css-pwnbcb" data-testid="regular-price"><span class="css-idkz9h">$3.00</span>$3.00</span></p></div><a href="/sport-electrolytes-berry-burst-liquid-water-enhanc/p/20662690_EA?source=nspt" class="chakra-linkbox__overlay css-1hnz6hu"><div class="css-0"><p class="chakra-text css-1ecdp9w" data-testid="product-brand">MiO</p><h3 class="chakra-heading css-6qrhwc" id="20662690_EA" data-testid="product-title">Sport Electrolytes Berry Burst Liquid Water Enhancer</h3><p class="chakra-text css-1yftjin" data-testid="product-package-size">48 ml, $6.25/100ml</p></div></a><div class="css-8keand"></div></div><div class="css-1q5omjq"><div class="css-fcebb8"><div data-testid="atc-compact" class="css-y94ivq" style="width: 45px;"><button type="button" class="chakra-button css-mudsm6" data-testid="atc-button"><svg stroke="currentColor" fill="currentColor" stroke-width="0" viewBox="0 0 24 24" focusable="false" class="chakra-icon css-1g3sp7a" data-testid="btn-icon" aria-hidden="true" height="1em" width="1em" xmlns="http://www.w3.org/2000/svg"><path d="M19 13h-6v6h-2v-6H5v-2h6V5h2v6h6v2z"></path></svg><span class="css-idkz9h">Add Sport Electrolytes Berry Burst Liquid Water Enhancer to cart</span></button></div></div></div></div></div></div><div class="css-0"><div class="css-f5i5wc"><div class="chakra-linkbox css-vhnn8v"><div data-testid="product-image" class="css-16dr4ly"><img alt="Crystal Light Liquid Drink Mix 48 ml, $6.25/100ml" src="https://assets.shop.loblaws.ca/products/20660972/b3/en/front/20660972_front_a06_@2.png" srcset="https://assets.shop.loblaws.ca/products/20660972/b3/en/front/20660972_front_a06_@2.png 1x, https://assets.shop.loblaws.ca/products/20660972/b3/en/front/20660972_front_a06_@2.png 2x" loading="lazy" class="chakra-image css-oguq8l" aria-hidden="true"></div><div class="css-qoklea"><div class="css-12dchmx"></div><div data-testid="price-product-tile" class="css-8atqhb"><p class="chakra-text css-0"><span class="chakra-text css-pwnbcb" data-testid="regular-price"><span class="css-idkz9h">$3.00</span>$3.00</span></p></div><a href="/liquid-drink-mix/p/20660972_EA?source=nspt" class="chakra-linkbox__overlay css-1hnz6hu"><div class="css-0"><p class="chakra-text css-1ecdp9w" data-testid="product-brand">Crystal Light</p><h3 class="chakra-heading css-6qrhwc" id="20660972_EA" data-testid="product-title">Liquid Drink Mix</h3><p class="chakra-text css-1yftjin" data-testid="product-package-size">48 ml, $6.25/100ml</p></div></a><div class="css-8keand"></div></div><div class="css-1q5omjq"><div class="css-fcebb8"><div data-testid="atc-compact" class="css-y94ivq" style="width: 45px;"><button type="button" class="chakra-button css-mudsm6" data-testid="atc-button"><svg stroke="currentColor" fill="currentColor" stroke-width="0" viewBox="0 0 24 24" focusable="false" class="chakra-icon css-1g3sp7a" data-testid="btn-icon" aria-hidden="true" height="1em" width="1em" xmlns="http://www.w3.org/2000/svg"><path d="M19 13h-6v6h-2v-6H5v-2h6V5h2v6h6v2z"></path></svg><span class="css-idkz9h">Add Liquid Drink Mix to cart</span></button></div></div></div></div></div></div><div class="css-0"><div class="css-f5i5wc"><div class="chakra-linkbox css-vhnn8v"><div data-testid="product-image" class="css-16dr4ly"><img alt="Gatorade Powder Orange 35 g, $22.83/100g" src="https://assets.shop.loblaws.ca/products/21603312/b3/en/front/21603312_front_a06_@2.png" srcset="https://assets.shop.loblaws.ca/products/21603312/b3/en/front/21603312_front_a06_@2.png 1x, https://assets.shop.loblaws.ca/products/21603312/b3/en/front/21603312_front_a06_@2.png 2x" loading="lazy" class="chakra-image css-oguq8l" aria-hidden="true"></div><div class="css-qoklea"><div class="css-12dchmx"></div><div data-testid="price-product-tile" class="css-8atqhb"><p class="chakra-text css-0"><span class="chakra-text css-pwnbcb" data-testid="regular-price"><span class="css-idkz9h">$7.99</span>$7.99</span></p></div><a href="/powder-orange/p/21603312_EA?source=nspt" class="chakra-linkbox__overlay css-1hnz6hu"><div class="css-0"><p class="chakra-text css-1ecdp9w" data-testid="product-brand">Gatorade</p><h3 class="chakra-heading css-6qrhwc" id="21603312_EA" data-testid="product-title">Powder Orange</h3><p class="chakra-text css-1yftjin" data-testid="product-package-size">35 g, $22.83/100g</p></div></a><div class="css-8keand"></div></div><div class="css-1q5omjq"><div class="css-fcebb8"><div data-testid="atc-compact" class="css-y94ivq" style="width: 45px;"><button type="button" class="chakra-button css-mudsm6" data-testid="atc-button"><svg stroke="currentColor" fill="currentColor" stroke-width="0" viewBox="0 0 24 24" focusable="false" class="chakra-icon css-1g3sp7a" data-testid="btn-icon" aria-hidden="true" height="1em" width="1em" xmlns="http://www.w3.org/2000/svg"><path d="M19 13h-6v6h-2v-6H5v-2h6V5h2v6h6v2z"></path></svg><span class="css-idkz9h">Add Powder Orange to cart</span></button></div></div></div></div></div></div><div class="css-0"><div class="css-f5i5wc"><div class="chakra-linkbox css-vhnn8v"><div data-testid="product-image" class="css-16dr4ly"><img alt="No Name Pasteurized Instant Skim Milk Powder 2.5 kg, $1.02/100g" src="https://assets.shop.loblaws.ca/products/20052038/b3/en/front/20052038_front_a06_@2.png" srcset="https://assets.shop.loblaws.ca/products/20052038/b3/en/front/20052038_front_a06_@2.png 1x, https://assets.shop.loblaws.ca/products/20052038/b3/en/front/20052038_front_a06_@2.png 2x" loading="lazy" class="chakra-image css-oguq8l" aria-hidden="true"></div><div class="css-qoklea"><div class="css-12dchmx"></div><div data-testid="price-product-tile" class="css-8atqhb"><p class="chakra-text css-0"><span class="chakra-text css-pwnbcb" data-testid="regular-price"><span class="css-idkz9h">$25.49</span>$25.49</span></p></div><a href="/pasteurized-instant-skim-milk-powder/p/20052038_EA?source=nspt" class="chakra-linkbox__overlay css-1hnz6hu"><div class="css-0"><p class="chakra-text css-1ecdp9w" data-testid="product-brand">No Name</p><h3 class="chakra-heading css-6qrhwc" id="20052038_EA" data-testid="product-title">Pasteurized Instant Skim Milk Powder</h3><p class="chakra-text css-1yftjin" data-testid="product-package-size">2.5 kg, $1.02/100g</p></div></a><div class="css-8keand"></div></div><div class="css-1q5omjq"><div class="css-fcebb8"><div data-testid="atc-compact" class="css-y94ivq" style="width: 45px;"><button type="button" class="chakra-button css-mudsm6" data-testid="atc-button"><svg stroke="currentColor" fill="currentColor" stroke-width="0" viewBox="0 0 24 24" focusable="false" class="chakra-icon css-1g3sp7a" data-testid="btn-icon" aria-hidden="true" height="1em" width="1em" xmlns="http://www.w3.org/2000/svg"><path d="M19 13h-6v6h-2v-6H5v-2h6V5h2v6h6v2z"></path></svg><span class="css-idkz9h">Add Pasteurized Instant Skim Milk Powder to cart</span></button></div></div><div class="css-4saf4a"><p class="chakra-text css-py8788" data-testid="inventory-badge-text">Low Stock</p></div></div></div></div></div><div class="css-0"><div class="css-f5i5wc"><div class="chakra-linkbox css-vhnn8v"><div data-testid="product-image" class="css-16dr4ly"><img alt="Gatorade Zero Powder Fruit Punch 35 g, $22.83/100g" src="https://assets.shop.loblaws.ca/products/21603511/b3/en/front/21603511_front_a06_@2.png" srcset="https://assets.shop.loblaws.ca/products/21603511/b3/en/front/21603511_front_a06_@2.png 1x, https://assets.shop.loblaws.ca/products/21603511/b3/en/front/21603511_front_a06_@2.png 2x" loading="lazy" class="chakra-image css-oguq8l" aria-hidden="true"></div><div class="css-qoklea"><div class="css-12dchmx"></div><div data-testid="price-product-tile" class="css-8atqhb"><p class="chakra-text css-0"><span class="chakra-text css-pwnbcb" data-testid="regular-price"><span class="css-idkz9h">$7.99</span>$7.99</span></p></div><a href="/zero-powder-fruit-punch/p/21603511_EA?source=nspt" class="chakra-linkbox__overlay css-1hnz6hu"><div class="css-0"><p class="chakra-text css-1ecdp9w" data-testid="product-brand">Gatorade</p><h3 class="chakra-heading css-6qrhwc" id="21603511_EA" data-testid="product-title">Zero Powder Fruit Punch</h3><p class="chakra-text css-1yftjin" data-testid="product-package-size">35 g, $22.83/100g</p></div></a><div class="css-8keand"></div></div><div class="css-1q5omjq"><div class="css-fcebb8"><div data-testid="atc-compact" class="css-y94ivq" style="width: 45px;"><button type="button" class="chakra-button css-mudsm6" data-testid="atc-button"><svg stroke="currentColor" fill="currentColor" stroke-width="0" viewBox="0 0 24 24" focusable="false" class="chakra-icon css-1g3sp7a" data-testid="btn-icon" aria-hidden="true" height="1em" width="1em" xmlns="http://www.w3.org/2000/svg"><path d="M19 13h-6v6h-2v-6H5v-2h6V5h2v6h6v2z"></path></svg><span class="css-idkz9h">Add Zero Powder Fruit Punch to cart</span></button></div></div></div></div></div></div><div class="css-0"><div class="css-f5i5wc"><div class="chakra-linkbox css-vhnn8v"><div data-testid="product-image" class="css-16dr4ly"><img alt="Gatorade Zero Powder Grape 30 g, $26.63/100g" src="https://assets.shop.loblaws.ca/products/21603521/b3/en/front/21603521_front_a06_@2.png" srcset="https://assets.shop.loblaws.ca/products/21603521/b3/en/front/21603521_front_a06_@2.png 1x, https://assets.shop.loblaws.ca/products/21603521/b3/en/front/21603521_front_a06_@2.png 2x" loading="lazy" class="chakra-image css-oguq8l" aria-hidden="true"></div><div class="css-qoklea"><div class="css-12dchmx"></div><div data-testid="price-product-tile" class="css-8atqhb"><p class="chakra-text css-0"><span class="chakra-text css-pwnbcb" data-testid="regular-price"><span class="css-idkz9h">$7.99</span>$7.99</span></p></div><a href="/zero-powder-grape/p/21603521_EA?source=nspt" class="chakra-linkbox__overlay css-1hnz6hu"><div class="css-0"><p class="chakra-text css-1ecdp9w" data-testid="product-brand">Gatorade</p><h3 class="chakra-heading css-6qrhwc" id="21603521_EA" data-testid="product-title">Zero Powder Grape</h3><p class="chakra-text css-1yftjin" data-testid="product-package-size">30 g, $26.63/100g</p></div></a><div class="css-8keand"></div></div><div class="css-1q5omjq"><div class="css-fcebb8"><div data-testid="atc-compact" class="css-y94ivq" style="width: 45px;"><button type="button" class="chakra-button css-mudsm6" data-testid="atc-button"><svg stroke="currentColor" fill="currentColor" stroke-width="0" viewBox="0 0 24 24" focusable="false" class="chakra-icon css-1g3sp7a" data-testid="btn-icon" aria-hidden="true" height="1em" width="1em" xmlns="http://www.w3.org/2000/svg"><path d="M19 13h-6v6h-2v-6H5v-2h6V5h2v6h6v2z"></path></svg><span class="css-idkz9h">Add Zero Powder Grape to cart</span></button></div></div></div></div></div></div><div class="css-0"><div class="css-f5i5wc"><div class="chakra-linkbox css-vhnn8v"><div data-testid="product-image" class="css-16dr4ly"><img alt="Grace Cream Of Coconut Beverage Base 425 g, $1.17/100g" src="https://assets.shop.loblaws.ca/products/21456471/b3/en/front/21456471_front_a06_@2.png" srcset="https://assets.shop.loblaws.ca/products/21456471/b3/en/front/21456471_front_a06_@2.png 1x, https://assets.shop.loblaws.ca/products/21456471/b3/en/front/21456471_front_a06_@2.png 2x" loading="lazy" class="chakra-image css-oguq8l" aria-hidden="true"></div><div class="css-qoklea"><div class="css-12dchmx"></div><div data-testid="price-product-tile" class="css-8atqhb"><p class="chakra-text css-0"><span class="chakra-text css-o93gbd" data-testid="sale-price"><span class="css-idkz9h">$4.99</span>$4.99</span><span class="chakra-text css-623q5h" data-testid="was-price"><span class="css-idkz9h">$5.99</span>$5.99</span></p><p class="chakra-text css-1m5a6y8" data-testid="price-descriptor">SAVE $1.00</p></div><a href="/cream-of-coconut-beverage-base/p/21456471_EA?source=nspt" class="chakra-linkbox__overlay css-1hnz6hu"><div class="css-0"><p class="chakra-text css-1ecdp9w" data-testid="product-brand">Grace</p><h3 class="chakra-heading css-6qrhwc" id="21456471_EA" data-testid="product-title">Cream Of Coconut Beverage Base</h3><p class="chakra-text css-1yftjin" data-testid="product-package-size">425 g, $1.17/100g</p></div></a><div class="css-8keand"></div></div><div class="css-1q5omjq"><div class="css-fcebb8"><div data-testid="atc-compact" class="css-y94ivq" style="width: 45px;"><button type="button" class="chakra-button css-mudsm6" data-testid="atc-button"><svg stroke="currentColor" fill="currentColor" stroke-width="0" viewBox="0 0 24 24" focusable="false" class="chakra-icon css-1g3sp7a" data-testid="btn-icon" aria-hidden="true" height="1em" width="1em" xmlns="http://www.w3.org/2000/svg"><path d="M19 13h-6v6h-2v-6H5v-2h6V5h2v6h6v2z"></path></svg><span class="css-idkz9h">Add Cream Of Coconut Beverage Base to cart</span></button></div></div></div></div></div></div><div class="css-0"><div class="css-f5i5wc"><div class="chakra-linkbox css-vhnn8v"><div data-testid="product-image" class="css-16dr4ly"><img alt="No Name Chocolate Syrup 2 l, $0.55/100ml" src="https://assets.shop.loblaws.ca/products/20432372/b3/en/front/20432372_front_a06_@2.png" srcset="https://assets.shop.loblaws.ca/products/20432372/b3/en/front/20432372_front_a06_@2.png 1x, https://assets.shop.loblaws.ca/products/20432372/b3/en/front/20432372_front_a06_@2.png 2x" loading="lazy" class="chakra-image css-oguq8l" aria-hidden="true"></div><div class="css-qoklea"><div class="css-12dchmx"></div><div data-testid="price-product-tile" class="css-8atqhb"><p class="chakra-text css-0"><span class="chakra-text css-pwnbcb" data-testid="regular-price"><span class="css-idkz9h">$10.99</span>$10.99</span></p></div><a href="/chocolate-syrup/p/20432372_EA?source=nspt" class="chakra-linkbox__overlay css-1hnz6hu"><div class="css-0"><p class="chakra-text css-1ecdp9w" data-testid="product-brand">No Name</p><h3 class="chakra-heading css-6qrhwc" id="20432372_EA" data-testid="product-title">Chocolate Syrup</h3><p class="chakra-text css-1yftjin" data-testid="product-package-size">2 l, $0.55/100ml</p></div></a><div class="css-8keand"></div></div><div class="css-1q5omjq"><div class="css-fcebb8"><div data-testid="atc-compact" class="css-y94ivq" style="width: 45px;"><button type="button" class="chakra-button css-mudsm6" data-testid="atc-button"><svg stroke="currentColor" fill="currentColor" stroke-width="0" viewBox="0 0 24 24" focusable="false" class="chakra-icon css-1g3sp7a" data-testid="btn-icon" aria-hidden="true" height="1em" width="1em" xmlns="http://www.w3.org/2000/svg"><path d="M19 13h-6v6h-2v-6H5v-2h6V5h2v6h6v2z"></path></svg><span class="css-idkz9h">Add Chocolate Syrup to cart</span></button></div></div></div></div></div></div><div class="css-0"><div class="css-f5i5wc"><div class="chakra-linkbox css-vhnn8v"><div data-testid="product-image" class="css-16dr4ly"><img alt="Dabur Alphonso Mango Fruit Juice Nectar 1 l, $0.43/100ml" src="https://assets.shop.loblaws.ca/products/21399828/b3/en/front/21399828_front_a06_@2.png" srcset="https://assets.shop.loblaws.ca/products/21399828/b3/en/front/21399828_front_a06_@2.png 1x, https://assets.shop.loblaws.ca/products/21399828/b3/en/front/21399828_front_a06_@2.png 2x" loading="lazy" class="chakra-image css-oguq8l" aria-hidden="true"></div><div class="css-qoklea"><div class="css-12dchmx"></div><div data-testid="price-product-tile" class="css-8atqhb"><p class="chakra-text css-0"><span class="chakra-text css-pwnbcb" data-testid="regular-price"><span class="css-idkz9h">$4.29</span>$4.29</span></p></div><a href="/alphonso-mango-fruit-juice-nectar/p/21399828_EA?source=nspt" class="chakra-linkbox__overlay css-1hnz6hu"><div class="css-0"><p class="chakra-text css-1ecdp9w" data-testid="product-brand">Dabur</p><h3 class="chakra-heading css-6qrhwc" id="21399828_EA" data-testid="product-title">Alphonso Mango Fruit Juice Nectar</h3><p class="chakra-text css-1yftjin" data-testid="product-package-size">1 l, $0.43/100ml</p></div></a><div class="css-8keand"></div></div><div class="css-1q5omjq"><div class="css-fcebb8"><div data-testid="atc-compact" class="css-y94ivq" style="width: 45px;"><button type="button" class="chakra-button css-mudsm6" data-testid="atc-button"><svg stroke="currentColor" fill="currentColor" stroke-width="0" viewBox="0 0 24 24" focusable="false" class="chakra-icon css-1g3sp7a" data-testid="btn-icon" aria-hidden="true" height="1em" width="1em" xmlns="http://www.w3.org/2000/svg"><path d="M19 13h-6v6h-2v-6H5v-2h6V5h2v6h6v2z"></path></svg><span class="css-idkz9h">Add Alphonso Mango Fruit Juice Nectar to cart</span></button></div></div></div></div></div></div><div class="css-0"><div class="css-f5i5wc"><div class="chakra-linkbox css-vhnn8v"><div data-testid="product-image" class="css-16dr4ly"><img alt="Crystal Light Singles, Lemon Lime 36 g, $8.33/100g" src="https://assets.shop.loblaws.ca/products/20302952/b3/en/front/20302952_front_a06_@2.png" srcset="https://assets.shop.loblaws.ca/products/20302952/b3/en/front/20302952_front_a06_@2.png 1x, https://assets.shop.loblaws.ca/products/20302952/b3/en/front/20302952_front_a06_@2.png 2x" loading="lazy" class="chakra-image css-oguq8l" aria-hidden="true"></div><div class="css-qoklea"><div class="css-12dchmx"></div><div data-testid="price-product-tile" class="css-8atqhb"><p class="chakra-text css-0"><span class="chakra-text css-pwnbcb" data-testid="regular-price"><span class="css-idkz9h">$3.00</span>$3.00</span></p></div><a href="/singles-lemon-lime/p/20302952_EA?source=nspt" class="chakra-linkbox__overlay css-1hnz6hu"><div class="css-0"><p class="chakra-text css-1ecdp9w" data-testid="product-brand">Crystal Light</p><h3 class="chakra-heading css-6qrhwc" id="20302952_EA" data-testid="product-title">Singles, Lemon Lime</h3><p class="chakra-text css-1yftjin" data-testid="product-package-size">36 g, $8.33/100g</p></div></a><div class="css-8keand"></div></div><div class="css-1q5omjq"><div class="css-fcebb8"><div data-testid="atc-compact" class="css-y94ivq" style="width: 45px;"><button type="button" class="chakra-button css-mudsm6" data-testid="atc-button"><svg stroke="currentColor" fill="currentColor" stroke-width="0" viewBox="0 0 24 24" focusable="false" class="chakra-icon css-1g3sp7a" data-testid="btn-icon" aria-hidden="true" height="1em" width="1em" xmlns="http://www.w3.org/2000/svg"><path d="M19 13h-6v6h-2v-6H5v-2h6V5h2v6h6v2z"></path></svg><span class="css-idkz9h">Add Singles, Lemon Lime to cart</span></button></div></div></div></div></div></div></div><div data-testid="product-grid" class="css-epcqr3"><div class="css-0"><div class="css-f5i5wc"><div class="chakra-linkbox css-vhnn8v"><div data-testid="product-image" class="css-16dr4ly"><img alt="Nestlé Nesquik Chocolate Syrup 700 ml, $0.93/100ml" src="https://assets.shop.loblaws.ca/products/20320167002/b3/en/front/20320167002_front_a06_@2.png" srcset="https://assets.shop.loblaws.ca/products/20320167002/b3/en/front/20320167002_front_a06_@2.png 1x, https://assets.shop.loblaws.ca/products/20320167002/b3/en/front/20320167002_front_a06_@2.png 2x" loading="lazy" class="chakra-image css-oguq8l" aria-hidden="true"></div><div class="css-qoklea"><div class="css-12dchmx"></div><div data-testid="price-product-tile" class="css-8atqhb"><p class="chakra-text css-0"><span class="chakra-text css-pwnbcb" data-testid="regular-price"><span class="css-idkz9h">$6.49</span>$6.49</span></p></div><a href="/nesquik-chocolate-syrup/p/20320167002_EA?source=nspt" class="chakra-linkbox__overlay css-1hnz6hu"><div class="css-0"><p class="chakra-text css-1ecdp9w" data-testid="product-brand">Nestlé</p><h3 class="chakra-heading css-6qrhwc" id="20320167002_EA" data-testid="product-title">Nesquik Chocolate Syrup</h3><p class="chakra-text css-1yftjin" data-testid="product-package-size">700 ml, $0.93/100ml</p></div></a><div class="css-8keand"></div></div><div class="css-1q5omjq"><div class="css-fcebb8"><div data-testid="atc-compact" class="css-y94ivq" style="width: 45px;"><button type="button" class="chakra-button css-mudsm6" data-testid="atc-button"><svg stroke="currentColor" fill="currentColor" stroke-width="0" viewBox="0 0 24 24" focusable="false" class="chakra-icon css-1g3sp7a" data-testid="btn-icon" aria-hidden="true" height="1em" width="1em" xmlns="http://www.w3.org/2000/svg"><path d="M19 13h-6v6h-2v-6H5v-2h6V5h2v6h6v2z"></path></svg><span class="css-idkz9h">Add Nesquik Chocolate Syrup to cart</span></button></div></div></div></div></div></div><div class="css-0"><div class="css-f5i5wc"><div class="chakra-linkbox css-vhnn8v"><div data-testid="product-image" class="css-16dr4ly"><img alt="Crush Liquid Water Enhancer Grape 48 ml, $7.27/100ml" src="https://assets.shop.loblaws.ca/products/21237606/b3/en/front/21237606_front_a06_@2.png" srcset="https://assets.shop.loblaws.ca/products/21237606/b3/en/front/21237606_front_a06_@2.png 1x, https://assets.shop.loblaws.ca/products/21237606/b3/en/front/21237606_front_a06_@2.png 2x" loading="lazy" class="chakra-image css-oguq8l" aria-hidden="true"></div><div class="css-qoklea"><div class="css-12dchmx"></div><div data-testid="price-product-tile" class="css-8atqhb"><p class="chakra-text css-0"><span class="chakra-text css-pwnbcb" data-testid="regular-price"><span class="css-idkz9h">$3.49</span>$3.49</span></p></div><a href="/liquid-water-enhancer-grape/p/21237606_EA?source=nspt" class="chakra-linkbox__overlay css-1hnz6hu"><div class="css-0"><p class="chakra-text css-1ecdp9w" data-testid="product-brand">Crush</p><h3 class="chakra-heading css-6qrhwc" id="21237606_EA" data-testid="product-title">Liquid Water Enhancer Grape</h3><p class="chakra-text css-1yftjin" data-testid="product-package-size">48 ml, $7.27/100ml</p></div></a><div class="css-8keand"></div></div><div class="css-1q5omjq"><div class="css-fcebb8"><div data-testid="atc-compact" class="css-y94ivq" style="width: 45px;"><button type="button" class="chakra-button css-mudsm6" data-testid="atc-button"><svg stroke="currentColor" fill="currentColor" stroke-width="0" viewBox="0 0 24 24" focusable="false" class="chakra-icon css-1g3sp7a" data-testid="btn-icon" aria-hidden="true" height="1em" width="1em" xmlns="http://www.w3.org/2000/svg"><path d="M19 13h-6v6h-2v-6H5v-2h6V5h2v6h6v2z"></path></svg><span class="css-idkz9h">Add Liquid Water Enhancer Grape to cart</span></button></div></div></div></div></div></div><div class="css-0"><div class="css-f5i5wc"><div class="chakra-linkbox css-vhnn8v"><div data-testid="product-image" class="css-16dr4ly"><img alt="Rubicon Guanabana Juice 1 l, $0.25/100ml" src="https://assets.shop.loblaws.ca/products/20304561002/b3/en/front/20304561002_front_a06_@2.png" srcset="https://assets.shop.loblaws.ca/products/20304561002/b3/en/front/20304561002_front_a06_@2.png 1x, https://assets.shop.loblaws.ca/products/20304561002/b3/en/front/20304561002_front_a06_@2.png 2x" loading="lazy" class="chakra-image css-oguq8l" aria-hidden="true"></div><div class="css-qoklea"><div class="css-12dchmx"></div><div data-testid="price-product-tile" class="css-8atqhb"><p class="chakra-text css-0"><span class="chakra-text css-pwnbcb" data-testid="regular-price"><span class="css-idkz9h">$2.49</span>$2.49</span></p></div><a href="/guanabana-juice/p/20304561002_EA?source=nspt" class="chakra-linkbox__overlay css-1hnz6hu"><div class="css-0"><p class="chakra-text css-1ecdp9w" data-testid="product-brand">Rubicon</p><h3 class="chakra-heading css-6qrhwc" id="20304561002_EA" data-testid="product-title">Guanabana Juice</h3><p class="chakra-text css-1yftjin" data-testid="product-package-size">1 l, $0.25/100ml</p></div></a><div class="css-8keand"></div></div><div class="css-1q5omjq"><div class="css-fcebb8"><div data-testid="atc-compact" class="css-y94ivq" style="width: 45px;"><button type="button" class="chakra-button css-mudsm6" data-testid="atc-button"><svg stroke="currentColor" fill="currentColor" stroke-width="0" viewBox="0 0 24 24" focusable="false" class="chakra-icon css-1g3sp7a" data-testid="btn-icon" aria-hidden="true" height="1em" width="1em" xmlns="http://www.w3.org/2000/svg"><path d="M19 13h-6v6h-2v-6H5v-2h6V5h2v6h6v2z"></path></svg><span class="css-idkz9h">Add Guanabana Juice to cart</span></button></div></div></div></div></div></div><div class="css-0"><div class="css-f5i5wc"><div class="chakra-linkbox css-vhnn8v"><div data-testid="product-image" class="css-16dr4ly"><img alt="Kool-Aid Watermelon Liquid Drink Mix 48 ml, $6.25/100ml" src="https://assets.shop.loblaws.ca/products/20955645/b3/en/front/20955645_front_a06_@2.png" srcset="https://assets.shop.loblaws.ca/products/20955645/b3/en/front/20955645_front_a06_@2.png 1x, https://assets.shop.loblaws.ca/products/20955645/b3/en/front/20955645_front_a06_@2.png 2x" loading="lazy" class="chakra-image css-oguq8l" aria-hidden="true"></div><div class="css-qoklea"><div class="css-12dchmx"></div><div data-testid="price-product-tile" class="css-8atqhb"><p class="chakra-text css-0"><span class="chakra-text css-pwnbcb" data-testid="regular-price"><span class="css-idkz9h">$3.00</span>$3.00</span></p></div><a href="/watermelon-liquid-drink-mix/p/20955645_EA?source=nspt" class="chakra-linkbox__overlay css-1hnz6hu"><div class="css-0"><p class="chakra-text css-1ecdp9w" data-testid="product-brand">Kool-Aid</p><h3 class="chakra-heading css-6qrhwc" id="20955645_EA" data-testid="product-title">Watermelon Liquid Drink Mix</h3><p class="chakra-text css-1yftjin" data-testid="product-package-size">48 ml, $6.25/100ml</p></div></a><div class="css-8keand"></div></div><div class="css-1q5omjq"><div class="css-fcebb8"><div data-testid="atc-compact" class="css-y94ivq" style="width: 45px;"><button type="button" class="chakra-button css-mudsm6" data-testid="atc-button"><svg stroke="currentColor" fill="currentColor" stroke-width="0" viewBox="0 0 24 24" focusable="false" class="chakra-icon css-1g3sp7a" data-testid="btn-icon" aria-hidden="true" height="1em" width="1em" xmlns="http://www.w3.org/2000/svg"><path d="M19 13h-6v6h-2v-6H5v-2h6V5h2v6h6v2z"></path></svg><span class="css-idkz9h">Add Watermelon Liquid Drink Mix to cart</span></button></div></div></div></div></div></div><div class="css-0"><div class="css-f5i5wc"><div class="chakra-linkbox css-vhnn8v"><div data-testid="product-image" class="css-16dr4ly"><img alt="Crystal Light Pitcher Packs, Lemonade 56.6 g, $5.30/100g" src="https://assets.shop.loblaws.ca/products/20324991/b3/en/front/20324991_front_a06_@2.png" srcset="https://assets.shop.loblaws.ca/products/20324991/b3/en/front/20324991_front_a06_@2.png 1x, https://assets.shop.loblaws.ca/products/20324991/b3/en/front/20324991_front_a06_@2.png 2x" loading="lazy" class="chakra-image css-oguq8l" aria-hidden="true"></div><div class="css-qoklea"><div class="css-12dchmx"></div><div data-testid="price-product-tile" class="css-8atqhb"><p class="chakra-text css-0"><span class="chakra-text css-pwnbcb" data-testid="regular-price"><span class="css-idkz9h">$3.00</span>$3.00</span></p></div><a href="/pitcher-packs-lemonade/p/20324991_EA?source=nspt" class="chakra-linkbox__overlay css-1hnz6hu"><div class="css-0"><p class="chakra-text css-1ecdp9w" data-testid="product-brand">Crystal Light</p><h3 class="chakra-heading css-6qrhwc" id="20324991_EA" data-testid="product-title">Pitcher Packs, Lemonade</h3><p class="chakra-text css-1yftjin" data-testid="product-package-size">56.6 g, $5.30/100g</p></div></a><div class="css-8keand"></div></div><div class="css-1q5omjq"><div class="css-fcebb8"><div data-testid="atc-compact" class="css-y94ivq" style="width: 45px;"><button type="button" class="chakra-button css-mudsm6" data-testid="atc-button"><svg stroke="currentColor" fill="currentColor" stroke-width="0" viewBox="0 0 24 24" focusable="false" class="chakra-icon css-1g3sp7a" data-testid="btn-icon" aria-hidden="true" height="1em" width="1em" xmlns="http://www.w3.org/2000/svg"><path d="M19 13h-6v6h-2v-6H5v-2h6V5h2v6h6v2z"></path></svg><span class="css-idkz9h">Add Pitcher Packs, Lemonade to cart</span></button></div></div></div></div></div></div><div class="css-0"><div class="css-f5i5wc"><div class="chakra-linkbox css-vhnn8v"><div data-testid="product-image" class="css-16dr4ly"><img alt="Nestlé Nesquik Less Sugar Chocolate Syrup 510 ml, $1.27/100ml" src="https://assets.shop.loblaws.ca/products/20316320001/b3/en/front/20316320001_front_a06_@2.png" srcset="https://assets.shop.loblaws.ca/products/20316320001/b3/en/front/20316320001_front_a06_@2.png 1x, https://assets.shop.loblaws.ca/products/20316320001/b3/en/front/20316320001_front_a06_@2.png 2x" loading="lazy" class="chakra-image css-oguq8l" aria-hidden="true"></div><div class="css-qoklea"><div class="css-12dchmx"></div><div data-testid="price-product-tile" class="css-8atqhb"><p class="chakra-text css-0"><span class="chakra-text css-pwnbcb" data-testid="regular-price"><span class="css-idkz9h">$6.49</span>$6.49</span></p></div><a href="/nesquik-less-sugar-chocolate-syrup/p/20316320001_EA?source=nspt" class="chakra-linkbox__overlay css-1hnz6hu"><div class="css-0"><p class="chakra-text css-1ecdp9w" data-testid="product-brand">Nestlé</p><h3 class="chakra-heading css-6qrhwc" id="20316320001_EA" data-testid="product-title">Nesquik Less Sugar Chocolate Syrup</h3><p class="chakra-text css-1yftjin" data-testid="product-package-size">510 ml, $1.27/100ml</p></div></a><div class="css-8keand"></div></div><div class="css-1q5omjq"><div class="css-fcebb8"><div data-testid="atc-compact" class="css-y94ivq" style="width: 45px;"><button type="button" class="chakra-button css-mudsm6" data-testid="atc-button"><svg stroke="currentColor" fill="currentColor" stroke-width="0" viewBox="0 0 24 24" focusable="false" class="chakra-icon css-1g3sp7a" data-testid="btn-icon" aria-hidden="true" height="1em" width="1em" xmlns="http://www.w3.org/2000/svg"><path d="M19 13h-6v6h-2v-6H5v-2h6V5h2v6h6v2z"></path></svg><span class="css-idkz9h">Add Nesquik Less Sugar Chocolate Syrup to cart</span></button></div></div></div></div></div></div><div class="css-0"><div class="css-f5i5wc"><div class="chakra-linkbox css-vhnn8v"><div data-testid="product-image" class="css-16dr4ly"><img alt="MiO +Vitamins Cherry Liquid Water Enhancer 48 ml, $6.25/100ml" src="https://assets.shop.loblaws.ca/products/21081014/b3/en/front/21081014_front_a06_@2.png" srcset="https://assets.shop.loblaws.ca/products/21081014/b3/en/front/21081014_front_a06_@2.png 1x, https://assets.shop.loblaws.ca/products/21081014/b3/en/front/21081014_front_a06_@2.png 2x" loading="lazy" class="chakra-image css-oguq8l" aria-hidden="true"></div><div class="css-qoklea"><div class="css-12dchmx"></div><div data-testid="price-product-tile" class="css-8atqhb"><p class="chakra-text css-0"><span class="chakra-text css-pwnbcb" data-testid="regular-price"><span class="css-idkz9h">$3.00</span>$3.00</span></p></div><a href="/vitamins-cherry-liquid-water-enhancer/p/21081014_EA?source=nspt" class="chakra-linkbox__overlay css-1hnz6hu"><div class="css-0"><p class="chakra-text css-1ecdp9w" data-testid="product-brand">MiO</p><h3 class="chakra-heading css-6qrhwc" id="21081014_EA" data-testid="product-title">+Vitamins Cherry Liquid Water Enhancer</h3><p class="chakra-text css-1yftjin" data-testid="product-package-size">48 ml, $6.25/100ml</p></div></a><div class="css-8keand"></div></div><div class="css-1q5omjq"><div class="css-fcebb8"><div data-testid="atc-compact" class="css-y94ivq" style="width: 45px;"><button type="button" class="chakra-button css-mudsm6" data-testid="atc-button"><svg stroke="currentColor" fill="currentColor" stroke-width="0" viewBox="0 0 24 24" focusable="false" class="chakra-icon css-1g3sp7a" data-testid="btn-icon" aria-hidden="true" height="1em" width="1em" xmlns="http://www.w3.org/2000/svg"><path d="M19 13h-6v6h-2v-6H5v-2h6V5h2v6h6v2z"></path></svg><span class="css-idkz9h">Add +Vitamins Cherry Liquid Water Enhancer to cart</span></button></div></div></div></div></div></div><div class="css-0"><div class="css-f5i5wc"><div class="chakra-linkbox css-vhnn8v"><div data-testid="product-image" class="css-16dr4ly"><img alt="MiO Berry Pomegranate Liquid Water Enhancer 48 ml, $6.25/100ml" src="https://assets.shop.loblaws.ca/products/20565119003/b3/en/front/20565119003_front_a06_@2.png" srcset="https://assets.shop.loblaws.ca/products/20565119003/b3/en/front/20565119003_front_a06_@2.png 1x, https://assets.shop.loblaws.ca/products/20565119003/b3/en/front/20565119003_front_a06_@2.png 2x" loading="lazy" class="chakra-image css-oguq8l" aria-hidden="true"></div><div class="css-qoklea"><div class="css-12dchmx"></div><div data-testid="price-product-tile" class="css-8atqhb"><p class="chakra-text css-0"><span class="chakra-text css-pwnbcb" data-testid="regular-price"><span class="css-idkz9h">$3.00</span>$3.00</span></p></div><a href="/berry-pomegranate-liquid-water-enhancer/p/20565119003_EA?source=nspt" class="chakra-linkbox__overlay css-1hnz6hu"><div class="css-0"><p class="chakra-text css-1ecdp9w" data-testid="product-brand">MiO</p><h3 class="chakra-heading css-6qrhwc" id="20565119003_EA" data-testid="product-title">Berry Pomegranate Liquid Water Enhancer</h3><p class="chakra-text css-1yftjin" data-testid="product-package-size">48 ml, $6.25/100ml</p></div></a><div class="css-8keand"></div></div><div class="css-1q5omjq"><div class="css-fcebb8"><div data-testid="atc-compact" class="css-y94ivq" style="width: 45px;"><button type="button" class="chakra-button css-mudsm6" data-testid="atc-button"><svg stroke="currentColor" fill="currentColor" stroke-width="0" viewBox="0 0 24 24" focusable="false" class="chakra-icon css-1g3sp7a" data-testid="btn-icon" aria-hidden="true" height="1em" width="1em" xmlns="http://www.w3.org/2000/svg"><path d="M19 13h-6v6h-2v-6H5v-2h6V5h2v6h6v2z"></path></svg><span class="css-idkz9h">Add Berry Pomegranate Liquid Water Enhancer to cart</span></button></div></div></div></div></div></div><div class="css-0"><div class="css-f5i5wc"><div class="chakra-linkbox css-vhnn8v"><div data-testid="product-image" class="css-16dr4ly"><img alt="MiO Fruit Punch Drink Mix 26 g, $11.54/100g" src="https://assets.shop.loblaws.ca/products/21589291/b3/en/front/21589291_front_a06_@2.png" srcset="https://assets.shop.loblaws.ca/products/21589291/b3/en/front/21589291_front_a06_@2.png 1x, https://assets.shop.loblaws.ca/products/21589291/b3/en/front/21589291_front_a06_@2.png 2x" loading="lazy" class="chakra-image css-oguq8l" aria-hidden="true"></div><div class="css-qoklea"><div class="css-12dchmx"></div><div data-testid="price-product-tile" class="css-8atqhb"><p class="chakra-text css-0"><span class="chakra-text css-pwnbcb" data-testid="regular-price"><span class="css-idkz9h">$3.00</span>$3.00</span></p></div><a href="/fruit-punch-drink-mix/p/21589291_EA?source=nspt" class="chakra-linkbox__overlay css-1hnz6hu"><div class="css-0"><p class="chakra-text css-1ecdp9w" data-testid="product-brand">MiO</p><h3 class="chakra-heading css-6qrhwc" id="21589291_EA" data-testid="product-title">Fruit Punch Drink Mix</h3><p class="chakra-text css-1yftjin" data-testid="product-package-size">26 g, $11.54/100g</p></div></a><div class="css-8keand"></div></div><div class="css-1q5omjq"><div class="css-fcebb8"><div data-testid="atc-compact" class="css-y94ivq" style="width: 45px;"><button type="button" class="chakra-button css-mudsm6" data-testid="atc-button"><svg stroke="currentColor" fill="currentColor" stroke-width="0" viewBox="0 0 24 24" focusable="false" class="chakra-icon css-1g3sp7a" data-testid="btn-icon" aria-hidden="true" height="1em" width="1em" xmlns="http://www.w3.org/2000/svg"><path d="M19 13h-6v6h-2v-6H5v-2h6V5h2v6h6v2z"></path></svg><span class="css-idkz9h">Add Fruit Punch Drink Mix to cart</span></button></div></div></div></div></div></div><div class="css-0"><div class="css-f5i5wc"><div class="chakra-linkbox css-vhnn8v"><div data-testid="product-image" class="css-16dr4ly"><img alt="Rubicon Juice Blend No Sugar Added Lychee  1 l, $0.35/100ml" src="https://assets.shop.loblaws.ca/products/20990655002/b3/en/front/20990655002_front_a06_@2.png" srcset="https://assets.shop.loblaws.ca/products/20990655002/b3/en/front/20990655002_front_a06_@2.png 1x, https://assets.shop.loblaws.ca/products/20990655002/b3/en/front/20990655002_front_a06_@2.png 2x" loading="lazy" class="chakra-image css-oguq8l" aria-hidden="true"></div><div class="css-qoklea"><div class="css-12dchmx"></div><div data-testid="price-product-tile" class="css-8atqhb"><p class="chakra-text css-0"><span class="chakra-text css-pwnbcb" data-testid="regular-price"><span class="css-idkz9h">$3.49</span>$3.49</span></p></div><a href="/juice-blend-no-sugar-added-lychee/p/20990655002_EA?source=nspt" class="chakra-linkbox__overlay css-1hnz6hu"><div class="css-0"><p class="chakra-text css-1ecdp9w" data-testid="product-brand">Rubicon</p><h3 class="chakra-heading css-6qrhwc" id="20990655002_EA" data-testid="product-title">Juice Blend No Sugar Added Lychee </h3><p class="chakra-text css-1yftjin" data-testid="product-package-size">1 l, $0.35/100ml</p></div></a><div class="css-8keand"></div></div><div class="css-1q5omjq"><div class="css-fcebb8"><div data-testid="atc-compact" class="css-y94ivq" style="width: 45px;"><button type="button" class="chakra-button css-mudsm6" data-testid="atc-button"><svg stroke="currentColor" fill="currentColor" stroke-width="0" viewBox="0 0 24 24" focusable="false" class="chakra-icon css-1g3sp7a" data-testid="btn-icon" aria-hidden="true" height="1em" width="1em" xmlns="http://www.w3.org/2000/svg"><path d="M19 13h-6v6h-2v-6H5v-2h6V5h2v6h6v2z"></path></svg><span class="css-idkz9h">Add Juice Blend No Sugar Added Lychee  to cart</span></button></div></div></div></div></div></div><div class="css-0"><div class="css-f5i5wc"><div class="chakra-linkbox css-vhnn8v"><div data-testid="product-image" class="css-16dr4ly"><img alt="President's Choice Fruit Punch Liquid Water Enhancer 48 ml, $5.19/100ml" src="https://assets.shop.loblaws.ca/products/21080969/b3/en/front/21080969_front_a06_@2.png" srcset="https://assets.shop.loblaws.ca/products/21080969/b3/en/front/21080969_front_a06_@2.png 1x, https://assets.shop.loblaws.ca/products/21080969/b3/en/front/21080969_front_a06_@2.png 2x" loading="lazy" class="chakra-image css-oguq8l" aria-hidden="true"></div><div class="css-qoklea"><div class="css-12dchmx"></div><div data-testid="price-product-tile" class="css-8atqhb"><p class="chakra-text css-0"><span class="chakra-text css-o93gbd" data-testid="sale-price"><span class="css-idkz9h">$2.49</span>$2.49</span><span class="chakra-text css-623q5h" data-testid="was-price"><span class="css-idkz9h">$2.69</span>$2.69</span></p><p class="chakra-text css-1m5a6y8" data-testid="price-descriptor">SAVE $0.20</p></div><a href="/fruit-punch-liquid-water-enhancer/p/21080969_EA?source=nspt" class="chakra-linkbox__overlay css-1hnz6hu"><div class="css-0"><p class="chakra-text css-1ecdp9w" data-testid="product-brand">President's Choice</p><h3 class="chakra-heading css-6qrhwc" id="21080969_EA" data-testid="product-title">Fruit Punch Liquid Water Enhancer</h3><p class="chakra-text css-1yftjin" data-testid="product-package-size">48 ml, $5.19/100ml</p></div></a><div class="css-8keand"></div></div><div class="css-1q5omjq"><div class="css-fcebb8"><div data-testid="atc-compact" class="css-y94ivq" style="width: 45px;"><button type="button" class="chakra-button css-mudsm6" data-testid="atc-button"><svg stroke="currentColor" fill="currentColor" stroke-width="0" viewBox="0 0 24 24" focusable="false" class="chakra-icon css-1g3sp7a" data-testid="btn-icon" aria-hidden="true" height="1em" width="1em" xmlns="http://www.w3.org/2000/svg"><path d="M19 13h-6v6h-2v-6H5v-2h6V5h2v6h6v2z"></path></svg><span class="css-idkz9h">Add Fruit Punch Liquid Water Enhancer to cart</span></button></div></div></div></div></div></div><div class="css-0"><div class="css-f5i5wc"><div class="chakra-linkbox css-vhnn8v"><div data-testid="product-image" class="css-16dr4ly"><img alt="Crush Liquid Water Enhancer Orange 48 ml, $7.27/100ml" src="https://assets.shop.loblaws.ca/products/21237599/b3/en/front/21237599_front_a06_@2.png" srcset="https://assets.shop.loblaws.ca/products/21237599/b3/en/front/21237599_front_a06_@2.png 1x, https://assets.shop.loblaws.ca/products/21237599/b3/en/front/21237599_front_a06_@2.png 2x" loading="lazy" class="chakra-image css-oguq8l" aria-hidden="true"></div><div class="css-qoklea"><div class="css-12dchmx"></div><div data-testid="price-product-tile" class="css-8atqhb"><p class="chakra-text css-0"><span class="chakra-text css-pwnbcb" data-testid="regular-price"><span class="css-idkz9h">$3.49</span>$3.49</span></p></div><a href="/liquid-water-enhancer-orange/p/21237599_EA?source=nspt" class="chakra-linkbox__overlay css-1hnz6hu"><div class="css-0"><p class="chakra-text css-1ecdp9w" data-testid="product-brand">Crush</p><h3 class="chakra-heading css-6qrhwc" id="21237599_EA" data-testid="product-title">Liquid Water Enhancer Orange</h3><p class="chakra-text css-1yftjin" data-testid="product-package-size">48 ml, $7.27/100ml</p></div></a><div class="css-8keand"></div></div><div class="css-1q5omjq"><div class="css-fcebb8"><div data-testid="atc-compact" class="css-y94ivq" style="width: 45px;"><button type="button" class="chakra-button css-mudsm6" data-testid="atc-button"><svg stroke="currentColor" fill="currentColor" stroke-width="0" viewBox="0 0 24 24" focusable="false" class="chakra-icon css-1g3sp7a" data-testid="btn-icon" aria-hidden="true" height="1em" width="1em" xmlns="http://www.w3.org/2000/svg"><path d="M19 13h-6v6h-2v-6H5v-2h6V5h2v6h6v2z"></path></svg><span class="css-idkz9h">Add Liquid Water Enhancer Orange to cart</span></button></div></div></div></div></div></div><div class="css-0"><div class="css-f5i5wc"><div class="chakra-linkbox css-vhnn8v"><div data-testid="product-image" class="css-16dr4ly"><img alt="Kool-Aid Tropical Punch Liquid Drink Mix 48 ml, $6.25/100ml" src="https://assets.shop.loblaws.ca/products/20749494003/b3/en/front/20749494003_front_a06_@2.png" srcset="https://assets.shop.loblaws.ca/products/20749494003/b3/en/front/20749494003_front_a06_@2.png 1x, https://assets.shop.loblaws.ca/products/20749494003/b3/en/front/20749494003_front_a06_@2.png 2x" loading="lazy" class="chakra-image css-oguq8l" aria-hidden="true"></div><div class="css-qoklea"><div class="css-12dchmx"></div><div data-testid="price-product-tile" class="css-8atqhb"><p class="chakra-text css-0"><span class="chakra-text css-pwnbcb" data-testid="regular-price"><span class="css-idkz9h">$3.00</span>$3.00</span></p></div><a href="/tropical-punch-liquid-drink-mix/p/20749494003_EA?source=nspt" class="chakra-linkbox__overlay css-1hnz6hu"><div class="css-0"><p class="chakra-text css-1ecdp9w" data-testid="product-brand">Kool-Aid</p><h3 class="chakra-heading css-6qrhwc" id="20749494003_EA" data-testid="product-title">Tropical Punch Liquid Drink Mix</h3><p class="chakra-text css-1yftjin" data-testid="product-package-size">48 ml, $6.25/100ml</p></div></a><div class="css-8keand"></div></div><div class="css-1q5omjq"><div class="css-fcebb8"><div data-testid="atc-compact" class="css-y94ivq" style="width: 45px;"><button type="button" class="chakra-button css-mudsm6" data-testid="atc-button"><svg stroke="currentColor" fill="currentColor" stroke-width="0" viewBox="0 0 24 24" focusable="false" class="chakra-icon css-1g3sp7a" data-testid="btn-icon" aria-hidden="true" height="1em" width="1em" xmlns="http://www.w3.org/2000/svg"><path d="M19 13h-6v6h-2v-6H5v-2h6V5h2v6h6v2z"></path></svg><span class="css-idkz9h">Add Tropical Punch Liquid Drink Mix to cart</span></button></div></div></div></div></div></div><div class="css-0"><div class="css-f5i5wc"><div class="chakra-linkbox css-vhnn8v"><div data-testid="product-image" class="css-16dr4ly"><img alt="MiO Sport Lemon Lime Liquid Water Enhancer 48 ml, $6.25/100ml" src="https://assets.shop.loblaws.ca/products/20746192004/b3/en/front/20746192004_front_a06_@2.png" srcset="https://assets.shop.loblaws.ca/products/20746192004/b3/en/front/20746192004_front_a06_@2.png 1x, https://assets.shop.loblaws.ca/products/20746192004/b3/en/front/20746192004_front_a06_@2.png 2x" loading="lazy" class="chakra-image css-oguq8l" aria-hidden="true"></div><div class="css-qoklea"><div class="css-12dchmx"></div><div data-testid="price-product-tile" class="css-8atqhb"><p class="chakra-text css-0"><span class="chakra-text css-pwnbcb" data-testid="regular-price"><span class="css-idkz9h">$3.00</span>$3.00</span></p></div><a href="/sport-lemon-lime-liquid-water-enhancer/p/20746192004_EA?source=nspt" class="chakra-linkbox__overlay css-1hnz6hu"><div class="css-0"><p class="chakra-text css-1ecdp9w" data-testid="product-brand">MiO</p><h3 class="chakra-heading css-6qrhwc" id="20746192004_EA" data-testid="product-title">Sport Lemon Lime Liquid Water Enhancer</h3><p class="chakra-text css-1yftjin" data-testid="product-package-size">48 ml, $6.25/100ml</p></div></a><div class="css-8keand"></div></div><div class="css-1q5omjq"><div class="css-fcebb8"><div data-testid="atc-compact" class="css-y94ivq" style="width: 45px;"><button type="button" class="chakra-button css-mudsm6" data-testid="atc-button"><svg stroke="currentColor" fill="currentColor" stroke-width="0" viewBox="0 0 24 24" focusable="false" class="chakra-icon css-1g3sp7a" data-testid="btn-icon" aria-hidden="true" height="1em" width="1em" xmlns="http://www.w3.org/2000/svg"><path d="M19 13h-6v6h-2v-6H5v-2h6V5h2v6h6v2z"></path></svg><span class="css-idkz9h">Add Sport Lemon Lime Liquid Water Enhancer to cart</span></button></div></div></div></div></div></div><div class="css-0"><div class="css-f5i5wc"><div class="chakra-linkbox css-vhnn8v"><div data-testid="product-image" class="css-16dr4ly"><img alt="Casablanca Basil Seed Drink with Lychee Flavor 290 ml, $0.51/100ml" src="https://assets.shop.loblaws.ca/products/21193075/b3/en/front/21193075_front_a06_@2.png" srcset="https://assets.shop.loblaws.ca/products/21193075/b3/en/front/21193075_front_a06_@2.png 1x, https://assets.shop.loblaws.ca/products/21193075/b3/en/front/21193075_front_a06_@2.png 2x" loading="lazy" class="chakra-image css-oguq8l" aria-hidden="true"></div><div class="css-qoklea"><div class="css-12dchmx"></div><div data-testid="price-product-tile" class="css-8atqhb"><p class="chakra-text css-0"><span class="chakra-text css-pwnbcb" data-testid="regular-price"><span class="css-idkz9h">$1.49</span>$1.49</span></p></div><a href="/basil-seed-drink-with-lychee-flavor/p/21193075_EA?source=nspt" class="chakra-linkbox__overlay css-1hnz6hu"><div class="css-0"><p class="chakra-text css-1ecdp9w" data-testid="product-brand">Casablanca</p><h3 class="chakra-heading css-6qrhwc" id="21193075_EA" data-testid="product-title">Basil Seed Drink with Lychee Flavor</h3><p class="chakra-text css-1yftjin" data-testid="product-package-size">290 ml, $0.51/100ml</p></div></a><div class="css-8keand"></div></div><div class="css-1q5omjq"><div class="css-fcebb8"><div data-testid="atc-compact" class="css-y94ivq" style="width: 45px;"><button type="button" class="chakra-button css-mudsm6" data-testid="atc-button"><svg stroke="currentColor" fill="currentColor" stroke-width="0" viewBox="0 0 24 24" focusable="false" class="chakra-icon css-1g3sp7a" data-testid="btn-icon" aria-hidden="true" height="1em" width="1em" xmlns="http://www.w3.org/2000/svg"><path d="M19 13h-6v6h-2v-6H5v-2h6V5h2v6h6v2z"></path></svg><span class="css-idkz9h">Add Basil Seed Drink with Lychee Flavor to cart</span></button></div></div></div></div></div></div><div class="css-0"><div class="css-f5i5wc"><div class="chakra-linkbox css-vhnn8v"><div data-testid="product-image" class="css-16dr4ly"><img alt="Grace Sweetened Condensed Whitener 297 ml, $0.67/100ml" src="https://assets.shop.loblaws.ca/products/20877966/b3/en/front/20877966_front_a06_@2.png" srcset="https://assets.shop.loblaws.ca/products/20877966/b3/en/front/20877966_front_a06_@2.png 1x, https://assets.shop.loblaws.ca/products/20877966/b3/en/front/20877966_front_a06_@2.png 2x" loading="lazy" class="chakra-image css-oguq8l" aria-hidden="true"></div><div class="css-qoklea"><div class="css-12dchmx"></div><div data-testid="price-product-tile" class="css-8atqhb"><p class="chakra-text css-0"><span class="chakra-text css-o93gbd" data-testid="sale-price"><span class="css-idkz9h">$1.99</span>$1.99</span><span class="chakra-text css-623q5h" data-testid="was-price"><span class="css-idkz9h">$2.29</span>$2.29</span></p><p class="chakra-text css-1m5a6y8" data-testid="price-descriptor">SAVE $0.30</p></div><a href="/sweetened-condensed-whitener/p/20877966_EA?source=nspt" class="chakra-linkbox__overlay css-1hnz6hu"><div class="css-0"><p class="chakra-text css-1ecdp9w" data-testid="product-brand">Grace</p><h3 class="chakra-heading css-6qrhwc" id="20877966_EA" data-testid="product-title">Sweetened Condensed Whitener</h3><p class="chakra-text css-1yftjin" data-testid="product-package-size">297 ml, $0.67/100ml</p></div></a><div class="css-8keand"></div></div><div class="css-1q5omjq"><div class="css-fcebb8"><div data-testid="atc-compact" class="css-y94ivq" style="width: 45px;"><button type="button" class="chakra-button css-mudsm6" data-testid="atc-button"><svg stroke="currentColor" fill="currentColor" stroke-width="0" viewBox="0 0 24 24" focusable="false" class="chakra-icon css-1g3sp7a" data-testid="btn-icon" aria-hidden="true" height="1em" width="1em" xmlns="http://www.w3.org/2000/svg"><path d="M19 13h-6v6h-2v-6H5v-2h6V5h2v6h6v2z"></path></svg><span class="css-idkz9h">Add Sweetened Condensed Whitener to cart</span></button></div></div></div></div></div></div><div class="css-0"><div class="css-f5i5wc"><div class="chakra-linkbox css-vhnn8v"><div data-testid="product-image" class="css-16dr4ly"><img alt="Gatorade Zero Powder Glacier Freeze 30 g, $26.63/100g" src="https://assets.shop.loblaws.ca/products/21603385/b3/en/front/21603385_front_a06_@2.png" srcset="https://assets.shop.loblaws.ca/products/21603385/b3/en/front/21603385_front_a06_@2.png 1x, https://assets.shop.loblaws.ca/products/21603385/b3/en/front/21603385_front_a06_@2.png 2x" loading="lazy" class="chakra-image css-oguq8l" aria-hidden="true"></div><div class="css-qoklea"><div class="css-12dchmx"></div><div data-testid="price-product-tile" class="css-8atqhb"><p class="chakra-text css-0"><span class="chakra-text css-pwnbcb" data-testid="regular-price"><span class="css-idkz9h">$7.99</span>$7.99</span></p></div><a href="/zero-powder-glacier-freeze/p/21603385_EA?source=nspt" class="chakra-linkbox__overlay css-1hnz6hu"><div class="css-0"><p class="chakra-text css-1ecdp9w" data-testid="product-brand">Gatorade</p><h3 class="chakra-heading css-6qrhwc" id="21603385_EA" data-testid="product-title">Zero Powder Glacier Freeze</h3><p class="chakra-text css-1yftjin" data-testid="product-package-size">30 g, $26.63/100g</p></div></a><div class="css-8keand"></div></div><div class="css-1q5omjq"><div class="css-fcebb8"><div data-testid="atc-compact" class="css-y94ivq" style="width: 45px;"><button type="button" class="chakra-button css-mudsm6" data-testid="atc-button"><svg stroke="currentColor" fill="currentColor" stroke-width="0" viewBox="0 0 24 24" focusable="false" class="chakra-icon css-1g3sp7a" data-testid="btn-icon" aria-hidden="true" height="1em" width="1em" xmlns="http://www.w3.org/2000/svg"><path d="M19 13h-6v6h-2v-6H5v-2h6V5h2v6h6v2z"></path></svg><span class="css-idkz9h">Add Zero Powder Glacier Freeze to cart</span></button></div></div></div></div></div></div><div class="css-0"><div class="css-f5i5wc"><div class="chakra-linkbox css-vhnn8v"><div data-testid="product-image" class="css-16dr4ly"><img alt="Dabur Mango Nectar 1 l, $0.43/100ml" src="https://assets.shop.loblaws.ca/products/21398237/b3/en/front/21398237_front_a06_@2.png" srcset="https://assets.shop.loblaws.ca/products/21398237/b3/en/front/21398237_front_a06_@2.png 1x, https://assets.shop.loblaws.ca/products/21398237/b3/en/front/21398237_front_a06_@2.png 2x" loading="lazy" class="chakra-image css-oguq8l" aria-hidden="true"></div><div class="css-qoklea"><div class="css-12dchmx"></div><div data-testid="price-product-tile" class="css-8atqhb"><p class="chakra-text css-0"><span class="chakra-text css-pwnbcb" data-testid="regular-price"><span class="css-idkz9h">$4.29</span>$4.29</span></p></div><a href="/mango-nectar/p/21398237_EA?source=nspt" class="chakra-linkbox__overlay css-1hnz6hu"><div class="css-0"><p class="chakra-text css-1ecdp9w" data-testid="product-brand">Dabur</p><h3 class="chakra-heading css-6qrhwc" id="21398237_EA" data-testid="product-title">Mango Nectar</h3><p class="chakra-text css-1yftjin" data-testid="product-package-size">1 l, $0.43/100ml</p></div></a><div class="css-8keand"></div></div><div class="css-1q5omjq"><div class="css-fcebb8"><div data-testid="atc-compact" class="css-y94ivq" style="width: 45px;"><button type="button" class="chakra-button css-mudsm6" data-testid="atc-button"><svg stroke="currentColor" fill="currentColor" stroke-width="0" viewBox="0 0 24 24" focusable="false" class="chakra-icon css-1g3sp7a" data-testid="btn-icon" aria-hidden="true" height="1em" width="1em" xmlns="http://www.w3.org/2000/svg"><path d="M19 13h-6v6h-2v-6H5v-2h6V5h2v6h6v2z"></path></svg><span class="css-idkz9h">Add Mango Nectar to cart</span></button></div></div></div></div></div></div><div class="css-0"><div class="css-f5i5wc"><div class="chakra-linkbox css-vhnn8v"><div data-testid="product-image" class="css-16dr4ly"><img alt="President's Choice Plant Based Evaporated Coconut Milk 400 ml, $0.82/100ml" src="https://assets.shop.loblaws.ca/products/21386703/b3/en/front/21386703_front_a06_@2.png" srcset="https://assets.shop.loblaws.ca/products/21386703/b3/en/front/21386703_front_a06_@2.png 1x, https://assets.shop.loblaws.ca/products/21386703/b3/en/front/21386703_front_a06_@2.png 2x" loading="lazy" class="chakra-image css-oguq8l" aria-hidden="true"></div><div class="css-qoklea"><div class="css-12dchmx"></div><div data-testid="price-product-tile" class="css-8atqhb"><p class="chakra-text css-0"><span class="chakra-text css-pwnbcb" data-testid="regular-price"><span class="css-idkz9h">$3.29</span>$3.29</span></p></div><a href="/plant-based-evaporated-coconut-milk/p/21386703_EA?source=nspt" class="chakra-linkbox__overlay css-1hnz6hu"><div class="css-0"><p class="chakra-text css-1ecdp9w" data-testid="product-brand">President's Choice</p><h3 class="chakra-heading css-6qrhwc" id="21386703_EA" data-testid="product-title">Plant Based Evaporated Coconut Milk</h3><p class="chakra-text css-1yftjin" data-testid="product-package-size">400 ml, $0.82/100ml</p></div></a><div class="css-8keand"></div></div><div class="css-1q5omjq"><div class="css-fcebb8"><div data-testid="atc-compact" class="css-y94ivq" style="width: 45px;"><button type="button" class="chakra-button css-mudsm6" data-testid="atc-button"><svg stroke="currentColor" fill="currentColor" stroke-width="0" viewBox="0 0 24 24" focusable="false" class="chakra-icon css-1g3sp7a" data-testid="btn-icon" aria-hidden="true" height="1em" width="1em" xmlns="http://www.w3.org/2000/svg"><path d="M19 13h-6v6h-2v-6H5v-2h6V5h2v6h6v2z"></path></svg><span class="css-idkz9h">Add Plant Based Evaporated Coconut Milk to cart</span></button></div></div></div></div></div></div><div class="css-0"><div class="css-f5i5wc"><div class="chakra-linkbox css-vhnn8v"><div data-testid="product-image" class="css-16dr4ly"><img alt="Grace Coconut Milk, Powdered 50 g, $2.00/100g" src="https://assets.shop.loblaws.ca/products/20844097/b3/en/front/20844097_front_a06_@2.png" srcset="https://assets.shop.loblaws.ca/products/20844097/b3/en/front/20844097_front_a06_@2.png 1x, https://assets.shop.loblaws.ca/products/20844097/b3/en/front/20844097_front_a06_@2.png 2x" loading="lazy" class="chakra-image css-oguq8l" aria-hidden="true"></div><div class="css-qoklea"><div class="css-12dchmx"></div><div data-testid="price-product-tile" class="css-8atqhb"><p class="chakra-text css-0"><span class="chakra-text css-pwnbcb" data-testid="regular-price"><span class="css-idkz9h">$1.00</span>$1.00</span></p></div><a href="/coconut-milk-powdered/p/20844097_EA?source=nspt" class="chakra-linkbox__overlay css-1hnz6hu"><div class="css-0"><p class="chakra-text css-1ecdp9w" data-testid="product-brand">Grace</p><h3 class="chakra-heading css-6qrhwc" id="20844097_EA" data-testid="product-title">Coconut Milk, Powdered</h3><p class="chakra-text css-1yftjin" data-testid="product-package-size">50 g, $2.00/100g</p></div></a><div class="css-8keand"></div></div><div class="css-1q5omjq"><div class="css-fcebb8"><div data-testid="atc-compact" class="css-y94ivq" style="width: 45px;"><button type="button" class="chakra-button css-mudsm6" data-testid="atc-button"><svg stroke="currentColor" fill="currentColor" stroke-width="0" viewBox="0 0 24 24" focusable="false" class="chakra-icon css-1g3sp7a" data-testid="btn-icon" aria-hidden="true" height="1em" width="1em" xmlns="http://www.w3.org/2000/svg"><path d="M19 13h-6v6h-2v-6H5v-2h6V5h2v6h6v2z"></path></svg><span class="css-idkz9h">Add Coconut Milk, Powdered to cart</span></button></div></div></div></div></div></div><div class="css-0"><div class="css-f5i5wc"><div class="chakra-linkbox css-vhnn8v"><div data-testid="product-image" class="css-16dr4ly"><img alt="iiCiNG Liquid Beverage Enhancer Pina Colada 48 ml, $9.35/100ml" src="https://assets.shop.loblaws.ca/products/21361739/b3/en/front/21361739_front_a06_@2.png" srcset="https://assets.shop.loblaws.ca/products/21361739/b3/en/front/21361739_front_a06_@2.png 1x, https://assets.shop.loblaws.ca/products/21361739/b3/en/front/21361739_front_a06_@2.png 2x" loading="lazy" class="chakra-image css-oguq8l" aria-hidden="true"></div><div class="css-qoklea"><div class="css-12dchmx"></div><div data-testid="price-product-tile" class="css-8atqhb"><p class="chakra-text css-0"><span class="chakra-text css-pwnbcb" data-testid="regular-price"><span class="css-idkz9h">$4.49</span>$4.49</span></p></div><a href="/liquid-beverage-enhancer-pina-colada/p/21361739_EA?source=nspt" class="chakra-linkbox__overlay css-1hnz6hu"><div class="css-0"><p class="chakra-text css-1ecdp9w" data-testid="product-brand">iiCiNG</p><h3 class="chakra-heading css-6qrhwc" id="21361739_EA" data-testid="product-title">Liquid Beverage Enhancer Pina Colada</h3><p class="chakra-text css-1yftjin" data-testid="product-package-size">48 ml, $9.35/100ml</p></div></a><div class="css-8keand"></div></div><div class="css-1q5omjq"><div class="css-fcebb8"><div data-testid="atc-compact" class="css-y94ivq" style="width: 45px;"><button type="button" class="chakra-button css-mudsm6" data-testid="atc-button"><svg stroke="currentColor" fill="currentColor" stroke-width="0" viewBox="0 0 24 24" focusable="false" class="chakra-icon css-1g3sp7a" data-testid="btn-icon" aria-hidden="true" height="1em" width="1em" xmlns="http://www.w3.org/2000/svg"><path d="M19 13h-6v6h-2v-6H5v-2h6V5h2v6h6v2z"></path></svg><span class="css-idkz9h">Add Liquid Beverage Enhancer Pina Colada to cart</span></button></div></div></div></div></div></div><div class="css-0"><div class="css-f5i5wc"><div class="chakra-linkbox css-vhnn8v"><div data-testid="product-image" class="css-16dr4ly"><img alt="Eagle Brand Brand Low Fat Sweetened Condensed Milk 300 ml, $1.33/100ml" src="https://assets.shop.loblaws.ca/products/21012967/b3/en/front/21012967_front_a06_@2.png" srcset="https://assets.shop.loblaws.ca/products/21012967/b3/en/front/21012967_front_a06_@2.png 1x, https://assets.shop.loblaws.ca/products/21012967/b3/en/front/21012967_front_a06_@2.png 2x" loading="lazy" class="chakra-image css-oguq8l" aria-hidden="true"></div><div class="css-qoklea"><div class="css-12dchmx"></div><div data-testid="price-product-tile" class="css-8atqhb"><p class="chakra-text css-0"><span class="chakra-text css-pwnbcb" data-testid="regular-price"><span class="css-idkz9h">$3.99</span>$3.99</span></p></div><a href="/brand-low-fat-sweetened-condensed-milk/p/21012967_EA?source=nspt" class="chakra-linkbox__overlay css-1hnz6hu"><div class="css-0"><p class="chakra-text css-1ecdp9w" data-testid="product-brand">Eagle Brand</p><h3 class="chakra-heading css-6qrhwc" id="21012967_EA" data-testid="product-title">Brand Low Fat Sweetened Condensed Milk</h3><p class="chakra-text css-1yftjin" data-testid="product-package-size">300 ml, $1.33/100ml</p></div></a><div class="css-8keand"></div></div><div class="css-1q5omjq"><div class="css-fcebb8"><div data-testid="atc-compact" class="css-y94ivq" style="width: 45px;"><button type="button" class="chakra-button css-mudsm6" data-testid="atc-button"><svg stroke="currentColor" fill="currentColor" stroke-width="0" viewBox="0 0 24 24" focusable="false" class="chakra-icon css-1g3sp7a" data-testid="btn-icon" aria-hidden="true" height="1em" width="1em" xmlns="http://www.w3.org/2000/svg"><path d="M19 13h-6v6h-2v-6H5v-2h6V5h2v6h6v2z"></path></svg><span class="css-idkz9h">Add Brand Low Fat Sweetened Condensed Milk to cart</span></button></div></div></div></div></div></div><div class="css-0"><div class="css-f5i5wc"><div class="chakra-linkbox css-vhnn8v"><div data-testid="product-image" class="css-16dr4ly"><img alt="Carnation Fat Free Evaporated Skim Milk 354 ml, $0.70/100ml" src="https://assets.shop.loblaws.ca/products/20896741/b3/en/front/20896741_front_a06_@2.png" srcset="https://assets.shop.loblaws.ca/products/20896741/b3/en/front/20896741_front_a06_@2.png 1x, https://assets.shop.loblaws.ca/products/20896741/b3/en/front/20896741_front_a06_@2.png 2x" loading="lazy" class="chakra-image css-oguq8l" aria-hidden="true"></div><div class="css-qoklea"><div class="css-12dchmx"></div><div data-testid="price-product-tile" class="css-8atqhb"><p class="chakra-text css-0"><span class="chakra-text css-pwnbcb" data-testid="regular-price"><span class="css-idkz9h">$2.49</span>$2.49</span></p></div><a href="/fat-free-evaporated-skim-milk/p/20896741_EA?source=nspt" class="chakra-linkbox__overlay css-1hnz6hu"><div class="css-0"><p class="chakra-text css-1ecdp9w" data-testid="product-brand">Carnation</p><h3 class="chakra-heading css-6qrhwc" id="20896741_EA" data-testid="product-title">Fat Free Evaporated Skim Milk</h3><p class="chakra-text css-1yftjin" data-testid="product-package-size">354 ml, $0.70/100ml</p></div></a><div class="css-8keand"></div></div><div class="css-1q5omjq"><div class="css-fcebb8"><div data-testid="atc-compact" class="css-y94ivq" style="width: 45px;"><button disabled="" type="button" class="chakra-button css-mudsm6" data-testid="atc-button"><svg stroke="currentColor" fill="currentColor" stroke-width="0" viewBox="0 0 24 24" focusable="false" class="chakra-icon css-1g3sp7a" data-testid="btn-icon" aria-hidden="true" height="1em" width="1em" xmlns="http://www.w3.org/2000/svg"><path d="M19 13h-6v6h-2v-6H5v-2h6V5h2v6h6v2z"></path></svg><span class="css-idkz9h">Add Fat Free Evaporated Skim Milk to cart</span></button></div></div><div class="css-4saf4a"><p class="chakra-text css-py8788" data-testid="inventory-badge-text">Out of Stock</p></div></div></div></div></div><div class="css-0"><div class="css-f5i5wc"><div class="chakra-linkbox css-vhnn8v"><div data-testid="product-image" class="css-16dr4ly"><img alt="Grace Pure Creamed Coconut 141 g, $0.91/100g" src="https://assets.shop.loblaws.ca/products/20822128/b3/en/front/20822128_front_a06_@2.png" srcset="https://assets.shop.loblaws.ca/products/20822128/b3/en/front/20822128_front_a06_@2.png 1x, https://assets.shop.loblaws.ca/products/20822128/b3/en/front/20822128_front_a06_@2.png 2x" loading="lazy" class="chakra-image css-oguq8l" aria-hidden="true"></div><div class="css-qoklea"><div class="css-12dchmx"></div><div data-testid="price-product-tile" class="css-8atqhb"><p class="chakra-text css-0"><span class="chakra-text css-o93gbd" data-testid="sale-price"><span class="css-idkz9h">$1.29</span>$1.29</span><span class="chakra-text css-623q5h" data-testid="was-price"><span class="css-idkz9h">$1.49</span>$1.49</span></p><p class="chakra-text css-1m5a6y8" data-testid="price-descriptor">SAVE $0.20</p></div><a href="/pure-creamed-coconut/p/20822128_EA?source=nspt" class="chakra-linkbox__overlay css-1hnz6hu"><div class="css-0"><p class="chakra-text css-1ecdp9w" data-testid="product-brand">Grace</p><h3 class="chakra-heading css-6qrhwc" id="20822128_EA" data-testid="product-title">Pure Creamed Coconut</h3><p class="chakra-text css-1yftjin" data-testid="product-package-size">141 g, $0.91/100g</p></div></a><div class="css-8keand"></div></div><div class="css-1q5omjq"><div class="css-fcebb8"><div data-testid="atc-compact" class="css-y94ivq" style="width: 45px;"><button disabled="" type="button" class="chakra-button css-mudsm6" data-testid="atc-button"><svg stroke="currentColor" fill="currentColor" stroke-width="0" viewBox="0 0 24 24" focusable="false" class="chakra-icon css-1g3sp7a" data-testid="btn-icon" aria-hidden="true" height="1em" width="1em" xmlns="http://www.w3.org/2000/svg"><path d="M19 13h-6v6h-2v-6H5v-2h6V5h2v6h6v2z"></path></svg><span class="css-idkz9h">Add Pure Creamed Coconut to cart</span></button></div></div><div class="css-4saf4a"><p class="chakra-text css-py8788" data-testid="inventory-badge-text">Out of Stock</p></div></div></div></div></div><div class="css-0"><div class="css-f5i5wc"><div class="chakra-linkbox css-vhnn8v"><div data-testid="product-image" class="css-16dr4ly"><img alt="iiCiNG Kreamsicle Liquid Beverage Enhancer 48 ml, $9.35/100ml" src="https://assets.shop.loblaws.ca/products/21439355/b3/en/front/21439355_front_a06_@2.png" srcset="https://assets.shop.loblaws.ca/products/21439355/b3/en/front/21439355_front_a06_@2.png 1x, https://assets.shop.loblaws.ca/products/21439355/b3/en/front/21439355_front_a06_@2.png 2x" loading="lazy" class="chakra-image css-oguq8l" aria-hidden="true"></div><div class="css-qoklea"><div class="css-12dchmx"></div><div data-testid="price-product-tile" class="css-8atqhb"><p class="chakra-text css-0"><span class="chakra-text css-pwnbcb" data-testid="regular-price"><span class="css-idkz9h">$4.49</span>$4.49</span></p></div><a href="/kreamsicle-liquid-beverage-enhancer/p/21439355_EA?source=nspt" class="chakra-linkbox__overlay css-1hnz6hu"><div class="css-0"><p class="chakra-text css-1ecdp9w" data-testid="product-brand">iiCiNG</p><h3 class="chakra-heading css-6qrhwc" id="21439355_EA" data-testid="product-title">Kreamsicle Liquid Beverage Enhancer</h3><p class="chakra-text css-1yftjin" data-testid="product-package-size">48 ml, $9.35/100ml</p></div></a><div class="css-8keand"></div></div><div class="css-1q5omjq"><div class="css-fcebb8"><div data-testid="atc-compact" class="css-y94ivq" style="width: 45px;"><button type="button" class="chakra-button css-mudsm6" data-testid="atc-button"><svg stroke="currentColor" fill="currentColor" stroke-width="0" viewBox="0 0 24 24" focusable="false" class="chakra-icon css-1g3sp7a" data-testid="btn-icon" aria-hidden="true" height="1em" width="1em" xmlns="http://www.w3.org/2000/svg"><path d="M19 13h-6v6h-2v-6H5v-2h6V5h2v6h6v2z"></path></svg><span class="css-idkz9h">Add Kreamsicle Liquid Beverage Enhancer to cart</span></button></div></div></div></div></div></div><div class="css-0"><div class="css-f5i5wc"><div class="chakra-linkbox css-vhnn8v"><div data-testid="product-image" class="css-16dr4ly"><img alt="Carnation Fat Free Instant Skim Milk Powder 500 g, $2.00/100g" src="https://assets.shop.loblaws.ca/products/20009555/b3/en/front/20009555_front_a06_@2.png" srcset="https://assets.shop.loblaws.ca/products/20009555/b3/en/front/20009555_front_a06_@2.png 1x, https://assets.shop.loblaws.ca/products/20009555/b3/en/front/20009555_front_a06_@2.png 2x" loading="lazy" class="chakra-image css-oguq8l" aria-hidden="true"></div><div class="css-qoklea"><div class="css-12dchmx"></div><div data-testid="price-product-tile" class="css-8atqhb"><p class="chakra-text css-0"><span class="chakra-text css-pwnbcb" data-testid="regular-price"><span class="css-idkz9h">$9.99</span>$9.99</span></p></div><a href="/fat-free-instant-skim-milk-powder/p/20009555_EA?source=nspt" class="chakra-linkbox__overlay css-1hnz6hu"><div class="css-0"><p class="chakra-text css-1ecdp9w" data-testid="product-brand">Carnation</p><h3 class="chakra-heading css-6qrhwc" id="20009555_EA" data-testid="product-title">Fat Free Instant Skim Milk Powder</h3><p class="chakra-text css-1yftjin" data-testid="product-package-size">500 g, $2.00/100g</p></div></a><div class="css-8keand"></div></div><div class="css-1q5omjq"><div class="css-fcebb8"><div data-testid="atc-compact" class="css-y94ivq" style="width: 45px;"><button type="button" class="chakra-button css-mudsm6" data-testid="atc-button"><svg stroke="currentColor" fill="currentColor" stroke-width="0" viewBox="0 0 24 24" focusable="false" class="chakra-icon css-1g3sp7a" data-testid="btn-icon" aria-hidden="true" height="1em" width="1em" xmlns="http://www.w3.org/2000/svg"><path d="M19 13h-6v6h-2v-6H5v-2h6V5h2v6h6v2z"></path></svg><span class="css-idkz9h">Add Fat Free Instant Skim Milk Powder to cart</span></button></div></div></div></div></div></div><div class="css-0"><div class="css-f5i5wc"><div class="chakra-linkbox css-vhnn8v"><div data-testid="product-image" class="css-16dr4ly"><img alt="Puck Thickened Creamy Product 160 g, $1.56/100g" src="https://assets.shop.loblaws.ca/products/21449248/b3/en/front/21449248_front_a06_@2.png" srcset="https://assets.shop.loblaws.ca/products/21449248/b3/en/front/21449248_front_a06_@2.png 1x, https://assets.shop.loblaws.ca/products/21449248/b3/en/front/21449248_front_a06_@2.png 2x" loading="lazy" class="chakra-image css-oguq8l" aria-hidden="true"></div><div class="css-qoklea"><div class="css-12dchmx"></div><div data-testid="price-product-tile" class="css-8atqhb"><p class="chakra-text css-0"><span class="chakra-text css-pwnbcb" data-testid="regular-price"><span class="css-idkz9h">$2.49</span>$2.49</span></p></div><a href="/thickened-creamy-product/p/21449248_EA?source=nspt" class="chakra-linkbox__overlay css-1hnz6hu"><div class="css-0"><p class="chakra-text css-1ecdp9w" data-testid="product-brand">Puck</p><h3 class="chakra-heading css-6qrhwc" id="21449248_EA" data-testid="product-title">Thickened Creamy Product</h3><p class="chakra-text css-1yftjin" data-testid="product-package-size">160 g, $1.56/100g</p></div></a><div class="css-8keand"></div></div><div class="css-1q5omjq"><div class="css-fcebb8"><div data-testid="atc-compact" class="css-y94ivq" style="width: 45px;"><button type="button" class="chakra-button css-mudsm6" data-testid="atc-button"><svg stroke="currentColor" fill="currentColor" stroke-width="0" viewBox="0 0 24 24" focusable="false" class="chakra-icon css-1g3sp7a" data-testid="btn-icon" aria-hidden="true" height="1em" width="1em" xmlns="http://www.w3.org/2000/svg"><path d="M19 13h-6v6h-2v-6H5v-2h6V5h2v6h6v2z"></path></svg><span class="css-idkz9h">Add Thickened Creamy Product to cart</span></button></div></div></div></div></div></div><div class="css-0"><div class="css-f5i5wc"><div class="chakra-linkbox css-vhnn8v"><div data-testid="product-image" class="css-16dr4ly"><img alt="Foco Coconut Juice 520 ml, $0.34/100ml" src="https://assets.shop.loblaws.ca/products/20180415/b3/en/front/20180415_front_a06_@2.png" srcset="https://assets.shop.loblaws.ca/products/20180415/b3/en/front/20180415_front_a06_@2.png 1x, https://assets.shop.loblaws.ca/products/20180415/b3/en/front/20180415_front_a06_@2.png 2x" loading="lazy" class="chakra-image css-oguq8l" aria-hidden="true"></div><div class="css-qoklea"><div class="css-12dchmx"></div><div data-testid="price-product-tile" class="css-8atqhb"><p class="chakra-text css-0"><span class="chakra-text css-pwnbcb" data-testid="regular-price"><span class="css-idkz9h">$1.79</span>$1.79</span></p></div><a href="/coconut-juice/p/20180415_EA?source=nspt" class="chakra-linkbox__overlay css-1hnz6hu"><div class="css-0"><p class="chakra-text css-1ecdp9w" data-testid="product-brand">Foco</p><h3 class="chakra-heading css-6qrhwc" id="20180415_EA" data-testid="product-title">Coconut Juice</h3><p class="chakra-text css-1yftjin" data-testid="product-package-size">520 ml, $0.34/100ml</p></div></a><div class="css-8keand"></div></div><div class="css-1q5omjq"><div class="css-fcebb8"><div data-testid="atc-compact" class="css-y94ivq" style="width: 45px;"><button type="button" class="chakra-button css-mudsm6" data-testid="atc-button"><svg stroke="currentColor" fill="currentColor" stroke-width="0" viewBox="0 0 24 24" focusable="false" class="chakra-icon css-1g3sp7a" data-testid="btn-icon" aria-hidden="true" height="1em" width="1em" xmlns="http://www.w3.org/2000/svg"><path d="M19 13h-6v6h-2v-6H5v-2h6V5h2v6h6v2z"></path></svg><span class="css-idkz9h">Add Coconut Juice to cart</span></button></div></div></div></div></div></div><div class="css-0"><div class="css-f5i5wc"><div class="chakra-linkbox css-vhnn8v"><div data-testid="product-image" class="css-16dr4ly"><img alt="MiO Energy Wild Strawberry Energy Drink Mix 31 g, $9.68/100g" src="https://assets.shop.loblaws.ca/products/21588001/b3/en/front/21588001_front_a06_@2.png" srcset="https://assets.shop.loblaws.ca/products/21588001/b3/en/front/21588001_front_a06_@2.png 1x, https://assets.shop.loblaws.ca/products/21588001/b3/en/front/21588001_front_a06_@2.png 2x" loading="lazy" class="chakra-image css-oguq8l" aria-hidden="true"></div><div class="css-qoklea"><div class="css-12dchmx"></div><div data-testid="price-product-tile" class="css-8atqhb"><p class="chakra-text css-0"><span class="chakra-text css-pwnbcb" data-testid="regular-price"><span class="css-idkz9h">$3.00</span>$3.00</span></p></div><a href="/energy-wild-strawberry-energy-drink-mix/p/21588001_EA?source=nspt" class="chakra-linkbox__overlay css-1hnz6hu"><div class="css-0"><p class="chakra-text css-1ecdp9w" data-testid="product-brand">MiO</p><h3 class="chakra-heading css-6qrhwc" id="21588001_EA" data-testid="product-title">Energy Wild Strawberry Energy Drink Mix</h3><p class="chakra-text css-1yftjin" data-testid="product-package-size">31 g, $9.68/100g</p></div></a><div class="css-8keand"></div></div><div class="css-1q5omjq"><div class="css-fcebb8"><div data-testid="atc-compact" class="css-y94ivq" style="width: 45px;"><button type="button" class="chakra-button css-mudsm6" data-testid="atc-button"><svg stroke="currentColor" fill="currentColor" stroke-width="0" viewBox="0 0 24 24" focusable="false" class="chakra-icon css-1g3sp7a" data-testid="btn-icon" aria-hidden="true" height="1em" width="1em" xmlns="http://www.w3.org/2000/svg"><path d="M19 13h-6v6h-2v-6H5v-2h6V5h2v6h6v2z"></path></svg><span class="css-idkz9h">Add Energy Wild Strawberry Energy Drink Mix to cart</span></button></div></div></div></div></div></div><div class="css-0"><div class="css-f5i5wc"><div class="chakra-linkbox css-vhnn8v"><div data-testid="product-image" class="css-16dr4ly"><img alt="Nestlé Nesquik Chocolate Powder 540 g, $1.39/100g" src="https://assets.shop.loblaws.ca/products/20139236002/b3/en/front/20139236002_front_a06_@2.png" srcset="https://assets.shop.loblaws.ca/products/20139236002/b3/en/front/20139236002_front_a06_@2.png 1x, https://assets.shop.loblaws.ca/products/20139236002/b3/en/front/20139236002_front_a06_@2.png 2x" loading="lazy" class="chakra-image css-oguq8l" aria-hidden="true"></div><div class="css-qoklea"><div class="css-12dchmx"></div><div data-testid="price-product-tile" class="css-8atqhb"><p class="chakra-text css-0"><span class="chakra-text css-pwnbcb" data-testid="regular-price"><span class="css-idkz9h">$7.49</span>$7.49</span></p></div><a href="/nesquik-chocolate-powder/p/20139236002_EA?source=nspt" class="chakra-linkbox__overlay css-1hnz6hu"><div class="css-0"><p class="chakra-text css-1ecdp9w" data-testid="product-brand">Nestlé</p><h3 class="chakra-heading css-6qrhwc" id="20139236002_EA" data-testid="product-title">Nesquik Chocolate Powder</h3><p class="chakra-text css-1yftjin" data-testid="product-package-size">540 g, $1.39/100g</p></div></a><div class="css-8keand"></div></div><div class="css-1q5omjq"><div class="css-fcebb8"><div data-testid="atc-compact" class="css-y94ivq" style="width: 45px;"><button type="button" class="chakra-button css-mudsm6" data-testid="atc-button"><svg stroke="currentColor" fill="currentColor" stroke-width="0" viewBox="0 0 24 24" focusable="false" class="chakra-icon css-1g3sp7a" data-testid="btn-icon" aria-hidden="true" height="1em" width="1em" xmlns="http://www.w3.org/2000/svg"><path d="M19 13h-6v6h-2v-6H5v-2h6V5h2v6h6v2z"></path></svg><span class="css-idkz9h">Add Nesquik Chocolate Powder to cart</span></button></div></div></div></div></div></div><div class="css-0"><div class="css-f5i5wc"><div class="chakra-linkbox css-vhnn8v"><div data-testid="product-image" class="css-16dr4ly"><img alt="MiO Fruit Punch Flavoured Liquid Water Enhancer 48 ml, $6.25/100ml" src="https://assets.shop.loblaws.ca/products/20565119001/b3/en/front/20565119001_front_a06_@2.png" srcset="https://assets.shop.loblaws.ca/products/20565119001/b3/en/front/20565119001_front_a06_@2.png 1x, https://assets.shop.loblaws.ca/products/20565119001/b3/en/front/20565119001_front_a06_@2.png 2x" loading="lazy" class="chakra-image css-oguq8l" aria-hidden="true"></div><div class="css-qoklea"><div class="css-12dchmx"></div><div data-testid="price-product-tile" class="css-8atqhb"><p class="chakra-text css-0"><span class="chakra-text css-pwnbcb" data-testid="regular-price"><span class="css-idkz9h">$3.00</span>$3.00</span></p></div><a href="/fruit-punch-flavoured-liquid-water-enhancer/p/20565119001_EA?source=nspt" class="chakra-linkbox__overlay css-1hnz6hu"><div class="css-0"><p class="chakra-text css-1ecdp9w" data-testid="product-brand">MiO</p><h3 class="chakra-heading css-6qrhwc" id="20565119001_EA" data-testid="product-title">Fruit Punch Flavoured Liquid Water Enhancer</h3><p class="chakra-text css-1yftjin" data-testid="product-package-size">48 ml, $6.25/100ml</p></div></a><div class="css-8keand"></div></div><div class="css-1q5omjq"><div class="css-fcebb8"><div data-testid="atc-compact" class="css-y94ivq" style="width: 45px;"><button type="button" class="chakra-button css-mudsm6" data-testid="atc-button"><svg stroke="currentColor" fill="currentColor" stroke-width="0" viewBox="0 0 24 24" focusable="false" class="chakra-icon css-1g3sp7a" data-testid="btn-icon" aria-hidden="true" height="1em" width="1em" xmlns="http://www.w3.org/2000/svg"><path d="M19 13h-6v6h-2v-6H5v-2h6V5h2v6h6v2z"></path></svg><span class="css-idkz9h">Add Fruit Punch Flavoured Liquid Water Enhancer to cart</span></button></div></div></div></div></div></div><div class="css-0"><div class="css-f5i5wc"><div class="chakra-linkbox css-vhnn8v"><div data-testid="product-image" class="css-16dr4ly"><img alt="President's Choice Peach Mango Liquid Water Enhancer 48 ml, $5.19/100ml" src="https://assets.shop.loblaws.ca/products/20734123001/b3/en/front/20734123001_front_a06_@2.png" srcset="https://assets.shop.loblaws.ca/products/20734123001/b3/en/front/20734123001_front_a06_@2.png 1x, https://assets.shop.loblaws.ca/products/20734123001/b3/en/front/20734123001_front_a06_@2.png 2x" loading="lazy" class="chakra-image css-oguq8l" aria-hidden="true"></div><div class="css-qoklea"><div class="css-12dchmx"></div><div data-testid="price-product-tile" class="css-8atqhb"><p class="chakra-text css-0"><span class="chakra-text css-o93gbd" data-testid="sale-price"><span class="css-idkz9h">$2.49</span>$2.49</span><span class="chakra-text css-623q5h" data-testid="was-price"><span class="css-idkz9h">$2.69</span>$2.69</span></p><p class="chakra-text css-1m5a6y8" data-testid="price-descriptor">SAVE $0.20</p></div><a href="/peach-mango-liquid-water-enhancer/p/20734123001_EA?source=nspt" class="chakra-linkbox__overlay css-1hnz6hu"><div class="css-0"><p class="chakra-text css-1ecdp9w" data-testid="product-brand">President's Choice</p><h3 class="chakra-heading css-6qrhwc" id="20734123001_EA" data-testid="product-title">Peach Mango Liquid Water Enhancer</h3><p class="chakra-text css-1yftjin" data-testid="product-package-size">48 ml, $5.19/100ml</p></div></a><div class="css-8keand"></div></div><div class="css-1q5omjq"><div class="css-fcebb8"><div data-testid="atc-compact" class="css-y94ivq" style="width: 45px;"><button type="button" class="chakra-button css-mudsm6" data-testid="atc-button"><svg stroke="currentColor" fill="currentColor" stroke-width="0" viewBox="0 0 24 24" focusable="false" class="chakra-icon css-1g3sp7a" data-testid="btn-icon" aria-hidden="true" height="1em" width="1em" xmlns="http://www.w3.org/2000/svg"><path d="M19 13h-6v6h-2v-6H5v-2h6V5h2v6h6v2z"></path></svg><span class="css-idkz9h">Add Peach Mango Liquid Water Enhancer to cart</span></button></div></div></div></div></div></div><div class="css-0"><div class="css-f5i5wc"><div class="chakra-linkbox css-vhnn8v"><div data-testid="product-image" class="css-16dr4ly"><img alt="Crystal Light Singles, Raspberry Ice 24 g, $12.50/100g" src="https://assets.shop.loblaws.ca/products/20304756/b3/en/front/20304756_front_a06_@2.png" srcset="https://assets.shop.loblaws.ca/products/20304756/b3/en/front/20304756_front_a06_@2.png 1x, https://assets.shop.loblaws.ca/products/20304756/b3/en/front/20304756_front_a06_@2.png 2x" loading="lazy" class="chakra-image css-oguq8l" aria-hidden="true"></div><div class="css-qoklea"><div class="css-12dchmx"></div><div data-testid="price-product-tile" class="css-8atqhb"><p class="chakra-text css-0"><span class="chakra-text css-pwnbcb" data-testid="regular-price"><span class="css-idkz9h">$3.00</span>$3.00</span></p></div><a href="/singles-raspberry-ice/p/20304756_EA?source=nspt" class="chakra-linkbox__overlay css-1hnz6hu"><div class="css-0"><p class="chakra-text css-1ecdp9w" data-testid="product-brand">Crystal Light</p><h3 class="chakra-heading css-6qrhwc" id="20304756_EA" data-testid="product-title">Singles, Raspberry Ice</h3><p class="chakra-text css-1yftjin" data-testid="product-package-size">24 g, $12.50/100g</p></div></a><div class="css-8keand"></div></div><div class="css-1q5omjq"><div class="css-fcebb8"><div data-testid="atc-compact" class="css-y94ivq" style="width: 45px;"><button type="button" class="chakra-button css-mudsm6" data-testid="atc-button"><svg stroke="currentColor" fill="currentColor" stroke-width="0" viewBox="0 0 24 24" focusable="false" class="chakra-icon css-1g3sp7a" data-testid="btn-icon" aria-hidden="true" height="1em" width="1em" xmlns="http://www.w3.org/2000/svg"><path d="M19 13h-6v6h-2v-6H5v-2h6V5h2v6h6v2z"></path></svg><span class="css-idkz9h">Add Singles, Raspberry Ice to cart</span></button></div></div></div></div></div></div><div class="css-0"><div class="css-f5i5wc"><div class="chakra-linkbox css-vhnn8v"><div data-testid="product-image" class="css-16dr4ly"><img alt="Kool-Aid Orange Liquid Drink Mix 48 ml, $6.25/100ml" src="https://assets.shop.loblaws.ca/products/20749494004/b3/en/front/20749494004_front_a06_@2.png" srcset="https://assets.shop.loblaws.ca/products/20749494004/b3/en/front/20749494004_front_a06_@2.png 1x, https://assets.shop.loblaws.ca/products/20749494004/b3/en/front/20749494004_front_a06_@2.png 2x" loading="lazy" class="chakra-image css-oguq8l" aria-hidden="true"></div><div class="css-qoklea"><div class="css-12dchmx"></div><div data-testid="price-product-tile" class="css-8atqhb"><p class="chakra-text css-0"><span class="chakra-text css-pwnbcb" data-testid="regular-price"><span class="css-idkz9h">$3.00</span>$3.00</span></p></div><a href="/orange-liquid-drink-mix/p/20749494004_EA?source=nspt" class="chakra-linkbox__overlay css-1hnz6hu"><div class="css-0"><p class="chakra-text css-1ecdp9w" data-testid="product-brand">Kool-Aid</p><h3 class="chakra-heading css-6qrhwc" id="20749494004_EA" data-testid="product-title">Orange Liquid Drink Mix</h3><p class="chakra-text css-1yftjin" data-testid="product-package-size">48 ml, $6.25/100ml</p></div></a><div class="css-8keand"></div></div><div class="css-1q5omjq"><div class="css-fcebb8"><div data-testid="atc-compact" class="css-y94ivq" style="width: 45px;"><button type="button" class="chakra-button css-mudsm6" data-testid="atc-button"><svg stroke="currentColor" fill="currentColor" stroke-width="0" viewBox="0 0 24 24" focusable="false" class="chakra-icon css-1g3sp7a" data-testid="btn-icon" aria-hidden="true" height="1em" width="1em" xmlns="http://www.w3.org/2000/svg"><path d="M19 13h-6v6h-2v-6H5v-2h6V5h2v6h6v2z"></path></svg><span class="css-idkz9h">Add Orange Liquid Drink Mix to cart</span></button></div></div></div></div></div></div><div class="css-0"><div class="css-f5i5wc"><div class="chakra-linkbox css-vhnn8v"><div data-testid="product-image" class="css-16dr4ly"><img alt="MiO +Vitamins Blackberry Raspberry Liquid Water Enhancer 48 ml, $6.25/100ml" src="https://assets.shop.loblaws.ca/products/21081063/b3/en/front/21081063_front_a06_@2.png" srcset="https://assets.shop.loblaws.ca/products/21081063/b3/en/front/21081063_front_a06_@2.png 1x, https://assets.shop.loblaws.ca/products/21081063/b3/en/front/21081063_front_a06_@2.png 2x" loading="lazy" class="chakra-image css-oguq8l" aria-hidden="true"></div><div class="css-qoklea"><div class="css-12dchmx"></div><div data-testid="price-product-tile" class="css-8atqhb"><p class="chakra-text css-0"><span class="chakra-text css-pwnbcb" data-testid="regular-price"><span class="css-idkz9h">$3.00</span>$3.00</span></p></div><a href="/vitamins-blackberry-raspberry-liquid-water-enhanc/p/21081063_EA?source=nspt" class="chakra-linkbox__overlay css-1hnz6hu"><div class="css-0"><p class="chakra-text css-1ecdp9w" data-testid="product-brand">MiO</p><h3 class="chakra-heading css-6qrhwc" id="21081063_EA" data-testid="product-title">+Vitamins Blackberry Raspberry Liquid Water Enhancer</h3><p class="chakra-text css-1yftjin" data-testid="product-package-size">48 ml, $6.25/100ml</p></div></a><div class="css-8keand"></div></div><div class="css-1q5omjq"><div class="css-fcebb8"><div data-testid="atc-compact" class="css-y94ivq" style="width: 45px;"><button type="button" class="chakra-button css-mudsm6" data-testid="atc-button"><svg stroke="currentColor" fill="currentColor" stroke-width="0" viewBox="0 0 24 24" focusable="false" class="chakra-icon css-1g3sp7a" data-testid="btn-icon" aria-hidden="true" height="1em" width="1em" xmlns="http://www.w3.org/2000/svg"><path d="M19 13h-6v6h-2v-6H5v-2h6V5h2v6h6v2z"></path></svg><span class="css-idkz9h">Add +Vitamins Blackberry Raspberry Liquid Water Enhancer to cart</span></button></div></div></div></div></div></div><div class="css-0"><div class="css-f5i5wc"><div class="chakra-linkbox css-vhnn8v"><div data-testid="product-image" class="css-16dr4ly"><img alt="T&amp;T Sweetened Creamer 374 ml, $0.93/100ml" src="https://assets.shop.loblaws.ca/products/21448178/b3/en/front/21448178_front_a06_@2.png" srcset="https://assets.shop.loblaws.ca/products/21448178/b3/en/front/21448178_front_a06_@2.png 1x, https://assets.shop.loblaws.ca/products/21448178/b3/en/front/21448178_front_a06_@2.png 2x" loading="lazy" class="chakra-image css-oguq8l" aria-hidden="true"></div><div class="css-qoklea"><div class="css-12dchmx"></div><div data-testid="price-product-tile" class="css-8atqhb"><p class="chakra-text css-0"><span class="chakra-text css-pwnbcb" data-testid="regular-price"><span class="css-idkz9h">$3.49</span>$3.49</span></p></div><a href="/sweetened-creamer/p/21448178_EA?source=nspt" class="chakra-linkbox__overlay css-1hnz6hu"><div class="css-0"><p class="chakra-text css-1ecdp9w" data-testid="product-brand">T&amp;T</p><h3 class="chakra-heading css-6qrhwc" id="21448178_EA" data-testid="product-title">Sweetened Creamer</h3><p class="chakra-text css-1yftjin" data-testid="product-package-size">374 ml, $0.93/100ml</p></div></a><div class="css-8keand"></div></div><div class="css-1q5omjq"><div class="css-fcebb8"><div data-testid="atc-compact" class="css-y94ivq" style="width: 45px;"><button type="button" class="chakra-button css-mudsm6" data-testid="atc-button"><svg stroke="currentColor" fill="currentColor" stroke-width="0" viewBox="0 0 24 24" focusable="false" class="chakra-icon css-1g3sp7a" data-testid="btn-icon" aria-hidden="true" height="1em" width="1em" xmlns="http://www.w3.org/2000/svg"><path d="M19 13h-6v6h-2v-6H5v-2h6V5h2v6h6v2z"></path></svg><span class="css-idkz9h">Add Sweetened Creamer to cart</span></button></div></div></div></div></div></div><div class="css-0"><div class="css-f5i5wc"><div class="chakra-linkbox css-vhnn8v"><div data-testid="product-image" class="css-16dr4ly"><img alt="Cool Runnings Coconut Milk 400 ml, $0.37/100ml" src="https://assets.shop.loblaws.ca/products/20652757/b3/en/front/20652757_front_a06_@2.png" srcset="https://assets.shop.loblaws.ca/products/20652757/b3/en/front/20652757_front_a06_@2.png 1x, https://assets.shop.loblaws.ca/products/20652757/b3/en/front/20652757_front_a06_@2.png 2x" loading="lazy" class="chakra-image css-oguq8l" aria-hidden="true"></div><div class="css-qoklea"><div class="css-12dchmx"></div><div data-testid="price-product-tile" class="css-8atqhb"><p class="chakra-text css-0"><span class="chakra-text css-o93gbd" data-testid="sale-price"><span class="css-idkz9h">$1.49</span>$1.49</span><span class="chakra-text css-623q5h" data-testid="was-price"><span class="css-idkz9h">$1.69</span>$1.69</span></p><p class="chakra-text css-1m5a6y8" data-testid="price-descriptor">SAVE $0.20</p></div><a href="/coconut-milk/p/20652757_EA?source=nspt" class="chakra-linkbox__overlay css-1hnz6hu"><div class="css-0"><p class="chakra-text css-1ecdp9w" data-testid="product-brand">Cool Runnings</p><h3 class="chakra-heading css-6qrhwc" id="20652757_EA" data-testid="product-title">Coconut Milk</h3><p class="chakra-text css-1yftjin" data-testid="product-package-size">400 ml, $0.37/100ml</p></div></a><div class="css-8keand"></div></div><div class="css-1q5omjq"><div class="css-fcebb8"><div data-testid="atc-compact" class="css-y94ivq" style="width: 45px;"><button type="button" class="chakra-button css-mudsm6" data-testid="atc-button"><svg stroke="currentColor" fill="currentColor" stroke-width="0" viewBox="0 0 24 24" focusable="false" class="chakra-icon css-1g3sp7a" data-testid="btn-icon" aria-hidden="true" height="1em" width="1em" xmlns="http://www.w3.org/2000/svg"><path d="M19 13h-6v6h-2v-6H5v-2h6V5h2v6h6v2z"></path></svg><span class="css-idkz9h">Add Coconut Milk to cart</span></button></div></div></div></div></div></div><div class="css-0"><div class="css-f5i5wc"><div class="chakra-linkbox css-vhnn8v"><div data-testid="product-image" class="css-16dr4ly"><img alt="Rooster Light Coconut Milk 398 ml, $0.38/100ml" src="https://assets.shop.loblaws.ca/products/21378715/b3/en/front/21378715_front_a06_@2.png" srcset="https://assets.shop.loblaws.ca/products/21378715/b3/en/front/21378715_front_a06_@2.png 1x, https://assets.shop.loblaws.ca/products/21378715/b3/en/front/21378715_front_a06_@2.png 2x" loading="lazy" class="chakra-image css-oguq8l" aria-hidden="true"></div><div class="css-qoklea"><div class="css-12dchmx"></div><div data-testid="price-product-tile" class="css-8atqhb"><p class="chakra-text css-0"><span class="chakra-text css-pwnbcb" data-testid="regular-price"><span class="css-idkz9h">$1.50</span>$1.50</span></p></div><a href="/light-coconut-milk/p/21378715_EA?source=nspt" class="chakra-linkbox__overlay css-1hnz6hu"><div class="css-0"><p class="chakra-text css-1ecdp9w" data-testid="product-brand">Rooster</p><h3 class="chakra-heading css-6qrhwc" id="21378715_EA" data-testid="product-title">Light Coconut Milk</h3><p class="chakra-text css-1yftjin" data-testid="product-package-size">398 ml, $0.38/100ml</p></div></a><div class="css-8keand"></div></div><div class="css-1q5omjq"><div class="css-fcebb8"><div data-testid="atc-compact" class="css-y94ivq" style="width: 45px;"><button type="button" class="chakra-button css-mudsm6" data-testid="atc-button"><svg stroke="currentColor" fill="currentColor" stroke-width="0" viewBox="0 0 24 24" focusable="false" class="chakra-icon css-1g3sp7a" data-testid="btn-icon" aria-hidden="true" height="1em" width="1em" xmlns="http://www.w3.org/2000/svg"><path d="M19 13h-6v6h-2v-6H5v-2h6V5h2v6h6v2z"></path></svg><span class="css-idkz9h">Add Light Coconut Milk to cart</span></button></div></div></div></div></div></div><div class="css-0"><div class="css-f5i5wc"><div class="chakra-linkbox css-vhnn8v"><div data-testid="product-image" class="css-16dr4ly"><img alt="Crystal Light Liquid Drink Mix, Blackberry Lemonbabe 48 ml, $6.25/100ml" src="https://assets.shop.loblaws.ca/products/20746034001/b3/en/front/20746034001_front_a06_@2.png" srcset="https://assets.shop.loblaws.ca/products/20746034001/b3/en/front/20746034001_front_a06_@2.png 1x, https://assets.shop.loblaws.ca/products/20746034001/b3/en/front/20746034001_front_a06_@2.png 2x" loading="lazy" class="chakra-image css-oguq8l" aria-hidden="true"></div><div class="css-qoklea"><div class="css-12dchmx"></div><div data-testid="price-product-tile" class="css-8atqhb"><p class="chakra-text css-0"><span class="chakra-text css-pwnbcb" data-testid="regular-price"><span class="css-idkz9h">$3.00</span>$3.00</span></p></div><a href="/liquid-drink-mix-blackberry-lemonbabe/p/20746034001_EA?source=nspt" class="chakra-linkbox__overlay css-1hnz6hu"><div class="css-0"><p class="chakra-text css-1ecdp9w" data-testid="product-brand">Crystal Light</p><h3 class="chakra-heading css-6qrhwc" id="20746034001_EA" data-testid="product-title">Liquid Drink Mix, Blackberry Lemonbabe</h3><p class="chakra-text css-1yftjin" data-testid="product-package-size">48 ml, $6.25/100ml</p></div></a><div class="css-8keand"></div></div><div class="css-1q5omjq"><div class="css-fcebb8"><div data-testid="atc-compact" class="css-y94ivq" style="width: 45px;"><button type="button" class="chakra-button css-mudsm6" data-testid="atc-button"><svg stroke="currentColor" fill="currentColor" stroke-width="0" viewBox="0 0 24 24" focusable="false" class="chakra-icon css-1g3sp7a" data-testid="btn-icon" aria-hidden="true" height="1em" width="1em" xmlns="http://www.w3.org/2000/svg"><path d="M19 13h-6v6h-2v-6H5v-2h6V5h2v6h6v2z"></path></svg><span class="css-idkz9h">Add Liquid Drink Mix, Blackberry Lemonbabe to cart</span></button></div></div></div></div></div></div><div class="css-0"><div class="css-f5i5wc"><div class="chakra-linkbox css-vhnn8v"><div data-testid="product-image" class="css-16dr4ly"><img alt="Crystal Light Liquid Drink Mix, Blueberry Razz 48 ml, $6.25/100ml" src="https://assets.shop.loblaws.ca/products/20660835/b3/en/front/20660835_front_a06_@2.png" srcset="https://assets.shop.loblaws.ca/products/20660835/b3/en/front/20660835_front_a06_@2.png 1x, https://assets.shop.loblaws.ca/products/20660835/b3/en/front/20660835_front_a06_@2.png 2x" loading="lazy" class="chakra-image css-oguq8l" aria-hidden="true"></div><div class="css-qoklea"><div class="css-12dchmx"></div><div data-testid="price-product-tile" class="css-8atqhb"><p class="chakra-text css-0"><span class="chakra-text css-pwnbcb" data-testid="regular-price"><span class="css-idkz9h">$3.00</span>$3.00</span></p></div><a href="/liquid-drink-mix-blueberry-razz/p/20660835_EA?source=nspt" class="chakra-linkbox__overlay css-1hnz6hu"><div class="css-0"><p class="chakra-text css-1ecdp9w" data-testid="product-brand">Crystal Light</p><h3 class="chakra-heading css-6qrhwc" id="20660835_EA" data-testid="product-title">Liquid Drink Mix, Blueberry Razz</h3><p class="chakra-text css-1yftjin" data-testid="product-package-size">48 ml, $6.25/100ml</p></div></a><div class="css-8keand"></div></div><div class="css-1q5omjq"><div class="css-fcebb8"><div data-testid="atc-compact" class="css-y94ivq" style="width: 45px;"><button type="button" class="chakra-button css-mudsm6" data-testid="atc-button"><svg stroke="currentColor" fill="currentColor" stroke-width="0" viewBox="0 0 24 24" focusable="false" class="chakra-icon css-1g3sp7a" data-testid="btn-icon" aria-hidden="true" height="1em" width="1em" xmlns="http://www.w3.org/2000/svg"><path d="M19 13h-6v6h-2v-6H5v-2h6V5h2v6h6v2z"></path></svg><span class="css-idkz9h">Add Liquid Drink Mix, Blueberry Razz to cart</span></button></div></div></div></div></div></div><div class="css-0"><div class="css-f5i5wc"><div class="chakra-linkbox css-vhnn8v"><div data-testid="product-image" class="css-16dr4ly"><img alt="Nestlé Nesquik Strawberry Syrup 510 ml, $1.27/100ml" src="https://assets.shop.loblaws.ca/products/20320167004/b3/en/front/20320167004_front_a06_@2.png" srcset="https://assets.shop.loblaws.ca/products/20320167004/b3/en/front/20320167004_front_a06_@2.png 1x, https://assets.shop.loblaws.ca/products/20320167004/b3/en/front/20320167004_front_a06_@2.png 2x" loading="lazy" class="chakra-image css-oguq8l" aria-hidden="true"></div><div class="css-qoklea"><div class="css-12dchmx"></div><div data-testid="price-product-tile" class="css-8atqhb"><p class="chakra-text css-0"><span class="chakra-text css-pwnbcb" data-testid="regular-price"><span class="css-idkz9h">$6.49</span>$6.49</span></p></div><a href="/nesquik-strawberry-syrup/p/20320167004_EA?source=nspt" class="chakra-linkbox__overlay css-1hnz6hu"><div class="css-0"><p class="chakra-text css-1ecdp9w" data-testid="product-brand">Nestlé</p><h3 class="chakra-heading css-6qrhwc" id="20320167004_EA" data-testid="product-title">Nesquik Strawberry Syrup</h3><p class="chakra-text css-1yftjin" data-testid="product-package-size">510 ml, $1.27/100ml</p></div></a><div class="css-8keand"></div></div><div class="css-1q5omjq"><div class="css-fcebb8"><div data-testid="atc-compact" class="css-y94ivq" style="width: 45px;"><button type="button" class="chakra-button css-mudsm6" data-testid="atc-button"><svg stroke="currentColor" fill="currentColor" stroke-width="0" viewBox="0 0 24 24" focusable="false" class="chakra-icon css-1g3sp7a" data-testid="btn-icon" aria-hidden="true" height="1em" width="1em" xmlns="http://www.w3.org/2000/svg"><path d="M19 13h-6v6h-2v-6H5v-2h6V5h2v6h6v2z"></path></svg><span class="css-idkz9h">Add Nesquik Strawberry Syrup to cart</span></button></div></div></div></div></div></div><div class="css-0"><div class="css-f5i5wc"><div class="chakra-linkbox css-vhnn8v"><div data-testid="product-image" class="css-16dr4ly"><img alt="Kool-Aid Cherry Liquid Drink Mix 48 ml, $6.25/100ml" src="https://assets.shop.loblaws.ca/products/20749494002/b3/en/front/20749494002_front_a06_@2.png" srcset="https://assets.shop.loblaws.ca/products/20749494002/b3/en/front/20749494002_front_a06_@2.png 1x, https://assets.shop.loblaws.ca/products/20749494002/b3/en/front/20749494002_front_a06_@2.png 2x" loading="lazy" class="chakra-image css-oguq8l" aria-hidden="true"></div><div class="css-qoklea"><div class="css-12dchmx"></div><div data-testid="price-product-tile" class="css-8atqhb"><p class="chakra-text css-0"><span class="chakra-text css-pwnbcb" data-testid="regular-price"><span class="css-idkz9h">$3.00</span>$3.00</span></p></div><a href="/cherry-liquid-drink-mix/p/20749494002_EA?source=nspt" class="chakra-linkbox__overlay css-1hnz6hu"><div class="css-0"><p class="chakra-text css-1ecdp9w" data-testid="product-brand">Kool-Aid</p><h3 class="chakra-heading css-6qrhwc" id="20749494002_EA" data-testid="product-title">Cherry Liquid Drink Mix</h3><p class="chakra-text css-1yftjin" data-testid="product-package-size">48 ml, $6.25/100ml</p></div></a><div class="css-8keand"></div></div><div class="css-1q5omjq"><div class="css-fcebb8"><div data-testid="atc-compact" class="css-y94ivq" style="width: 45px;"><button type="button" class="chakra-button css-mudsm6" data-testid="atc-button"><svg stroke="currentColor" fill="currentColor" stroke-width="0" viewBox="0 0 24 24" focusable="false" class="chakra-icon css-1g3sp7a" data-testid="btn-icon" aria-hidden="true" height="1em" width="1em" xmlns="http://www.w3.org/2000/svg"><path d="M19 13h-6v6h-2v-6H5v-2h6V5h2v6h6v2z"></path></svg><span class="css-idkz9h">Add Cherry Liquid Drink Mix to cart</span></button></div></div></div></div></div></div><div class="css-0"><div class="css-f5i5wc"><div class="chakra-linkbox css-vhnn8v"><div data-testid="product-image" class="css-16dr4ly"><img alt="Rubicon Pomegranate Juice 1 l, $0.25/100ml" src="https://assets.shop.loblaws.ca/products/20029236002/b3/en/front/20029236002_front_a06_@2.png" srcset="https://assets.shop.loblaws.ca/products/20029236002/b3/en/front/20029236002_front_a06_@2.png 1x, https://assets.shop.loblaws.ca/products/20029236002/b3/en/front/20029236002_front_a06_@2.png 2x" loading="lazy" class="chakra-image css-oguq8l" aria-hidden="true"></div><div class="css-qoklea"><div class="css-12dchmx"></div><div data-testid="price-product-tile" class="css-8atqhb"><p class="chakra-text css-0"><span class="chakra-text css-pwnbcb" data-testid="regular-price"><span class="css-idkz9h">$2.49</span>$2.49</span></p></div><a href="/pomegranate-juice/p/20029236002_EA?source=nspt" class="chakra-linkbox__overlay css-1hnz6hu"><div class="css-0"><p class="chakra-text css-1ecdp9w" data-testid="product-brand">Rubicon</p><h3 class="chakra-heading css-6qrhwc" id="20029236002_EA" data-testid="product-title">Pomegranate Juice</h3><p class="chakra-text css-1yftjin" data-testid="product-package-size">1 l, $0.25/100ml</p></div></a><div class="css-8keand"></div></div><div class="css-1q5omjq"><div class="css-fcebb8"><div data-testid="atc-compact" class="css-y94ivq" style="width: 45px;"><button type="button" class="chakra-button css-mudsm6" data-testid="atc-button"><svg stroke="currentColor" fill="currentColor" stroke-width="0" viewBox="0 0 24 24" focusable="false" class="chakra-icon css-1g3sp7a" data-testid="btn-icon" aria-hidden="true" height="1em" width="1em" xmlns="http://www.w3.org/2000/svg"><path d="M19 13h-6v6h-2v-6H5v-2h6V5h2v6h6v2z"></path></svg><span class="css-idkz9h">Add Pomegranate Juice to cart</span></button></div></div></div></div></div></div><div class="css-0"><div class="css-f5i5wc"><div class="chakra-linkbox css-vhnn8v"><div data-testid="product-image" class="css-16dr4ly"><img alt="Cool Runnings Flavoured Beverage Syrup Pineapple 750 ml, $0.63/100ml" src="https://assets.shop.loblaws.ca/products/21418144/b3/en/front/21418144_front_a06_@2.png" srcset="https://assets.shop.loblaws.ca/products/21418144/b3/en/front/21418144_front_a06_@2.png 1x, https://assets.shop.loblaws.ca/products/21418144/b3/en/front/21418144_front_a06_@2.png 2x" loading="lazy" class="chakra-image css-oguq8l" aria-hidden="true"></div><div class="css-qoklea"><div class="css-12dchmx"></div><div data-testid="price-product-tile" class="css-8atqhb"><p class="chakra-text css-0"><span class="chakra-text css-pwnbcb" data-testid="regular-price"><span class="css-idkz9h">$4.69</span>$4.69</span></p></div><a href="/flavoured-beverage-syrup-pineapple/p/21418144_EA?source=nspt" class="chakra-linkbox__overlay css-1hnz6hu"><div class="css-0"><p class="chakra-text css-1ecdp9w" data-testid="product-brand">Cool Runnings</p><h3 class="chakra-heading css-6qrhwc" id="21418144_EA" data-testid="product-title">Flavoured Beverage Syrup Pineapple</h3><p class="chakra-text css-1yftjin" data-testid="product-package-size">750 ml, $0.63/100ml</p></div></a><div class="css-8keand"></div></div><div class="css-1q5omjq"><div class="css-fcebb8"><div data-testid="atc-compact" class="css-y94ivq" style="width: 45px;"><button type="button" class="chakra-button css-mudsm6" data-testid="atc-button"><svg stroke="currentColor" fill="currentColor" stroke-width="0" viewBox="0 0 24 24" focusable="false" class="chakra-icon css-1g3sp7a" data-testid="btn-icon" aria-hidden="true" height="1em" width="1em" xmlns="http://www.w3.org/2000/svg"><path d="M19 13h-6v6h-2v-6H5v-2h6V5h2v6h6v2z"></path></svg><span class="css-idkz9h">Add Flavoured Beverage Syrup Pineapple to cart</span></button></div></div></div></div></div></div><div class="css-0"><div class="css-f5i5wc"><div class="chakra-linkbox css-vhnn8v"><div data-testid="product-image" class="css-16dr4ly"><img alt="Cool Runnings Flavoured Beverage Syrup Kola Champagne 750 ml, $0.63/100ml" src="https://assets.shop.loblaws.ca/products/21418149/b3/en/front/21418149_front_a06_@2.png" srcset="https://assets.shop.loblaws.ca/products/21418149/b3/en/front/21418149_front_a06_@2.png 1x, https://assets.shop.loblaws.ca/products/21418149/b3/en/front/21418149_front_a06_@2.png 2x" loading="lazy" class="chakra-image css-oguq8l" aria-hidden="true"></div><div class="css-qoklea"><div class="css-12dchmx"></div><div data-testid="price-product-tile" class="css-8atqhb"><p class="chakra-text css-0"><span class="chakra-text css-pwnbcb" data-testid="regular-price"><span class="css-idkz9h">$4.69</span>$4.69</span></p></div><a href="/flavoured-beverage-syrup-kola-champagne/p/21418149_EA?source=nspt" class="chakra-linkbox__overlay css-1hnz6hu"><div class="css-0"><p class="chakra-text css-1ecdp9w" data-testid="product-brand">Cool Runnings</p><h3 class="chakra-heading css-6qrhwc" id="21418149_EA" data-testid="product-title">Flavoured Beverage Syrup Kola Champagne</h3><p class="chakra-text css-1yftjin" data-testid="product-package-size">750 ml, $0.63/100ml</p></div></a><div class="css-8keand"></div></div><div class="css-1q5omjq"><div class="css-fcebb8"><div data-testid="atc-compact" class="css-y94ivq" style="width: 45px;"><button type="button" class="chakra-button css-mudsm6" data-testid="atc-button"><svg stroke="currentColor" fill="currentColor" stroke-width="0" viewBox="0 0 24 24" focusable="false" class="chakra-icon css-1g3sp7a" data-testid="btn-icon" aria-hidden="true" height="1em" width="1em" xmlns="http://www.w3.org/2000/svg"><path d="M19 13h-6v6h-2v-6H5v-2h6V5h2v6h6v2z"></path></svg><span class="css-idkz9h">Add Flavoured Beverage Syrup Kola Champagne to cart</span></button></div></div></div></div></div></div><div class="css-0"><div class="css-f5i5wc"><div class="chakra-linkbox css-vhnn8v"><div data-testid="product-image" class="css-16dr4ly"><img alt="Gatorade Powder Fruit Punch 35 g, $22.83/100g" src="https://assets.shop.loblaws.ca/products/21587473/b3/en/front/21587473_front_a06_@2.png" srcset="https://assets.shop.loblaws.ca/products/21587473/b3/en/front/21587473_front_a06_@2.png 1x, https://assets.shop.loblaws.ca/products/21587473/b3/en/front/21587473_front_a06_@2.png 2x" loading="lazy" class="chakra-image css-oguq8l" aria-hidden="true"></div><div class="css-qoklea"><div class="css-12dchmx"></div><div data-testid="price-product-tile" class="css-8atqhb"><p class="chakra-text css-0"><span class="chakra-text css-pwnbcb" data-testid="regular-price"><span class="css-idkz9h">$7.99</span>$7.99</span></p></div><a href="/powder-fruit-punch/p/21587473_EA?source=nspt" class="chakra-linkbox__overlay css-1hnz6hu"><div class="css-0"><p class="chakra-text css-1ecdp9w" data-testid="product-brand">Gatorade</p><h3 class="chakra-heading css-6qrhwc" id="21587473_EA" data-testid="product-title">Powder Fruit Punch</h3><p class="chakra-text css-1yftjin" data-testid="product-package-size">35 g, $22.83/100g</p></div></a><div class="css-8keand"></div></div><div class="css-1q5omjq"><div class="css-fcebb8"><div data-testid="atc-compact" class="css-y94ivq" style="width: 45px;"><button type="button" class="chakra-button css-mudsm6" data-testid="atc-button"><svg stroke="currentColor" fill="currentColor" stroke-width="0" viewBox="0 0 24 24" focusable="false" class="chakra-icon css-1g3sp7a" data-testid="btn-icon" aria-hidden="true" height="1em" width="1em" xmlns="http://www.w3.org/2000/svg"><path d="M19 13h-6v6h-2v-6H5v-2h6V5h2v6h6v2z"></path></svg><span class="css-idkz9h">Add Powder Fruit Punch to cart</span></button></div></div></div></div></div></div><div class="css-0"><div class="css-f5i5wc"><div class="chakra-linkbox css-vhnn8v"><div data-testid="product-image" class="css-16dr4ly"><img alt="Nestlé Nesquik Chocolate Syrup 1.4 l, $0.93/100ml" src="https://assets.shop.loblaws.ca/products/20998906/b3/en/front/20998906_front_a06_@2.png" srcset="https://assets.shop.loblaws.ca/products/20998906/b3/en/front/20998906_front_a06_@2.png 1x, https://assets.shop.loblaws.ca/products/20998906/b3/en/front/20998906_front_a06_@2.png 2x" loading="lazy" class="chakra-image css-oguq8l" aria-hidden="true"></div><div class="css-qoklea"><div class="css-12dchmx"></div><div data-testid="price-product-tile" class="css-8atqhb"><p class="chakra-text css-0"><span class="chakra-text css-pwnbcb" data-testid="regular-price"><span class="css-idkz9h">$12.99</span>$12.99</span></p></div><a href="/nesquik-chocolate-syrup/p/20998906_EA?source=nspt" class="chakra-linkbox__overlay css-1hnz6hu"><div class="css-0"><p class="chakra-text css-1ecdp9w" data-testid="product-brand">Nestlé</p><h3 class="chakra-heading css-6qrhwc" id="20998906_EA" data-testid="product-title">Nesquik Chocolate Syrup</h3><p class="chakra-text css-1yftjin" data-testid="product-package-size">1.4 l, $0.93/100ml</p></div></a><div class="css-8keand"></div></div><div class="css-1q5omjq"><div class="css-fcebb8"><div data-testid="atc-compact" class="css-y94ivq" style="width: 45px;"><button type="button" class="chakra-button css-mudsm6" data-testid="atc-button"><svg stroke="currentColor" fill="currentColor" stroke-width="0" viewBox="0 0 24 24" focusable="false" class="chakra-icon css-1g3sp7a" data-testid="btn-icon" aria-hidden="true" height="1em" width="1em" xmlns="http://www.w3.org/2000/svg"><path d="M19 13h-6v6h-2v-6H5v-2h6V5h2v6h6v2z"></path></svg><span class="css-idkz9h">Add Nesquik Chocolate Syrup to cart</span></button></div></div></div></div></div></div><div class="css-0"><div class="css-f5i5wc"><div class="chakra-linkbox css-vhnn8v"><div data-testid="product-image" class="css-16dr4ly"><img alt="Dabur Guava Fruit Nectar 1 l, $0.43/100ml" src="https://assets.shop.loblaws.ca/products/21398511/b3/en/front/21398511_front_a06_@2.png" srcset="https://assets.shop.loblaws.ca/products/21398511/b3/en/front/21398511_front_a06_@2.png 1x, https://assets.shop.loblaws.ca/products/21398511/b3/en/front/21398511_front_a06_@2.png 2x" loading="lazy" class="chakra-image css-oguq8l" aria-hidden="true"></div><div class="css-qoklea"><div class="css-12dchmx"></div><div data-testid="price-product-tile" class="css-8atqhb"><p class="chakra-text css-0"><span class="chakra-text css-pwnbcb" data-testid="regular-price"><span class="css-idkz9h">$4.29</span>$4.29</span></p></div><a href="/guava-fruit-nectar/p/21398511_EA?source=nspt" class="chakra-linkbox__overlay css-1hnz6hu"><div class="css-0"><p class="chakra-text css-1ecdp9w" data-testid="product-brand">Dabur</p><h3 class="chakra-heading css-6qrhwc" id="21398511_EA" data-testid="product-title">Guava Fruit Nectar</h3><p class="chakra-text css-1yftjin" data-testid="product-package-size">1 l, $0.43/100ml</p></div></a><div class="css-8keand"></div></div><div class="css-1q5omjq"><div class="css-fcebb8"><div data-testid="atc-compact" class="css-y94ivq" style="width: 45px;"><button type="button" class="chakra-button css-mudsm6" data-testid="atc-button"><svg stroke="currentColor" fill="currentColor" stroke-width="0" viewBox="0 0 24 24" focusable="false" class="chakra-icon css-1g3sp7a" data-testid="btn-icon" aria-hidden="true" height="1em" width="1em" xmlns="http://www.w3.org/2000/svg"><path d="M19 13h-6v6h-2v-6H5v-2h6V5h2v6h6v2z"></path></svg><span class="css-idkz9h">Add Guava Fruit Nectar to cart</span></button></div></div></div></div></div></div></div><div data-testid="product-grid" class="css-epcqr3"><div class="css-0"><div class="css-f5i5wc"><div class="chakra-linkbox css-vhnn8v"><div data-testid="product-image" class="css-16dr4ly"><img alt="Gatorade Zero Powder Orange 35 g, $22.83/100g" src="https://assets.shop.loblaws.ca/products/21589069/b3/en/front/21589069_front_a06_@2.png" srcset="https://assets.shop.loblaws.ca/products/21589069/b3/en/front/21589069_front_a06_@2.png 1x, https://assets.shop.loblaws.ca/products/21589069/b3/en/front/21589069_front_a06_@2.png 2x" loading="lazy" class="chakra-image css-oguq8l" aria-hidden="true"></div><div class="css-qoklea"><div class="css-12dchmx"></div><div data-testid="price-product-tile" class="css-8atqhb"><p class="chakra-text css-0"><span class="chakra-text css-pwnbcb" data-testid="regular-price"><span class="css-idkz9h">$7.99</span>$7.99</span></p></div><a href="/zero-powder-orange/p/21589069_EA?source=nspt" class="chakra-linkbox__overlay css-1hnz6hu"><div class="css-0"><p class="chakra-text css-1ecdp9w" data-testid="product-brand">Gatorade</p><h3 class="chakra-heading css-6qrhwc" id="21589069_EA" data-testid="product-title">Zero Powder Orange</h3><p class="chakra-text css-1yftjin" data-testid="product-package-size">35 g, $22.83/100g</p></div></a><div class="css-8keand"></div></div><div class="css-1q5omjq"><div class="css-fcebb8"><div data-testid="atc-compact" class="css-y94ivq" style="width: 45px;"><button type="button" class="chakra-button css-mudsm6" data-testid="atc-button"><svg stroke="currentColor" fill="currentColor" stroke-width="0" viewBox="0 0 24 24" focusable="false" class="chakra-icon css-1g3sp7a" data-testid="btn-icon" aria-hidden="true" height="1em" width="1em" xmlns="http://www.w3.org/2000/svg"><path d="M19 13h-6v6h-2v-6H5v-2h6V5h2v6h6v2z"></path></svg><span class="css-idkz9h">Add Zero Powder Orange to cart</span></button></div></div></div></div></div></div><div class="css-0"><div class="css-f5i5wc"><div class="chakra-linkbox css-vhnn8v"><div data-testid="product-image" class="css-16dr4ly"><img alt="Country Time Lemonade Drink Mix 2 kg, $0.71/100g" src="https://assets.shop.loblaws.ca/products/20040522/b3/en/front/20040522_front_a06_@2.png" srcset="https://assets.shop.loblaws.ca/products/20040522/b3/en/front/20040522_front_a06_@2.png 1x, https://assets.shop.loblaws.ca/products/20040522/b3/en/front/20040522_front_a06_@2.png 2x" loading="lazy" class="chakra-image css-oguq8l" aria-hidden="true"></div><div class="css-qoklea"><div class="css-12dchmx"></div><div data-testid="price-product-tile" class="css-8atqhb"><p class="chakra-text css-0"><span class="chakra-text css-pwnbcb" data-testid="regular-price"><span class="css-idkz9h">$16.99</span>$16.99</span></p></div><a href="/lemonade-drink-mix/p/20040522_EA?source=nspt" class="chakra-linkbox__overlay css-1hnz6hu"><div class="css-0"><p class="chakra-text css-1ecdp9w" data-testid="product-brand">Country Time</p><h3 class="chakra-heading css-6qrhwc" id="20040522_EA" data-testid="product-title">Lemonade Drink Mix</h3><p class="chakra-text css-1yftjin" data-testid="product-package-size">2 kg, $0.71/100g</p></div></a><div class="css-8keand"></div></div><div class="css-1q5omjq"><div class="css-fcebb8"><div data-testid="atc-compact" class="css-y94ivq" style="width: 45px;"><button type="button" class="chakra-button css-mudsm6" data-testid="atc-button"><svg stroke="currentColor" fill="currentColor" stroke-width="0" viewBox="0 0 24 24" focusable="false" class="chakra-icon css-1g3sp7a" data-testid="btn-icon" aria-hidden="true" height="1em" width="1em" xmlns="http://www.w3.org/2000/svg"><path d="M19 13h-6v6h-2v-6H5v-2h6V5h2v6h6v2z"></path></svg><span class="css-idkz9h">Add Lemonade Drink Mix to cart</span></button></div></div></div></div></div></div><div class="css-0"><div class="css-f5i5wc"><div class="chakra-linkbox css-vhnn8v"><div data-testid="product-image" class="css-16dr4ly"><img alt="Dabur Juice, Green Mango 1 l, $0.43/100ml" src="https://assets.shop.loblaws.ca/products/21399816/b3/en/front/21399816_front_a06_@2.png" srcset="https://assets.shop.loblaws.ca/products/21399816/b3/en/front/21399816_front_a06_@2.png 1x, https://assets.shop.loblaws.ca/products/21399816/b3/en/front/21399816_front_a06_@2.png 2x" loading="lazy" class="chakra-image css-oguq8l" aria-hidden="true"></div><div class="css-qoklea"><div class="css-12dchmx"></div><div data-testid="price-product-tile" class="css-8atqhb"><p class="chakra-text css-0"><span class="chakra-text css-pwnbcb" data-testid="regular-price"><span class="css-idkz9h">$4.29</span>$4.29</span></p></div><a href="/juice-green-mango/p/21399816_EA?source=nspt" class="chakra-linkbox__overlay css-1hnz6hu"><div class="css-0"><p class="chakra-text css-1ecdp9w" data-testid="product-brand">Dabur</p><h3 class="chakra-heading css-6qrhwc" id="21399816_EA" data-testid="product-title">Juice, Green Mango</h3><p class="chakra-text css-1yftjin" data-testid="product-package-size">1 l, $0.43/100ml</p></div></a><div class="css-8keand"></div></div><div class="css-1q5omjq"><div class="css-fcebb8"><div data-testid="atc-compact" class="css-y94ivq" style="width: 45px;"><button type="button" class="chakra-button css-mudsm6" data-testid="atc-button"><svg stroke="currentColor" fill="currentColor" stroke-width="0" viewBox="0 0 24 24" focusable="false" class="chakra-icon css-1g3sp7a" data-testid="btn-icon" aria-hidden="true" height="1em" width="1em" xmlns="http://www.w3.org/2000/svg"><path d="M19 13h-6v6h-2v-6H5v-2h6V5h2v6h6v2z"></path></svg><span class="css-idkz9h">Add Juice, Green Mango to cart</span></button></div></div></div></div></div></div><div class="css-0"><div class="css-f5i5wc"><div class="chakra-linkbox css-vhnn8v"><div data-testid="product-image" class="css-16dr4ly"><img alt="iiCiNG Liquid Beverage Enhancer Root Beer 48 ml, $9.35/100ml" src="https://assets.shop.loblaws.ca/products/21361749/b3/en/front/21361749_front_a06_@2.png" srcset="https://assets.shop.loblaws.ca/products/21361749/b3/en/front/21361749_front_a06_@2.png 1x, https://assets.shop.loblaws.ca/products/21361749/b3/en/front/21361749_front_a06_@2.png 2x" loading="lazy" class="chakra-image css-oguq8l" aria-hidden="true"></div><div class="css-qoklea"><div class="css-12dchmx"></div><div data-testid="price-product-tile" class="css-8atqhb"><p class="chakra-text css-0"><span class="chakra-text css-pwnbcb" data-testid="regular-price"><span class="css-idkz9h">$4.49</span>$4.49</span></p></div><a href="/liquid-beverage-enhancer-root-beer/p/21361749_EA?source=nspt" class="chakra-linkbox__overlay css-1hnz6hu"><div class="css-0"><p class="chakra-text css-1ecdp9w" data-testid="product-brand">iiCiNG</p><h3 class="chakra-heading css-6qrhwc" id="21361749_EA" data-testid="product-title">Liquid Beverage Enhancer Root Beer</h3><p class="chakra-text css-1yftjin" data-testid="product-package-size">48 ml, $9.35/100ml</p></div></a><div class="css-8keand"></div></div><div class="css-1q5omjq"><div class="css-fcebb8"><div data-testid="atc-compact" class="css-y94ivq" style="width: 45px;"><button type="button" class="chakra-button css-mudsm6" data-testid="atc-button"><svg stroke="currentColor" fill="currentColor" stroke-width="0" viewBox="0 0 24 24" focusable="false" class="chakra-icon css-1g3sp7a" data-testid="btn-icon" aria-hidden="true" height="1em" width="1em" xmlns="http://www.w3.org/2000/svg"><path d="M19 13h-6v6h-2v-6H5v-2h6V5h2v6h6v2z"></path></svg><span class="css-idkz9h">Add Liquid Beverage Enhancer Root Beer to cart</span></button></div></div></div></div></div></div><div class="css-0"><div class="css-f5i5wc"><div class="chakra-linkbox css-vhnn8v"><div data-testid="product-image" class="css-16dr4ly"><img alt="Nestlé Milo, Chocolate Flavoured Drink Mix 400 g, $1.25/100g" src="https://assets.shop.loblaws.ca/products/20103042/b3/en/front/20103042_front_a06_@2.png" srcset="https://assets.shop.loblaws.ca/products/20103042/b3/en/front/20103042_front_a06_@2.png 1x, https://assets.shop.loblaws.ca/products/20103042/b3/en/front/20103042_front_a06_@2.png 2x" loading="lazy" class="chakra-image css-oguq8l" aria-hidden="true"></div><div class="css-qoklea"><div class="css-12dchmx"></div><div data-testid="price-product-tile" class="css-8atqhb"><p class="chakra-text css-0"><span class="chakra-text css-o93gbd" data-testid="sale-price"><span class="css-idkz9h">$4.99</span>$4.99</span><span class="chakra-text css-623q5h" data-testid="was-price"><span class="css-idkz9h">$5.49</span>$5.49</span></p><p class="chakra-text css-1m5a6y8" data-testid="price-descriptor">SAVE $0.50</p></div><a href="/milo-chocolate-flavoured-drink-mix/p/20103042_EA?source=nspt" class="chakra-linkbox__overlay css-1hnz6hu"><div class="css-0"><p class="chakra-text css-1ecdp9w" data-testid="product-brand">Nestlé</p><h3 class="chakra-heading css-6qrhwc" id="20103042_EA" data-testid="product-title">Milo, Chocolate Flavoured Drink Mix</h3><p class="chakra-text css-1yftjin" data-testid="product-package-size">400 g, $1.25/100g</p></div></a><div class="css-8keand"></div></div><div class="css-1q5omjq"><div class="css-fcebb8"><div data-testid="atc-compact" class="css-y94ivq" style="width: 45px;"><button type="button" class="chakra-button css-mudsm6" data-testid="atc-button"><svg stroke="currentColor" fill="currentColor" stroke-width="0" viewBox="0 0 24 24" focusable="false" class="chakra-icon css-1g3sp7a" data-testid="btn-icon" aria-hidden="true" height="1em" width="1em" xmlns="http://www.w3.org/2000/svg"><path d="M19 13h-6v6h-2v-6H5v-2h6V5h2v6h6v2z"></path></svg><span class="css-idkz9h">Add Milo, Chocolate Flavoured Drink Mix to cart</span></button></div></div></div></div></div></div><div class="css-0"><div class="css-f5i5wc"><div class="chakra-linkbox css-vhnn8v"><div data-testid="product-image" class="css-16dr4ly"><img alt="No Name Pasteurized Instant Skim Milk Powder 500 g, $1.60/100g" src="https://assets.shop.loblaws.ca/products/20119655/b3/en/front/20119655_front_a06_@2.png" srcset="https://assets.shop.loblaws.ca/products/20119655/b3/en/front/20119655_front_a06_@2.png 1x, https://assets.shop.loblaws.ca/products/20119655/b3/en/front/20119655_front_a06_@2.png 2x" loading="lazy" class="chakra-image css-oguq8l" aria-hidden="true"></div><div class="css-qoklea"><div class="css-12dchmx"></div><div data-testid="price-product-tile" class="css-8atqhb"><p class="chakra-text css-0"><span class="chakra-text css-pwnbcb" data-testid="regular-price"><span class="css-idkz9h">$7.99</span>$7.99</span></p></div><a href="/pasteurized-instant-skim-milk-powder/p/20119655_EA?source=nspt" class="chakra-linkbox__overlay css-1hnz6hu"><div class="css-0"><p class="chakra-text css-1ecdp9w" data-testid="product-brand">No Name</p><h3 class="chakra-heading css-6qrhwc" id="20119655_EA" data-testid="product-title">Pasteurized Instant Skim Milk Powder</h3><p class="chakra-text css-1yftjin" data-testid="product-package-size">500 g, $1.60/100g</p></div></a><div class="css-8keand"></div></div><div class="css-1q5omjq"><div class="css-fcebb8"><div data-testid="atc-compact" class="css-y94ivq" style="width: 45px;"><button type="button" class="chakra-button css-mudsm6" data-testid="atc-button"><svg stroke="currentColor" fill="currentColor" stroke-width="0" viewBox="0 0 24 24" focusable="false" class="chakra-icon css-1g3sp7a" data-testid="btn-icon" aria-hidden="true" height="1em" width="1em" xmlns="http://www.w3.org/2000/svg"><path d="M19 13h-6v6h-2v-6H5v-2h6V5h2v6h6v2z"></path></svg><span class="css-idkz9h">Add Pasteurized Instant Skim Milk Powder to cart</span></button></div></div></div></div></div></div><div class="css-0"><div class="css-f5i5wc"><div class="chakra-linkbox css-vhnn8v"><div data-testid="product-image" class="css-16dr4ly"><img alt="Tang Orange Liquid Drink Mix 48 ml, $6.25/100ml" src="https://assets.shop.loblaws.ca/products/20955642/b3/en/front/20955642_front_a06_@2.png" srcset="https://assets.shop.loblaws.ca/products/20955642/b3/en/front/20955642_front_a06_@2.png 1x, https://assets.shop.loblaws.ca/products/20955642/b3/en/front/20955642_front_a06_@2.png 2x" loading="lazy" class="chakra-image css-oguq8l" aria-hidden="true"></div><div class="css-qoklea"><div class="css-12dchmx"></div><div data-testid="price-product-tile" class="css-8atqhb"><p class="chakra-text css-0"><span class="chakra-text css-pwnbcb" data-testid="regular-price"><span class="css-idkz9h">$3.00</span>$3.00</span></p></div><a href="/orange-liquid-drink-mix/p/20955642_EA?source=nspt" class="chakra-linkbox__overlay css-1hnz6hu"><div class="css-0"><p class="chakra-text css-1ecdp9w" data-testid="product-brand">Tang</p><h3 class="chakra-heading css-6qrhwc" id="20955642_EA" data-testid="product-title">Orange Liquid Drink Mix</h3><p class="chakra-text css-1yftjin" data-testid="product-package-size">48 ml, $6.25/100ml</p></div></a><div class="css-8keand"></div></div><div class="css-1q5omjq"><div class="css-fcebb8"><div data-testid="atc-compact" class="css-y94ivq" style="width: 45px;"><button type="button" class="chakra-button css-mudsm6" data-testid="atc-button"><svg stroke="currentColor" fill="currentColor" stroke-width="0" viewBox="0 0 24 24" focusable="false" class="chakra-icon css-1g3sp7a" data-testid="btn-icon" aria-hidden="true" height="1em" width="1em" xmlns="http://www.w3.org/2000/svg"><path d="M19 13h-6v6h-2v-6H5v-2h6V5h2v6h6v2z"></path></svg><span class="css-idkz9h">Add Orange Liquid Drink Mix to cart</span></button></div></div></div></div></div></div><div class="css-0"><div class="css-f5i5wc"><div class="chakra-linkbox css-vhnn8v"><div data-testid="product-image" class="css-16dr4ly"><img alt="Crystal Light Liquid Drink Mix, Aloha Pineapple Coconut 48 ml, $6.25/100ml" src="https://assets.shop.loblaws.ca/products/20746034003/b3/en/front/20746034003_front_a06_@2.png" srcset="https://assets.shop.loblaws.ca/products/20746034003/b3/en/front/20746034003_front_a06_@2.png 1x, https://assets.shop.loblaws.ca/products/20746034003/b3/en/front/20746034003_front_a06_@2.png 2x" loading="lazy" class="chakra-image css-oguq8l" aria-hidden="true"></div><div class="css-qoklea"><div class="css-12dchmx"></div><div data-testid="price-product-tile" class="css-8atqhb"><p class="chakra-text css-0"><span class="chakra-text css-pwnbcb" data-testid="regular-price"><span class="css-idkz9h">$3.00</span>$3.00</span></p></div><a href="/liquid-drink-mix-aloha-pineapple-coconut/p/20746034003_EA?source=nspt" class="chakra-linkbox__overlay css-1hnz6hu"><div class="css-0"><p class="chakra-text css-1ecdp9w" data-testid="product-brand">Crystal Light</p><h3 class="chakra-heading css-6qrhwc" id="20746034003_EA" data-testid="product-title">Liquid Drink Mix, Aloha Pineapple Coconut</h3><p class="chakra-text css-1yftjin" data-testid="product-package-size">48 ml, $6.25/100ml</p></div></a><div class="css-8keand"></div></div><div class="css-1q5omjq"><div class="css-fcebb8"><div data-testid="atc-compact" class="css-y94ivq" style="width: 45px;"><button type="button" class="chakra-button css-mudsm6" data-testid="atc-button"><svg stroke="currentColor" fill="currentColor" stroke-width="0" viewBox="0 0 24 24" focusable="false" class="chakra-icon css-1g3sp7a" data-testid="btn-icon" aria-hidden="true" height="1em" width="1em" xmlns="http://www.w3.org/2000/svg"><path d="M19 13h-6v6h-2v-6H5v-2h6V5h2v6h6v2z"></path></svg><span class="css-idkz9h">Add Liquid Drink Mix, Aloha Pineapple Coconut to cart</span></button></div></div></div></div></div></div><div class="css-0"><div class="css-f5i5wc"><div class="chakra-linkbox css-vhnn8v"><div data-testid="product-image" class="css-16dr4ly"><img alt="President's Choice Pink Lemonade Liquid Water Enhancer 48 ml, $5.19/100ml" src="https://assets.shop.loblaws.ca/products/20734123002/b3/en/front/20734123002_front_a06_@2.png" srcset="https://assets.shop.loblaws.ca/products/20734123002/b3/en/front/20734123002_front_a06_@2.png 1x, https://assets.shop.loblaws.ca/products/20734123002/b3/en/front/20734123002_front_a06_@2.png 2x" loading="lazy" class="chakra-image css-oguq8l" aria-hidden="true"></div><div class="css-qoklea"><div class="css-12dchmx"></div><div data-testid="price-product-tile" class="css-8atqhb"><p class="chakra-text css-0"><span class="chakra-text css-o93gbd" data-testid="sale-price"><span class="css-idkz9h">$2.49</span>$2.49</span><span class="chakra-text css-623q5h" data-testid="was-price"><span class="css-idkz9h">$2.69</span>$2.69</span></p><p class="chakra-text css-1m5a6y8" data-testid="price-descriptor">SAVE $0.20</p></div><a href="/pink-lemonade-liquid-water-enhancer/p/20734123002_EA?source=nspt" class="chakra-linkbox__overlay css-1hnz6hu"><div class="css-0"><p class="chakra-text css-1ecdp9w" data-testid="product-brand">President's Choice</p><h3 class="chakra-heading css-6qrhwc" id="20734123002_EA" data-testid="product-title">Pink Lemonade Liquid Water Enhancer</h3><p class="chakra-text css-1yftjin" data-testid="product-package-size">48 ml, $5.19/100ml</p></div></a><div class="css-8keand"></div></div><div class="css-1q5omjq"><div class="css-fcebb8"><div data-testid="atc-compact" class="css-y94ivq" style="width: 45px;"><button type="button" class="chakra-button css-mudsm6" data-testid="atc-button"><svg stroke="currentColor" fill="currentColor" stroke-width="0" viewBox="0 0 24 24" focusable="false" class="chakra-icon css-1g3sp7a" data-testid="btn-icon" aria-hidden="true" height="1em" width="1em" xmlns="http://www.w3.org/2000/svg"><path d="M19 13h-6v6h-2v-6H5v-2h6V5h2v6h6v2z"></path></svg><span class="css-idkz9h">Add Pink Lemonade Liquid Water Enhancer to cart</span></button></div></div></div></div></div></div><div class="css-0"><div class="css-f5i5wc"><div class="chakra-linkbox css-vhnn8v"><div data-testid="product-image" class="css-16dr4ly"><img alt="Crystal Light Singles, Raspberry Peach 54 g, $5.56/100g" src="https://assets.shop.loblaws.ca/products/20308459001/b3/en/front/20308459001_front_a06_@2.png" srcset="https://assets.shop.loblaws.ca/products/20308459001/b3/en/front/20308459001_front_a06_@2.png 1x, https://assets.shop.loblaws.ca/products/20308459001/b3/en/front/20308459001_front_a06_@2.png 2x" loading="lazy" class="chakra-image css-oguq8l" aria-hidden="true"></div><div class="css-qoklea"><div class="css-12dchmx"></div><div data-testid="price-product-tile" class="css-8atqhb"><p class="chakra-text css-0"><span class="chakra-text css-pwnbcb" data-testid="regular-price"><span class="css-idkz9h">$3.00</span>$3.00</span></p></div><a href="/singles-raspberry-peach/p/20308459001_EA?source=nspt" class="chakra-linkbox__overlay css-1hnz6hu"><div class="css-0"><p class="chakra-text css-1ecdp9w" data-testid="product-brand">Crystal Light</p><h3 class="chakra-heading css-6qrhwc" id="20308459001_EA" data-testid="product-title">Singles, Raspberry Peach</h3><p class="chakra-text css-1yftjin" data-testid="product-package-size">54 g, $5.56/100g</p></div></a><div class="css-8keand"></div></div><div class="css-1q5omjq"><div class="css-fcebb8"><div data-testid="atc-compact" class="css-y94ivq" style="width: 45px;"><button type="button" class="chakra-button css-mudsm6" data-testid="atc-button"><svg stroke="currentColor" fill="currentColor" stroke-width="0" viewBox="0 0 24 24" focusable="false" class="chakra-icon css-1g3sp7a" data-testid="btn-icon" aria-hidden="true" height="1em" width="1em" xmlns="http://www.w3.org/2000/svg"><path d="M19 13h-6v6h-2v-6H5v-2h6V5h2v6h6v2z"></path></svg><span class="css-idkz9h">Add Singles, Raspberry Peach to cart</span></button></div></div></div></div></div></div><div class="css-0"><div class="css-f5i5wc"><div class="chakra-linkbox css-vhnn8v"><div data-testid="product-image" class="css-16dr4ly"><img alt="MiO Cranberry Raspberry Liquid Water Enhancer 48 ml, $6.25/100ml" src="https://assets.shop.loblaws.ca/products/20746192001/b3/en/front/20746192001_front_a06_@2.png" srcset="https://assets.shop.loblaws.ca/products/20746192001/b3/en/front/20746192001_front_a06_@2.png 1x, https://assets.shop.loblaws.ca/products/20746192001/b3/en/front/20746192001_front_a06_@2.png 2x" loading="lazy" class="chakra-image css-oguq8l" aria-hidden="true"></div><div class="css-qoklea"><div class="css-12dchmx"></div><div data-testid="price-product-tile" class="css-8atqhb"><p class="chakra-text css-0"><span class="chakra-text css-pwnbcb" data-testid="regular-price"><span class="css-idkz9h">$3.00</span>$3.00</span></p></div><a href="/cranberry-raspberry-liquid-water-enhancer/p/20746192001_EA?source=nspt" class="chakra-linkbox__overlay css-1hnz6hu"><div class="css-0"><p class="chakra-text css-1ecdp9w" data-testid="product-brand">MiO</p><h3 class="chakra-heading css-6qrhwc" id="20746192001_EA" data-testid="product-title">Cranberry Raspberry Liquid Water Enhancer</h3><p class="chakra-text css-1yftjin" data-testid="product-package-size">48 ml, $6.25/100ml</p></div></a><div class="css-8keand"></div></div><div class="css-1q5omjq"><div class="css-fcebb8"><div data-testid="atc-compact" class="css-y94ivq" style="width: 45px;"><button type="button" class="chakra-button css-mudsm6" data-testid="atc-button"><svg stroke="currentColor" fill="currentColor" stroke-width="0" viewBox="0 0 24 24" focusable="false" class="chakra-icon css-1g3sp7a" data-testid="btn-icon" aria-hidden="true" height="1em" width="1em" xmlns="http://www.w3.org/2000/svg"><path d="M19 13h-6v6h-2v-6H5v-2h6V5h2v6h6v2z"></path></svg><span class="css-idkz9h">Add Cranberry Raspberry Liquid Water Enhancer to cart</span></button></div></div></div></div></div></div><div class="css-0"><div class="css-f5i5wc"><div class="chakra-linkbox css-vhnn8v"><div data-testid="product-image" class="css-16dr4ly"><img alt="President's Choice Lemonade Liquid Water Enhancer 48 ml, $5.19/100ml" src="https://assets.shop.loblaws.ca/products/21080964/b3/en/front/21080964_front_a06_@2.png" srcset="https://assets.shop.loblaws.ca/products/21080964/b3/en/front/21080964_front_a06_@2.png 1x, https://assets.shop.loblaws.ca/products/21080964/b3/en/front/21080964_front_a06_@2.png 2x" loading="lazy" class="chakra-image css-oguq8l" aria-hidden="true"></div><div class="css-qoklea"><div class="css-12dchmx"></div><div data-testid="price-product-tile" class="css-8atqhb"><p class="chakra-text css-0"><span class="chakra-text css-o93gbd" data-testid="sale-price"><span class="css-idkz9h">$2.49</span>$2.49</span><span class="chakra-text css-623q5h" data-testid="was-price"><span class="css-idkz9h">$2.69</span>$2.69</span></p><p class="chakra-text css-1m5a6y8" data-testid="price-descriptor">SAVE $0.20</p></div><a href="/lemonade-liquid-water-enhancer/p/21080964_EA?source=nspt" class="chakra-linkbox__overlay css-1hnz6hu"><div class="css-0"><p class="chakra-text css-1ecdp9w" data-testid="product-brand">President's Choice</p><h3 class="chakra-heading css-6qrhwc" id="21080964_EA" data-testid="product-title">Lemonade Liquid Water Enhancer</h3><p class="chakra-text css-1yftjin" data-testid="product-package-size">48 ml, $5.19/100ml</p></div></a><div class="css-8keand"></div></div><div class="css-1q5omjq"><div class="css-fcebb8"><div data-testid="atc-compact" class="css-y94ivq" style="width: 45px;"><button type="button" class="chakra-button css-mudsm6" data-testid="atc-button"><svg stroke="currentColor" fill="currentColor" stroke-width="0" viewBox="0 0 24 24" focusable="false" class="chakra-icon css-1g3sp7a" data-testid="btn-icon" aria-hidden="true" height="1em" width="1em" xmlns="http://www.w3.org/2000/svg"><path d="M19 13h-6v6h-2v-6H5v-2h6V5h2v6h6v2z"></path></svg><span class="css-idkz9h">Add Lemonade Liquid Water Enhancer to cart</span></button></div></div></div></div></div></div><div class="css-0"><div class="css-f5i5wc"><div class="chakra-linkbox css-vhnn8v"><div data-testid="product-image" class="css-16dr4ly"><img alt="No Name Chocolate Syrup 700 ml, $0.57/100ml" src="https://assets.shop.loblaws.ca/products/20430788/b3/en/front/20430788_front_a06_@2.png" srcset="https://assets.shop.loblaws.ca/products/20430788/b3/en/front/20430788_front_a06_@2.png 1x, https://assets.shop.loblaws.ca/products/20430788/b3/en/front/20430788_front_a06_@2.png 2x" loading="lazy" class="chakra-image css-oguq8l" aria-hidden="true"></div><div class="css-qoklea"><div class="css-12dchmx"></div><div data-testid="price-product-tile" class="css-8atqhb"><p class="chakra-text css-0"><span class="chakra-text css-pwnbcb" data-testid="regular-price"><span class="css-idkz9h">$3.99</span>$3.99</span></p></div><a href="/chocolate-syrup/p/20430788_EA?source=nspt" class="chakra-linkbox__overlay css-1hnz6hu"><div class="css-0"><p class="chakra-text css-1ecdp9w" data-testid="product-brand">No Name</p><h3 class="chakra-heading css-6qrhwc" id="20430788_EA" data-testid="product-title">Chocolate Syrup</h3><p class="chakra-text css-1yftjin" data-testid="product-package-size">700 ml, $0.57/100ml</p></div></a><div class="css-8keand"></div></div><div class="css-1q5omjq"><div class="css-fcebb8"><div data-testid="atc-compact" class="css-y94ivq" style="width: 45px;"><button type="button" class="chakra-button css-mudsm6" data-testid="atc-button"><svg stroke="currentColor" fill="currentColor" stroke-width="0" viewBox="0 0 24 24" focusable="false" class="chakra-icon css-1g3sp7a" data-testid="btn-icon" aria-hidden="true" height="1em" width="1em" xmlns="http://www.w3.org/2000/svg"><path d="M19 13h-6v6h-2v-6H5v-2h6V5h2v6h6v2z"></path></svg><span class="css-idkz9h">Add Chocolate Syrup to cart</span></button></div></div></div></div></div></div><div class="css-0"><div class="css-f5i5wc"><div class="chakra-linkbox css-vhnn8v"><div data-testid="product-image" class="css-16dr4ly"><img alt="Splenda Mandarin Orange Liquid Water Enhancer 92 ml, $5.97/100ml" src="https://assets.shop.loblaws.ca/products/21520609/b3/en/front/21520609_front_a06_@2.png" srcset="https://assets.shop.loblaws.ca/products/21520609/b3/en/front/21520609_front_a06_@2.png 1x, https://assets.shop.loblaws.ca/products/21520609/b3/en/front/21520609_front_a06_@2.png 2x" loading="lazy" class="chakra-image css-oguq8l" aria-hidden="true"></div><div class="css-qoklea"><div class="css-12dchmx"></div><div data-testid="price-product-tile" class="css-8atqhb"><p class="chakra-text css-0"><span class="chakra-text css-pwnbcb" data-testid="regular-price"><span class="css-idkz9h">$5.49</span>$5.49</span></p></div><a href="/mandarin-orange-liquid-water-enhancer/p/21520609_EA?source=nspt" class="chakra-linkbox__overlay css-1hnz6hu"><div class="css-0"><p class="chakra-text css-1ecdp9w" data-testid="product-brand">Splenda</p><h3 class="chakra-heading css-6qrhwc" id="21520609_EA" data-testid="product-title">Mandarin Orange Liquid Water Enhancer</h3><p class="chakra-text css-1yftjin" data-testid="product-package-size">92 ml, $5.97/100ml</p></div></a><div class="css-8keand"></div></div><div class="css-1q5omjq"><div class="css-fcebb8"><div data-testid="atc-compact" class="css-y94ivq" style="width: 45px;"><button type="button" class="chakra-button css-mudsm6" data-testid="atc-button"><svg stroke="currentColor" fill="currentColor" stroke-width="0" viewBox="0 0 24 24" focusable="false" class="chakra-icon css-1g3sp7a" data-testid="btn-icon" aria-hidden="true" height="1em" width="1em" xmlns="http://www.w3.org/2000/svg"><path d="M19 13h-6v6h-2v-6H5v-2h6V5h2v6h6v2z"></path></svg><span class="css-idkz9h">Add Mandarin Orange Liquid Water Enhancer to cart</span></button></div></div></div></div></div></div><div class="css-0"><div class="css-f5i5wc"><div class="chakra-linkbox css-vhnn8v"><div data-testid="product-image" class="css-16dr4ly"><img alt="Paper Boat Lychee 180 ml, $0.83/100ml" src="https://assets.shop.loblaws.ca/products/21455113/b3/en/front/21455113_front_a06_@2.png" srcset="https://assets.shop.loblaws.ca/products/21455113/b3/en/front/21455113_front_a06_@2.png 1x, https://assets.shop.loblaws.ca/products/21455113/b3/en/front/21455113_front_a06_@2.png 2x" loading="lazy" class="chakra-image css-oguq8l" aria-hidden="true"></div><div class="css-qoklea"><div class="css-12dchmx"></div><div data-testid="price-product-tile" class="css-8atqhb"><p class="chakra-text css-0"><span class="chakra-text css-pwnbcb" data-testid="regular-price"><span class="css-idkz9h">$1.49</span>$1.49</span></p></div><a href="/lychee/p/21455113_EA?source=nspt" class="chakra-linkbox__overlay css-1hnz6hu"><div class="css-0"><p class="chakra-text css-1ecdp9w" data-testid="product-brand">Paper Boat</p><h3 class="chakra-heading css-6qrhwc" id="21455113_EA" data-testid="product-title">Lychee</h3><p class="chakra-text css-1yftjin" data-testid="product-package-size">180 ml, $0.83/100ml</p></div></a><div class="css-8keand"></div></div><div class="css-1q5omjq"><div class="css-fcebb8"><div data-testid="atc-compact" class="css-y94ivq" style="width: 45px;"><button type="button" class="chakra-button css-mudsm6" data-testid="atc-button"><svg stroke="currentColor" fill="currentColor" stroke-width="0" viewBox="0 0 24 24" focusable="false" class="chakra-icon css-1g3sp7a" data-testid="btn-icon" aria-hidden="true" height="1em" width="1em" xmlns="http://www.w3.org/2000/svg"><path d="M19 13h-6v6h-2v-6H5v-2h6V5h2v6h6v2z"></path></svg><span class="css-idkz9h">Add Lychee to cart</span></button></div></div></div></div></div></div><div class="css-0"><div class="css-f5i5wc"><div class="chakra-linkbox css-vhnn8v"><div data-testid="product-image" class="css-16dr4ly"><img alt="Carnation 2% Evaporated Partly Skimmed Milk 354 ml, $0.70/100ml" src="https://assets.shop.loblaws.ca/products/20896812/b3/en/front/20896812_front_a06_@2.png" srcset="https://assets.shop.loblaws.ca/products/20896812/b3/en/front/20896812_front_a06_@2.png 1x, https://assets.shop.loblaws.ca/products/20896812/b3/en/front/20896812_front_a06_@2.png 2x" loading="lazy" class="chakra-image css-oguq8l" aria-hidden="true"></div><div class="css-qoklea"><div class="css-12dchmx"></div><div data-testid="price-product-tile" class="css-8atqhb"><p class="chakra-text css-0"><span class="chakra-text css-pwnbcb" data-testid="regular-price"><span class="css-idkz9h">$2.49</span>$2.49</span></p></div><a href="/2-evaporated-partly-skimmed-milk/p/20896812_EA?source=nspt" class="chakra-linkbox__overlay css-1hnz6hu"><div class="css-0"><p class="chakra-text css-1ecdp9w" data-testid="product-brand">Carnation</p><h3 class="chakra-heading css-6qrhwc" id="20896812_EA" data-testid="product-title">2% Evaporated Partly Skimmed Milk</h3><p class="chakra-text css-1yftjin" data-testid="product-package-size">354 ml, $0.70/100ml</p></div></a><div class="css-8keand"></div></div><div class="css-1q5omjq"><div class="css-fcebb8"><div data-testid="atc-compact" class="css-y94ivq" style="width: 45px;"><button type="button" class="chakra-button css-mudsm6" data-testid="atc-button"><svg stroke="currentColor" fill="currentColor" stroke-width="0" viewBox="0 0 24 24" focusable="false" class="chakra-icon css-1g3sp7a" data-testid="btn-icon" aria-hidden="true" height="1em" width="1em" xmlns="http://www.w3.org/2000/svg"><path d="M19 13h-6v6h-2v-6H5v-2h6V5h2v6h6v2z"></path></svg><span class="css-idkz9h">Add 2% Evaporated Partly Skimmed Milk to cart</span></button></div></div></div></div></div></div><div class="css-0"><div class="css-f5i5wc"><div class="chakra-linkbox css-vhnn8v"><div data-testid="product-image" class="css-16dr4ly"><img alt="Eagle Brand Brand Dulce De Leche Sweetened Condensed Milk 300 ml, $1.33/100ml" src="https://assets.shop.loblaws.ca/products/21012627/b3/en/front/21012627_front_a06_@2.png" srcset="https://assets.shop.loblaws.ca/products/21012627/b3/en/front/21012627_front_a06_@2.png 1x, https://assets.shop.loblaws.ca/products/21012627/b3/en/front/21012627_front_a06_@2.png 2x" loading="lazy" class="chakra-image css-oguq8l" aria-hidden="true"></div><div class="css-qoklea"><div class="css-12dchmx"></div><div data-testid="price-product-tile" class="css-8atqhb"><p class="chakra-text css-0"><span class="chakra-text css-pwnbcb" data-testid="regular-price"><span class="css-idkz9h">$3.99</span>$3.99</span></p></div><a href="/brand-dulce-de-leche-sweetened-condensed-milk/p/21012627_EA?source=nspt" class="chakra-linkbox__overlay css-1hnz6hu"><div class="css-0"><p class="chakra-text css-1ecdp9w" data-testid="product-brand">Eagle Brand</p><h3 class="chakra-heading css-6qrhwc" id="21012627_EA" data-testid="product-title">Brand Dulce De Leche Sweetened Condensed Milk</h3><p class="chakra-text css-1yftjin" data-testid="product-package-size">300 ml, $1.33/100ml</p></div></a><div class="css-8keand"></div></div><div class="css-1q5omjq"><div class="css-fcebb8"><div data-testid="atc-compact" class="css-y94ivq" style="width: 45px;"><button type="button" class="chakra-button css-mudsm6" data-testid="atc-button"><svg stroke="currentColor" fill="currentColor" stroke-width="0" viewBox="0 0 24 24" focusable="false" class="chakra-icon css-1g3sp7a" data-testid="btn-icon" aria-hidden="true" height="1em" width="1em" xmlns="http://www.w3.org/2000/svg"><path d="M19 13h-6v6h-2v-6H5v-2h6V5h2v6h6v2z"></path></svg><span class="css-idkz9h">Add Brand Dulce De Leche Sweetened Condensed Milk to cart</span></button></div></div></div></div></div></div><div class="css-0"><div class="css-f5i5wc"><div class="chakra-linkbox css-vhnn8v"><div data-testid="product-image" class="css-16dr4ly"><img alt="President's Choice Plant Based Sweetened Condensed Coconut Milk 250 ml, $1.20/100ml" src="https://assets.shop.loblaws.ca/products/21386697/b3/en/front/21386697_front_a06_@2.png" srcset="https://assets.shop.loblaws.ca/products/21386697/b3/en/front/21386697_front_a06_@2.png 1x, https://assets.shop.loblaws.ca/products/21386697/b3/en/front/21386697_front_a06_@2.png 2x" loading="lazy" class="chakra-image css-oguq8l" aria-hidden="true"></div><div class="css-qoklea"><div class="css-12dchmx"></div><div data-testid="price-product-tile" class="css-8atqhb"><p class="chakra-text css-0"><span class="chakra-text css-pwnbcb" data-testid="regular-price"><span class="css-idkz9h">$2.99</span>$2.99</span></p></div><a href="/plant-based-sweetened-condensed-coconut-milk/p/21386697_EA?source=nspt" class="chakra-linkbox__overlay css-1hnz6hu"><div class="css-0"><p class="chakra-text css-1ecdp9w" data-testid="product-brand">President's Choice</p><h3 class="chakra-heading css-6qrhwc" id="21386697_EA" data-testid="product-title">Plant Based Sweetened Condensed Coconut Milk</h3><p class="chakra-text css-1yftjin" data-testid="product-package-size">250 ml, $1.20/100ml</p></div></a><div class="css-8keand"></div></div><div class="css-1q5omjq"><div class="css-fcebb8"><div data-testid="atc-compact" class="css-y94ivq" style="width: 45px;"><button type="button" class="chakra-button css-mudsm6" data-testid="atc-button"><svg stroke="currentColor" fill="currentColor" stroke-width="0" viewBox="0 0 24 24" focusable="false" class="chakra-icon css-1g3sp7a" data-testid="btn-icon" aria-hidden="true" height="1em" width="1em" xmlns="http://www.w3.org/2000/svg"><path d="M19 13h-6v6h-2v-6H5v-2h6V5h2v6h6v2z"></path></svg><span class="css-idkz9h">Add Plant Based Sweetened Condensed Coconut Milk to cart</span></button></div></div></div></div></div></div><div class="css-0"><div class="css-f5i5wc"><div class="chakra-linkbox css-vhnn8v"><div data-testid="product-image" class="css-16dr4ly"><img alt="Splenda Liquid Water Enhancer Drops, Strawberry Watermelon Flavor, Sugar Free Concentrated Drink Mix 92 ml, $5.97/100ml" src="https://assets.shop.loblaws.ca/products/21521713/b3/en/front/21521713_front_a06_@2.png" srcset="https://assets.shop.loblaws.ca/products/21521713/b3/en/front/21521713_front_a06_@2.png 1x, https://assets.shop.loblaws.ca/products/21521713/b3/en/front/21521713_front_a06_@2.png 2x" loading="lazy" class="chakra-image css-oguq8l" aria-hidden="true"></div><div class="css-qoklea"><div class="css-12dchmx"></div><div data-testid="price-product-tile" class="css-8atqhb"><p class="chakra-text css-0"><span class="chakra-text css-pwnbcb" data-testid="regular-price"><span class="css-idkz9h">$5.49</span>$5.49</span></p></div><a href="/liquid-water-enhancer-drops-strawberry-watermelon/p/21521713_EA?source=nspt" class="chakra-linkbox__overlay css-1hnz6hu"><div class="css-0"><p class="chakra-text css-1ecdp9w" data-testid="product-brand">Splenda</p><h3 class="chakra-heading css-6qrhwc" id="21521713_EA" data-testid="product-title">Liquid Water Enhancer Drops, Strawberry Watermelon Flavor, Sugar Free Concentrated Drink Mix</h3><p class="chakra-text css-1yftjin" data-testid="product-package-size">92 ml, $5.97/100ml</p></div></a><div class="css-8keand"></div></div><div class="css-1q5omjq"><div class="css-fcebb8"><div data-testid="atc-compact" class="css-y94ivq" style="width: 45px;"><button type="button" class="chakra-button css-mudsm6" data-testid="atc-button"><svg stroke="currentColor" fill="currentColor" stroke-width="0" viewBox="0 0 24 24" focusable="false" class="chakra-icon css-1g3sp7a" data-testid="btn-icon" aria-hidden="true" height="1em" width="1em" xmlns="http://www.w3.org/2000/svg"><path d="M19 13h-6v6h-2v-6H5v-2h6V5h2v6h6v2z"></path></svg><span class="css-idkz9h">Add Liquid Water Enhancer Drops, Strawberry Watermelon Flavor, Sugar Free Concentrated Drink Mix to cart</span></button></div></div></div></div></div></div><div class="css-0"><div class="css-f5i5wc"><div class="chakra-linkbox css-vhnn8v"><div data-testid="product-image" class="css-16dr4ly"><img alt="Tang's Orange Drink Mix 2 kg, $0.55/100g" src="https://assets.shop.loblaws.ca/products/20171118/b3/en/front/20171118_front_a06_@2.png" srcset="https://assets.shop.loblaws.ca/products/20171118/b3/en/front/20171118_front_a06_@2.png 1x, https://assets.shop.loblaws.ca/products/20171118/b3/en/front/20171118_front_a06_@2.png 2x" loading="lazy" class="chakra-image css-oguq8l" aria-hidden="true"></div><div class="css-qoklea"><div class="css-12dchmx"></div><div data-testid="price-product-tile" class="css-8atqhb"><p class="chakra-text css-0"><span class="chakra-text css-pwnbcb" data-testid="regular-price"><span class="css-idkz9h">$11.99</span>$11.99</span></p></div><a href="/orange-drink-mix/p/20171118_EA?source=nspt" class="chakra-linkbox__overlay css-1hnz6hu"><div class="css-0"><p class="chakra-text css-1ecdp9w" data-testid="product-brand">Tang's</p><h3 class="chakra-heading css-6qrhwc" id="20171118_EA" data-testid="product-title">Orange Drink Mix</h3><p class="chakra-text css-1yftjin" data-testid="product-package-size">2 kg, $0.55/100g</p></div></a><div class="css-8keand"></div></div><div class="css-1q5omjq"><div class="css-fcebb8"><div data-testid="atc-compact" class="css-y94ivq" style="width: 45px;"><button type="button" class="chakra-button css-mudsm6" data-testid="atc-button"><svg stroke="currentColor" fill="currentColor" stroke-width="0" viewBox="0 0 24 24" focusable="false" class="chakra-icon css-1g3sp7a" data-testid="btn-icon" aria-hidden="true" height="1em" width="1em" xmlns="http://www.w3.org/2000/svg"><path d="M19 13h-6v6h-2v-6H5v-2h6V5h2v6h6v2z"></path></svg><span class="css-idkz9h">Add Orange Drink Mix to cart</span></button></div></div></div></div></div></div><div class="css-0"><div class="css-f5i5wc"><div class="chakra-linkbox css-vhnn8v"><div data-testid="product-image" class="css-16dr4ly"><img alt="UFC Refresh 100% Coconut Water 500 ml, $0.46/100ml" src="https://assets.shop.loblaws.ca/products/20881151/b3/en/front/20881151_front_a06_@2.png" srcset="https://assets.shop.loblaws.ca/products/20881151/b3/en/front/20881151_front_a06_@2.png 1x, https://assets.shop.loblaws.ca/products/20881151/b3/en/front/20881151_front_a06_@2.png 2x" loading="lazy" class="chakra-image css-oguq8l" aria-hidden="true"></div><div class="css-qoklea"><div class="css-12dchmx"></div><div data-testid="price-product-tile" class="css-8atqhb"><p class="chakra-text css-0"><span class="chakra-text css-pwnbcb" data-testid="regular-price"><span class="css-idkz9h">$2.29</span>$2.29</span></p></div><a href="/refresh-100-coconut-water/p/20881151_EA?source=nspt" class="chakra-linkbox__overlay css-1hnz6hu"><div class="css-0"><p class="chakra-text css-1ecdp9w" data-testid="product-brand">UFC</p><h3 class="chakra-heading css-6qrhwc" id="20881151_EA" data-testid="product-title">Refresh 100% Coconut Water</h3><p class="chakra-text css-1yftjin" data-testid="product-package-size">500 ml, $0.46/100ml</p></div></a><div class="css-8keand"></div></div><div class="css-1q5omjq"><div class="css-fcebb8"><div data-testid="atc-compact" class="css-y94ivq" style="width: 45px;"><button type="button" class="chakra-button css-mudsm6" data-testid="atc-button"><svg stroke="currentColor" fill="currentColor" stroke-width="0" viewBox="0 0 24 24" focusable="false" class="chakra-icon css-1g3sp7a" data-testid="btn-icon" aria-hidden="true" height="1em" width="1em" xmlns="http://www.w3.org/2000/svg"><path d="M19 13h-6v6h-2v-6H5v-2h6V5h2v6h6v2z"></path></svg><span class="css-idkz9h">Add Refresh 100% Coconut Water to cart</span></button></div></div></div></div></div></div><div class="css-0"><div class="css-f5i5wc"><div class="chakra-linkbox css-vhnn8v"><div data-testid="product-image" class="css-16dr4ly"><img alt="President's Choice Lemonade Liquid Water Enhancer, Club Size 92 ml, $5.42/100ml" src="https://assets.shop.loblaws.ca/products/21507667/b3/en/front/21507667_front_a06_@2.png" srcset="https://assets.shop.loblaws.ca/products/21507667/b3/en/front/21507667_front_a06_@2.png 1x, https://assets.shop.loblaws.ca/products/21507667/b3/en/front/21507667_front_a06_@2.png 2x" loading="lazy" class="chakra-image css-oguq8l" aria-hidden="true"></div><div class="css-qoklea"><div class="css-12dchmx"></div><div data-testid="price-product-tile" class="css-8atqhb"><p class="chakra-text css-0"><span class="chakra-text css-pwnbcb" data-testid="regular-price"><span class="css-idkz9h">$4.99</span>$4.99</span></p></div><a href="/lemonade-liquid-water-enhancer-club-size/p/21507667_EA?source=nspt" class="chakra-linkbox__overlay css-1hnz6hu"><div class="css-0"><p class="chakra-text css-1ecdp9w" data-testid="product-brand">President's Choice</p><h3 class="chakra-heading css-6qrhwc" id="21507667_EA" data-testid="product-title">Lemonade Liquid Water Enhancer, Club Size</h3><p class="chakra-text css-1yftjin" data-testid="product-package-size">92 ml, $5.42/100ml</p></div></a><div class="css-8keand"></div></div><div class="css-1q5omjq"><div class="css-fcebb8"><div data-testid="atc-compact" class="css-y94ivq" style="width: 45px;"><button type="button" class="chakra-button css-mudsm6" data-testid="atc-button"><svg stroke="currentColor" fill="currentColor" stroke-width="0" viewBox="0 0 24 24" focusable="false" class="chakra-icon css-1g3sp7a" data-testid="btn-icon" aria-hidden="true" height="1em" width="1em" xmlns="http://www.w3.org/2000/svg"><path d="M19 13h-6v6h-2v-6H5v-2h6V5h2v6h6v2z"></path></svg><span class="css-idkz9h">Add Lemonade Liquid Water Enhancer, Club Size to cart</span></button></div></div></div></div></div></div><div class="css-0"><div class="css-f5i5wc"><div class="chakra-linkbox css-vhnn8v"><div data-testid="product-image" class="css-16dr4ly"><img alt="President's Choice Watermelon Strawberry Liquid Water Enhancer 48 ml, $5.19/100ml" src="https://assets.shop.loblaws.ca/products/21080963/b3/en/front/21080963_front_a06_@2.png" srcset="https://assets.shop.loblaws.ca/products/21080963/b3/en/front/21080963_front_a06_@2.png 1x, https://assets.shop.loblaws.ca/products/21080963/b3/en/front/21080963_front_a06_@2.png 2x" loading="lazy" class="chakra-image css-oguq8l" aria-hidden="true"></div><div class="css-qoklea"><div class="css-12dchmx"></div><div data-testid="price-product-tile" class="css-8atqhb"><p class="chakra-text css-0"><span class="chakra-text css-o93gbd" data-testid="sale-price"><span class="css-idkz9h">$2.49</span>$2.49</span><span class="chakra-text css-623q5h" data-testid="was-price"><span class="css-idkz9h">$2.69</span>$2.69</span></p><p class="chakra-text css-1m5a6y8" data-testid="price-descriptor">SAVE $0.20</p></div><a href="/watermelon-strawberry-liquid-water-enhancer/p/21080963_EA?source=nspt" class="chakra-linkbox__overlay css-1hnz6hu"><div class="css-0"><p class="chakra-text css-1ecdp9w" data-testid="product-brand">President's Choice</p><h3 class="chakra-heading css-6qrhwc" id="21080963_EA" data-testid="product-title">Watermelon Strawberry Liquid Water Enhancer</h3><p class="chakra-text css-1yftjin" data-testid="product-package-size">48 ml, $5.19/100ml</p></div></a><div class="css-8keand"></div></div><div class="css-1q5omjq"><div class="css-fcebb8"><div data-testid="atc-compact" class="css-y94ivq" style="width: 45px;"><button type="button" class="chakra-button css-mudsm6" data-testid="atc-button"><svg stroke="currentColor" fill="currentColor" stroke-width="0" viewBox="0 0 24 24" focusable="false" class="chakra-icon css-1g3sp7a" data-testid="btn-icon" aria-hidden="true" height="1em" width="1em" xmlns="http://www.w3.org/2000/svg"><path d="M19 13h-6v6h-2v-6H5v-2h6V5h2v6h6v2z"></path></svg><span class="css-idkz9h">Add Watermelon Strawberry Liquid Water Enhancer to cart</span></button></div></div></div></div></div></div><div class="css-0"><div class="css-f5i5wc"><div class="chakra-linkbox css-vhnn8v"><div data-testid="product-image" class="css-16dr4ly"><img alt="MiO Lemonade Drink Mix 40 g, $7.50/100g" src="https://assets.shop.loblaws.ca/products/21589332/b3/en/front/21589332_front_a06_@2.png" srcset="https://assets.shop.loblaws.ca/products/21589332/b3/en/front/21589332_front_a06_@2.png 1x, https://assets.shop.loblaws.ca/products/21589332/b3/en/front/21589332_front_a06_@2.png 2x" loading="lazy" class="chakra-image css-oguq8l" aria-hidden="true"></div><div class="css-qoklea"><div class="css-12dchmx"></div><div data-testid="price-product-tile" class="css-8atqhb"><p class="chakra-text css-0"><span class="chakra-text css-pwnbcb" data-testid="regular-price"><span class="css-idkz9h">$3.00</span>$3.00</span></p></div><a href="/lemonade-drink-mix/p/21589332_EA?source=nspt" class="chakra-linkbox__overlay css-1hnz6hu"><div class="css-0"><p class="chakra-text css-1ecdp9w" data-testid="product-brand">MiO</p><h3 class="chakra-heading css-6qrhwc" id="21589332_EA" data-testid="product-title">Lemonade Drink Mix</h3><p class="chakra-text css-1yftjin" data-testid="product-package-size">40 g, $7.50/100g</p></div></a><div class="css-8keand"></div></div><div class="css-1q5omjq"><div class="css-fcebb8"><div data-testid="atc-compact" class="css-y94ivq" style="width: 45px;"><button type="button" class="chakra-button css-mudsm6" data-testid="atc-button"><svg stroke="currentColor" fill="currentColor" stroke-width="0" viewBox="0 0 24 24" focusable="false" class="chakra-icon css-1g3sp7a" data-testid="btn-icon" aria-hidden="true" height="1em" width="1em" xmlns="http://www.w3.org/2000/svg"><path d="M19 13h-6v6h-2v-6H5v-2h6V5h2v6h6v2z"></path></svg><span class="css-idkz9h">Add Lemonade Drink Mix to cart</span></button></div></div></div></div></div></div><div class="css-0"><div class="css-f5i5wc"><div class="chakra-linkbox css-vhnn8v"><div data-testid="product-image" class="css-16dr4ly"><img alt="MiO Sport Orange Liquid Water Enhancer 48 ml, $6.25/100ml" src="https://assets.shop.loblaws.ca/products/20746192003/b3/en/front/20746192003_front_a06_@2.png" srcset="https://assets.shop.loblaws.ca/products/20746192003/b3/en/front/20746192003_front_a06_@2.png 1x, https://assets.shop.loblaws.ca/products/20746192003/b3/en/front/20746192003_front_a06_@2.png 2x" loading="lazy" class="chakra-image css-oguq8l" aria-hidden="true"></div><div class="css-qoklea"><div class="css-12dchmx"></div><div data-testid="price-product-tile" class="css-8atqhb"><p class="chakra-text css-0"><span class="chakra-text css-pwnbcb" data-testid="regular-price"><span class="css-idkz9h">$3.00</span>$3.00</span></p></div><a href="/sport-orange-liquid-water-enhancer/p/20746192003_EA?source=nspt" class="chakra-linkbox__overlay css-1hnz6hu"><div class="css-0"><p class="chakra-text css-1ecdp9w" data-testid="product-brand">MiO</p><h3 class="chakra-heading css-6qrhwc" id="20746192003_EA" data-testid="product-title">Sport Orange Liquid Water Enhancer</h3><p class="chakra-text css-1yftjin" data-testid="product-package-size">48 ml, $6.25/100ml</p></div></a><div class="css-8keand"></div></div><div class="css-1q5omjq"><div class="css-fcebb8"><div data-testid="atc-compact" class="css-y94ivq" style="width: 45px;"><button type="button" class="chakra-button css-mudsm6" data-testid="atc-button"><svg stroke="currentColor" fill="currentColor" stroke-width="0" viewBox="0 0 24 24" focusable="false" class="chakra-icon css-1g3sp7a" data-testid="btn-icon" aria-hidden="true" height="1em" width="1em" xmlns="http://www.w3.org/2000/svg"><path d="M19 13h-6v6h-2v-6H5v-2h6V5h2v6h6v2z"></path></svg><span class="css-idkz9h">Add Sport Orange Liquid Water Enhancer to cart</span></button></div></div></div></div></div></div><div class="css-0"><div class="css-f5i5wc"><div class="chakra-linkbox css-vhnn8v"><div data-testid="product-image" class="css-16dr4ly"><img alt="Nordex Food Cream 170 ml, $1.76/100ml" src="https://assets.shop.loblaws.ca/products/20127025/b3/en/front/20127025_front_a06_@2.png" srcset="https://assets.shop.loblaws.ca/products/20127025/b3/en/front/20127025_front_a06_@2.png 1x, https://assets.shop.loblaws.ca/products/20127025/b3/en/front/20127025_front_a06_@2.png 2x" loading="lazy" class="chakra-image css-oguq8l" aria-hidden="true"></div><div class="css-qoklea"><div class="css-12dchmx"></div><div data-testid="price-product-tile" class="css-8atqhb"><p class="chakra-text css-0"><span class="chakra-text css-pwnbcb" data-testid="regular-price"><span class="css-idkz9h">$2.99</span>$2.99</span></p></div><a href="/cream/p/20127025_EA?source=nspt" class="chakra-linkbox__overlay css-1hnz6hu"><div class="css-0"><p class="chakra-text css-1ecdp9w" data-testid="product-brand">Nordex Food</p><h3 class="chakra-heading css-6qrhwc" id="20127025_EA" data-testid="product-title">Cream</h3><p class="chakra-text css-1yftjin" data-testid="product-package-size">170 ml, $1.76/100ml</p></div></a><div class="css-8keand"></div></div><div class="css-1q5omjq"><div class="css-fcebb8"><div data-testid="atc-compact" class="css-y94ivq" style="width: 45px;"><button type="button" class="chakra-button css-mudsm6" data-testid="atc-button"><svg stroke="currentColor" fill="currentColor" stroke-width="0" viewBox="0 0 24 24" focusable="false" class="chakra-icon css-1g3sp7a" data-testid="btn-icon" aria-hidden="true" height="1em" width="1em" xmlns="http://www.w3.org/2000/svg"><path d="M19 13h-6v6h-2v-6H5v-2h6V5h2v6h6v2z"></path></svg><span class="css-idkz9h">Add Cream to cart</span></button></div></div></div></div></div></div><div class="css-0"><div class="css-f5i5wc"><div class="chakra-linkbox css-vhnn8v"><div data-testid="product-image" class="css-16dr4ly"><img alt="Crystal Light Singles, Iced Tea 26 g, $11.54/100g" src="https://assets.shop.loblaws.ca/products/20301288/b3/en/front/20301288_front_a06_@2.png" srcset="https://assets.shop.loblaws.ca/products/20301288/b3/en/front/20301288_front_a06_@2.png 1x, https://assets.shop.loblaws.ca/products/20301288/b3/en/front/20301288_front_a06_@2.png 2x" loading="lazy" class="chakra-image css-oguq8l" aria-hidden="true"></div><div class="css-qoklea"><div class="css-12dchmx"></div><div data-testid="price-product-tile" class="css-8atqhb"><p class="chakra-text css-0"><span class="chakra-text css-pwnbcb" data-testid="regular-price"><span class="css-idkz9h">$3.00</span>$3.00</span></p></div><a href="/singles-iced-tea/p/20301288_EA?source=nspt" class="chakra-linkbox__overlay css-1hnz6hu"><div class="css-0"><p class="chakra-text css-1ecdp9w" data-testid="product-brand">Crystal Light</p><h3 class="chakra-heading css-6qrhwc" id="20301288_EA" data-testid="product-title">Singles, Iced Tea</h3><p class="chakra-text css-1yftjin" data-testid="product-package-size">26 g, $11.54/100g</p></div></a><div class="css-8keand"></div></div><div class="css-1q5omjq"><div class="css-fcebb8"><div data-testid="atc-compact" class="css-y94ivq" style="width: 45px;"><button type="button" class="chakra-button css-mudsm6" data-testid="atc-button"><svg stroke="currentColor" fill="currentColor" stroke-width="0" viewBox="0 0 24 24" focusable="false" class="chakra-icon css-1g3sp7a" data-testid="btn-icon" aria-hidden="true" height="1em" width="1em" xmlns="http://www.w3.org/2000/svg"><path d="M19 13h-6v6h-2v-6H5v-2h6V5h2v6h6v2z"></path></svg><span class="css-idkz9h">Add Singles, Iced Tea to cart</span></button></div></div></div></div></div></div><div class="css-0"><div class="css-f5i5wc"><div class="chakra-linkbox css-vhnn8v"><div data-testid="product-image" class="css-16dr4ly"><img alt="Cool Runnings Fruit Beverage Syrup Strawberry 750 ml, $0.63/100ml" src="https://assets.shop.loblaws.ca/products/21418143/b3/en/front/21418143_front_a06_@2.png" srcset="https://assets.shop.loblaws.ca/products/21418143/b3/en/front/21418143_front_a06_@2.png 1x, https://assets.shop.loblaws.ca/products/21418143/b3/en/front/21418143_front_a06_@2.png 2x" loading="lazy" class="chakra-image css-oguq8l" aria-hidden="true"></div><div class="css-qoklea"><div class="css-12dchmx"></div><div data-testid="price-product-tile" class="css-8atqhb"><p class="chakra-text css-0"><span class="chakra-text css-pwnbcb" data-testid="regular-price"><span class="css-idkz9h">$4.69</span>$4.69</span></p></div><a href="/fruit-beverage-syrup-strawberry/p/21418143_EA?source=nspt" class="chakra-linkbox__overlay css-1hnz6hu"><div class="css-0"><p class="chakra-text css-1ecdp9w" data-testid="product-brand">Cool Runnings</p><h3 class="chakra-heading css-6qrhwc" id="21418143_EA" data-testid="product-title">Fruit Beverage Syrup Strawberry</h3><p class="chakra-text css-1yftjin" data-testid="product-package-size">750 ml, $0.63/100ml</p></div></a><div class="css-8keand"></div></div><div class="css-1q5omjq"><div class="css-fcebb8"><div data-testid="atc-compact" class="css-y94ivq" style="width: 45px;"><button type="button" class="chakra-button css-mudsm6" data-testid="atc-button"><svg stroke="currentColor" fill="currentColor" stroke-width="0" viewBox="0 0 24 24" focusable="false" class="chakra-icon css-1g3sp7a" data-testid="btn-icon" aria-hidden="true" height="1em" width="1em" xmlns="http://www.w3.org/2000/svg"><path d="M19 13h-6v6h-2v-6H5v-2h6V5h2v6h6v2z"></path></svg><span class="css-idkz9h">Add Fruit Beverage Syrup Strawberry to cart</span></button></div></div></div></div></div></div><div class="css-0"><div class="css-f5i5wc"><div class="chakra-linkbox css-vhnn8v"><div data-testid="product-image" class="css-16dr4ly"><img alt="null Sweetener Whitener 300 ml, $0.66/100ml" src="https://assets.shop.loblaws.ca/products/20802173/b3/en/front/20802173_front_a06_@2.png" srcset="https://assets.shop.loblaws.ca/products/20802173/b3/en/front/20802173_front_a06_@2.png 1x, https://assets.shop.loblaws.ca/products/20802173/b3/en/front/20802173_front_a06_@2.png 2x" loading="lazy" class="chakra-image css-oguq8l" aria-hidden="true"></div><div class="css-qoklea"><div class="css-12dchmx"></div><div data-testid="price-product-tile" class="css-8atqhb"><p class="chakra-text css-0"><span class="chakra-text css-o93gbd" data-testid="sale-price"><span class="css-idkz9h">$1.99</span>$1.99</span><span class="chakra-text css-623q5h" data-testid="was-price"><span class="css-idkz9h">$2.29</span>$2.29</span></p><p class="chakra-text css-1m5a6y8" data-testid="price-descriptor">SAVE $0.30</p></div><a href="/sweetener-whitener/p/20802173_EA?source=nspt" class="chakra-linkbox__overlay css-1hnz6hu"><div class="css-0"><h3 class="chakra-heading css-6qrhwc" id="20802173_EA" data-testid="product-title">Sweetener Whitener</h3><p class="chakra-text css-1yftjin" data-testid="product-package-size">300 ml, $0.66/100ml</p></div></a><div class="css-8keand"></div></div><div class="css-1q5omjq"><div class="css-fcebb8"><div data-testid="atc-compact" class="css-y94ivq" style="width: 45px;"><button type="button" class="chakra-button css-mudsm6" data-testid="atc-button"><svg stroke="currentColor" fill="currentColor" stroke-width="0" viewBox="0 0 24 24" focusable="false" class="chakra-icon css-1g3sp7a" data-testid="btn-icon" aria-hidden="true" height="1em" width="1em" xmlns="http://www.w3.org/2000/svg"><path d="M19 13h-6v6h-2v-6H5v-2h6V5h2v6h6v2z"></path></svg><span class="css-idkz9h">Add Sweetener Whitener to cart</span></button></div></div></div></div></div></div><div class="css-0"><div class="css-f5i5wc"><div class="chakra-linkbox css-vhnn8v"><div data-testid="product-image" class="css-16dr4ly"><img alt="Ribena Concentrated Blackcurrant Beverage Original 850 ml, $1.18/100ml" src="https://assets.shop.loblaws.ca/products/21101494/b3/en/front/21101494_front_a06_@2.png" srcset="https://assets.shop.loblaws.ca/products/21101494/b3/en/front/21101494_front_a06_@2.png 1x, https://assets.shop.loblaws.ca/products/21101494/b3/en/front/21101494_front_a06_@2.png 2x" loading="lazy" class="chakra-image css-oguq8l" aria-hidden="true"></div><div class="css-qoklea"><div class="css-12dchmx"></div><div data-testid="price-product-tile" class="css-8atqhb"><p class="chakra-text css-0"><span class="chakra-text css-pwnbcb" data-testid="regular-price"><span class="css-idkz9h">$9.99</span>$9.99</span></p></div><a href="/concentrated-blackcurrant-beverage-original/p/21101494_EA?source=nspt" class="chakra-linkbox__overlay css-1hnz6hu"><div class="css-0"><p class="chakra-text css-1ecdp9w" data-testid="product-brand">Ribena</p><h3 class="chakra-heading css-6qrhwc" id="21101494_EA" data-testid="product-title">Concentrated Blackcurrant Beverage Original</h3><p class="chakra-text css-1yftjin" data-testid="product-package-size">850 ml, $1.18/100ml</p></div></a><div class="css-8keand"></div></div><div class="css-1q5omjq"><div class="css-fcebb8"><div data-testid="atc-compact" class="css-y94ivq" style="width: 45px;"><button type="button" class="chakra-button css-mudsm6" data-testid="atc-button"><svg stroke="currentColor" fill="currentColor" stroke-width="0" viewBox="0 0 24 24" focusable="false" class="chakra-icon css-1g3sp7a" data-testid="btn-icon" aria-hidden="true" height="1em" width="1em" xmlns="http://www.w3.org/2000/svg"><path d="M19 13h-6v6h-2v-6H5v-2h6V5h2v6h6v2z"></path></svg><span class="css-idkz9h">Add Concentrated Blackcurrant Beverage Original to cart</span></button></div></div></div></div></div></div><div class="css-0"><div class="css-f5i5wc"><div class="chakra-linkbox css-vhnn8v"><div data-testid="product-image" class="css-16dr4ly"><img alt="Kool-Aid Cherry Drink Mix 2 kg, $0.70/100g" src="https://assets.shop.loblaws.ca/products/20160851/b3/en/front/20160851_front_a06_@2.png" srcset="https://assets.shop.loblaws.ca/products/20160851/b3/en/front/20160851_front_a06_@2.png 1x, https://assets.shop.loblaws.ca/products/20160851/b3/en/front/20160851_front_a06_@2.png 2x" loading="lazy" class="chakra-image css-oguq8l" aria-hidden="true"></div><div class="css-qoklea"><div class="css-12dchmx"></div><div data-testid="price-product-tile" class="css-8atqhb"><p class="chakra-text css-0"><span class="chakra-text css-pwnbcb" data-testid="regular-price"><span class="css-idkz9h">$15.99</span>$15.99</span></p></div><a href="/cherry-drink-mix/p/20160851_EA?source=nspt" class="chakra-linkbox__overlay css-1hnz6hu"><div class="css-0"><p class="chakra-text css-1ecdp9w" data-testid="product-brand">Kool-Aid</p><h3 class="chakra-heading css-6qrhwc" id="20160851_EA" data-testid="product-title">Cherry Drink Mix</h3><p class="chakra-text css-1yftjin" data-testid="product-package-size">2 kg, $0.70/100g</p></div></a><div class="css-8keand"></div></div><div class="css-1q5omjq"><div class="css-fcebb8"><div data-testid="atc-compact" class="css-y94ivq" style="width: 45px;"><button type="button" class="chakra-button css-mudsm6" data-testid="atc-button"><svg stroke="currentColor" fill="currentColor" stroke-width="0" viewBox="0 0 24 24" focusable="false" class="chakra-icon css-1g3sp7a" data-testid="btn-icon" aria-hidden="true" height="1em" width="1em" xmlns="http://www.w3.org/2000/svg"><path d="M19 13h-6v6h-2v-6H5v-2h6V5h2v6h6v2z"></path></svg><span class="css-idkz9h">Add Cherry Drink Mix to cart</span></button></div></div></div></div></div></div><div class="css-0"><div class="css-f5i5wc"><div class="chakra-linkbox css-vhnn8v"><div data-testid="product-image" class="css-16dr4ly"><img alt="President's Choice Fruit Punch Liquid Water Enhancer, Club Size 92 ml, $5.42/100ml" src="https://assets.shop.loblaws.ca/products/21507679/b3/en/front/21507679_front_a06_@2.png" srcset="https://assets.shop.loblaws.ca/products/21507679/b3/en/front/21507679_front_a06_@2.png 1x, https://assets.shop.loblaws.ca/products/21507679/b3/en/front/21507679_front_a06_@2.png 2x" loading="lazy" class="chakra-image css-oguq8l" aria-hidden="true"></div><div class="css-qoklea"><div class="css-12dchmx"></div><div data-testid="price-product-tile" class="css-8atqhb"><p class="chakra-text css-0"><span class="chakra-text css-pwnbcb" data-testid="regular-price"><span class="css-idkz9h">$4.99</span>$4.99</span></p></div><a href="/fruit-punch-liquid-water-enhancer-club-size/p/21507679_EA?source=nspt" class="chakra-linkbox__overlay css-1hnz6hu"><div class="css-0"><p class="chakra-text css-1ecdp9w" data-testid="product-brand">President's Choice</p><h3 class="chakra-heading css-6qrhwc" id="21507679_EA" data-testid="product-title">Fruit Punch Liquid Water Enhancer, Club Size</h3><p class="chakra-text css-1yftjin" data-testid="product-package-size">92 ml, $5.42/100ml</p></div></a><div class="css-8keand"></div></div><div class="css-1q5omjq"><div class="css-fcebb8"><div data-testid="atc-compact" class="css-y94ivq" style="width: 45px;"><button type="button" class="chakra-button css-mudsm6" data-testid="atc-button"><svg stroke="currentColor" fill="currentColor" stroke-width="0" viewBox="0 0 24 24" focusable="false" class="chakra-icon css-1g3sp7a" data-testid="btn-icon" aria-hidden="true" height="1em" width="1em" xmlns="http://www.w3.org/2000/svg"><path d="M19 13h-6v6h-2v-6H5v-2h6V5h2v6h6v2z"></path></svg><span class="css-idkz9h">Add Fruit Punch Liquid Water Enhancer, Club Size to cart</span></button></div></div></div></div></div></div><div class="css-0"><div class="css-f5i5wc"><div class="chakra-linkbox css-vhnn8v"><div data-testid="product-image" class="css-16dr4ly"><img alt="Kraft Grape Liquid Drink Mix 48 ml, $6.25/100ml" src="https://assets.shop.loblaws.ca/products/21021895/b3/en/front/21021895_front_a06_@2.png" srcset="https://assets.shop.loblaws.ca/products/21021895/b3/en/front/21021895_front_a06_@2.png 1x, https://assets.shop.loblaws.ca/products/21021895/b3/en/front/21021895_front_a06_@2.png 2x" loading="lazy" class="chakra-image css-oguq8l" aria-hidden="true"></div><div class="css-qoklea"><div class="css-12dchmx"></div><div data-testid="price-product-tile" class="css-8atqhb"><p class="chakra-text css-0"><span class="chakra-text css-pwnbcb" data-testid="regular-price"><span class="css-idkz9h">$3.00</span>$3.00</span></p></div><a href="/grape-liquid-drink-mix/p/21021895_EA?source=nspt" class="chakra-linkbox__overlay css-1hnz6hu"><div class="css-0"><p class="chakra-text css-1ecdp9w" data-testid="product-brand">Kraft</p><h3 class="chakra-heading css-6qrhwc" id="21021895_EA" data-testid="product-title">Grape Liquid Drink Mix</h3><p class="chakra-text css-1yftjin" data-testid="product-package-size">48 ml, $6.25/100ml</p></div></a><div class="css-8keand"></div></div><div class="css-1q5omjq"><div class="css-fcebb8"><div data-testid="atc-compact" class="css-y94ivq" style="width: 45px;"><button type="button" class="chakra-button css-mudsm6" data-testid="atc-button"><svg stroke="currentColor" fill="currentColor" stroke-width="0" viewBox="0 0 24 24" focusable="false" class="chakra-icon css-1g3sp7a" data-testid="btn-icon" aria-hidden="true" height="1em" width="1em" xmlns="http://www.w3.org/2000/svg"><path d="M19 13h-6v6h-2v-6H5v-2h6V5h2v6h6v2z"></path></svg><span class="css-idkz9h">Add Grape Liquid Drink Mix to cart</span></button></div></div></div></div></div></div><div class="css-0"><div class="css-f5i5wc"><div class="chakra-linkbox css-vhnn8v"><div data-testid="product-image" class="css-16dr4ly"><img alt="Tang's Orange Drink Mix 276 g, $1.08/100g" src="https://assets.shop.loblaws.ca/products/20028785/b3/en/front/20028785_front_a06_@2.png" srcset="https://assets.shop.loblaws.ca/products/20028785/b3/en/front/20028785_front_a06_@2.png 1x, https://assets.shop.loblaws.ca/products/20028785/b3/en/front/20028785_front_a06_@2.png 2x" loading="lazy" class="chakra-image css-oguq8l" aria-hidden="true"></div><div class="css-qoklea"><div class="css-12dchmx"></div><div data-testid="price-product-tile" class="css-8atqhb"><p class="chakra-text css-0"><span class="chakra-text css-pwnbcb" data-testid="regular-price"><span class="css-idkz9h">$2.99</span>$2.99</span></p></div><a href="/orange-drink-mix/p/20028785_EA?source=nspt" class="chakra-linkbox__overlay css-1hnz6hu"><div class="css-0"><p class="chakra-text css-1ecdp9w" data-testid="product-brand">Tang's</p><h3 class="chakra-heading css-6qrhwc" id="20028785_EA" data-testid="product-title">Orange Drink Mix</h3><p class="chakra-text css-1yftjin" data-testid="product-package-size">276 g, $1.08/100g</p></div></a><div class="css-8keand"></div></div><div class="css-1q5omjq"><div class="css-fcebb8"><div data-testid="atc-compact" class="css-y94ivq" style="width: 45px;"><button type="button" class="chakra-button css-mudsm6" data-testid="atc-button"><svg stroke="currentColor" fill="currentColor" stroke-width="0" viewBox="0 0 24 24" focusable="false" class="chakra-icon css-1g3sp7a" data-testid="btn-icon" aria-hidden="true" height="1em" width="1em" xmlns="http://www.w3.org/2000/svg"><path d="M19 13h-6v6h-2v-6H5v-2h6V5h2v6h6v2z"></path></svg><span class="css-idkz9h">Add Orange Drink Mix to cart</span></button></div></div></div></div></div></div><div class="css-0"><div class="css-f5i5wc"><div class="chakra-linkbox css-vhnn8v"><div data-testid="product-image" class="css-16dr4ly"><img alt="Crystal Light Liquid Drink Mix, Pomegranate 48 ml, $6.25/100ml" src="https://assets.shop.loblaws.ca/products/20746034004/b3/en/front/20746034004_front_a06_@2.png" srcset="https://assets.shop.loblaws.ca/products/20746034004/b3/en/front/20746034004_front_a06_@2.png 1x, https://assets.shop.loblaws.ca/products/20746034004/b3/en/front/20746034004_front_a06_@2.png 2x" loading="lazy" class="chakra-image css-oguq8l" aria-hidden="true"></div><div class="css-qoklea"><div class="css-12dchmx"></div><div data-testid="price-product-tile" class="css-8atqhb"><p class="chakra-text css-0"><span class="chakra-text css-pwnbcb" data-testid="regular-price"><span class="css-idkz9h">$3.00</span>$3.00</span></p></div><a href="/liquid-drink-mix-pomegranate/p/20746034004_EA?source=nspt" class="chakra-linkbox__overlay css-1hnz6hu"><div class="css-0"><p class="chakra-text css-1ecdp9w" data-testid="product-brand">Crystal Light</p><h3 class="chakra-heading css-6qrhwc" id="20746034004_EA" data-testid="product-title">Liquid Drink Mix, Pomegranate</h3><p class="chakra-text css-1yftjin" data-testid="product-package-size">48 ml, $6.25/100ml</p></div></a><div class="css-8keand"></div></div><div class="css-1q5omjq"><div class="css-fcebb8"><div data-testid="atc-compact" class="css-y94ivq" style="width: 45px;"><button type="button" class="chakra-button css-mudsm6" data-testid="atc-button"><svg stroke="currentColor" fill="currentColor" stroke-width="0" viewBox="0 0 24 24" focusable="false" class="chakra-icon css-1g3sp7a" data-testid="btn-icon" aria-hidden="true" height="1em" width="1em" xmlns="http://www.w3.org/2000/svg"><path d="M19 13h-6v6h-2v-6H5v-2h6V5h2v6h6v2z"></path></svg><span class="css-idkz9h">Add Liquid Drink Mix, Pomegranate to cart</span></button></div></div></div></div></div></div><div class="css-0"><div class="css-f5i5wc"><div class="chakra-linkbox css-vhnn8v"><div data-testid="product-image" class="css-16dr4ly"><img alt="President's Choice Tangerine Grapefruit Liquid Water Enhancer 48 ml, $5.19/100ml" src="https://assets.shop.loblaws.ca/products/20734123003/b3/en/front/20734123003_front_a06_@2.png" srcset="https://assets.shop.loblaws.ca/products/20734123003/b3/en/front/20734123003_front_a06_@2.png 1x, https://assets.shop.loblaws.ca/products/20734123003/b3/en/front/20734123003_front_a06_@2.png 2x" loading="lazy" class="chakra-image css-oguq8l" aria-hidden="true"></div><div class="css-qoklea"><div class="css-12dchmx"></div><div data-testid="price-product-tile" class="css-8atqhb"><p class="chakra-text css-0"><span class="chakra-text css-o93gbd" data-testid="sale-price"><span class="css-idkz9h">$2.49</span>$2.49</span><span class="chakra-text css-623q5h" data-testid="was-price"><span class="css-idkz9h">$2.69</span>$2.69</span></p><p class="chakra-text css-1m5a6y8" data-testid="price-descriptor">SAVE $0.20</p></div><a href="/tangerine-grapefruit-liquid-water-enhancer/p/20734123003_EA?source=nspt" class="chakra-linkbox__overlay css-1hnz6hu"><div class="css-0"><p class="chakra-text css-1ecdp9w" data-testid="product-brand">President's Choice</p><h3 class="chakra-heading css-6qrhwc" id="20734123003_EA" data-testid="product-title">Tangerine Grapefruit Liquid Water Enhancer</h3><p class="chakra-text css-1yftjin" data-testid="product-package-size">48 ml, $5.19/100ml</p></div></a><div class="css-8keand"></div></div><div class="css-1q5omjq"><div class="css-fcebb8"><div data-testid="atc-compact" class="css-y94ivq" style="width: 45px;"><button type="button" class="chakra-button css-mudsm6" data-testid="atc-button"><svg stroke="currentColor" fill="currentColor" stroke-width="0" viewBox="0 0 24 24" focusable="false" class="chakra-icon css-1g3sp7a" data-testid="btn-icon" aria-hidden="true" height="1em" width="1em" xmlns="http://www.w3.org/2000/svg"><path d="M19 13h-6v6h-2v-6H5v-2h6V5h2v6h6v2z"></path></svg><span class="css-idkz9h">Add Tangerine Grapefruit Liquid Water Enhancer to cart</span></button></div></div></div></div></div></div><div class="css-0"><div class="css-f5i5wc"><div class="chakra-linkbox css-vhnn8v"><div data-testid="product-image" class="css-16dr4ly"><img alt="MiO Energy Grape Energy Drink Mix 33 g, $9.09/100g" src="https://assets.shop.loblaws.ca/products/21588970/b3/en/front/21588970_front_a06_@2.png" srcset="https://assets.shop.loblaws.ca/products/21588970/b3/en/front/21588970_front_a06_@2.png 1x, https://assets.shop.loblaws.ca/products/21588970/b3/en/front/21588970_front_a06_@2.png 2x" loading="lazy" class="chakra-image css-oguq8l" aria-hidden="true"></div><div class="css-qoklea"><div class="css-12dchmx"></div><div data-testid="price-product-tile" class="css-8atqhb"><p class="chakra-text css-0"><span class="chakra-text css-pwnbcb" data-testid="regular-price"><span class="css-idkz9h">$3.00</span>$3.00</span></p></div><a href="/energy-grape-energy-drink-mix/p/21588970_EA?source=nspt" class="chakra-linkbox__overlay css-1hnz6hu"><div class="css-0"><p class="chakra-text css-1ecdp9w" data-testid="product-brand">MiO</p><h3 class="chakra-heading css-6qrhwc" id="21588970_EA" data-testid="product-title">Energy Grape Energy Drink Mix</h3><p class="chakra-text css-1yftjin" data-testid="product-package-size">33 g, $9.09/100g</p></div></a><div class="css-8keand"></div></div><div class="css-1q5omjq"><div class="css-fcebb8"><div data-testid="atc-compact" class="css-y94ivq" style="width: 45px;"><button type="button" class="chakra-button css-mudsm6" data-testid="atc-button"><svg stroke="currentColor" fill="currentColor" stroke-width="0" viewBox="0 0 24 24" focusable="false" class="chakra-icon css-1g3sp7a" data-testid="btn-icon" aria-hidden="true" height="1em" width="1em" xmlns="http://www.w3.org/2000/svg"><path d="M19 13h-6v6h-2v-6H5v-2h6V5h2v6h6v2z"></path></svg><span class="css-idkz9h">Add Energy Grape Energy Drink Mix to cart</span></button></div></div></div></div></div></div><div class="css-0"><div class="css-f5i5wc"><div class="chakra-linkbox css-vhnn8v"><div data-testid="product-image" class="css-16dr4ly"><img alt="Crystal Light Singles, Strawberry Orange Banana 27 g, $11.11/100g" src="https://assets.shop.loblaws.ca/products/20308459002/b3/en/front/20308459002_front_a06_@2.png" srcset="https://assets.shop.loblaws.ca/products/20308459002/b3/en/front/20308459002_front_a06_@2.png 1x, https://assets.shop.loblaws.ca/products/20308459002/b3/en/front/20308459002_front_a06_@2.png 2x" loading="lazy" class="chakra-image css-oguq8l" aria-hidden="true"></div><div class="css-qoklea"><div class="css-12dchmx"></div><div data-testid="price-product-tile" class="css-8atqhb"><p class="chakra-text css-0"><span class="chakra-text css-pwnbcb" data-testid="regular-price"><span class="css-idkz9h">$3.00</span>$3.00</span></p></div><a href="/singles-strawberry-orange-banana/p/20308459002_EA?source=nspt" class="chakra-linkbox__overlay css-1hnz6hu"><div class="css-0"><p class="chakra-text css-1ecdp9w" data-testid="product-brand">Crystal Light</p><h3 class="chakra-heading css-6qrhwc" id="20308459002_EA" data-testid="product-title">Singles, Strawberry Orange Banana</h3><p class="chakra-text css-1yftjin" data-testid="product-package-size">27 g, $11.11/100g</p></div></a><div class="css-8keand"></div></div><div class="css-1q5omjq"><div class="css-fcebb8"><div data-testid="atc-compact" class="css-y94ivq" style="width: 45px;"><button type="button" class="chakra-button css-mudsm6" data-testid="atc-button"><svg stroke="currentColor" fill="currentColor" stroke-width="0" viewBox="0 0 24 24" focusable="false" class="chakra-icon css-1g3sp7a" data-testid="btn-icon" aria-hidden="true" height="1em" width="1em" xmlns="http://www.w3.org/2000/svg"><path d="M19 13h-6v6h-2v-6H5v-2h6V5h2v6h6v2z"></path></svg><span class="css-idkz9h">Add Singles, Strawberry Orange Banana to cart</span></button></div></div></div></div></div></div><div class="css-0"><div class="css-f5i5wc"><div class="chakra-linkbox css-vhnn8v"><div data-testid="product-image" class="css-16dr4ly"><img alt="Crystal Light Singles, Tangerine Grapefruit 40 g, $7.50/100g" src="https://assets.shop.loblaws.ca/products/20323938/b3/en/front/20323938_front_a06_@2.png" srcset="https://assets.shop.loblaws.ca/products/20323938/b3/en/front/20323938_front_a06_@2.png 1x, https://assets.shop.loblaws.ca/products/20323938/b3/en/front/20323938_front_a06_@2.png 2x" loading="lazy" class="chakra-image css-oguq8l" aria-hidden="true"></div><div class="css-qoklea"><div class="css-12dchmx"></div><div data-testid="price-product-tile" class="css-8atqhb"><p class="chakra-text css-0"><span class="chakra-text css-pwnbcb" data-testid="regular-price"><span class="css-idkz9h">$3.00</span>$3.00</span></p></div><a href="/singles-tangerine-grapefruit/p/20323938_EA?source=nspt" class="chakra-linkbox__overlay css-1hnz6hu"><div class="css-0"><p class="chakra-text css-1ecdp9w" data-testid="product-brand">Crystal Light</p><h3 class="chakra-heading css-6qrhwc" id="20323938_EA" data-testid="product-title">Singles, Tangerine Grapefruit</h3><p class="chakra-text css-1yftjin" data-testid="product-package-size">40 g, $7.50/100g</p></div></a><div class="css-8keand"></div></div><div class="css-1q5omjq"><div class="css-fcebb8"><div data-testid="atc-compact" class="css-y94ivq" style="width: 45px;"><button type="button" class="chakra-button css-mudsm6" data-testid="atc-button"><svg stroke="currentColor" fill="currentColor" stroke-width="0" viewBox="0 0 24 24" focusable="false" class="chakra-icon css-1g3sp7a" data-testid="btn-icon" aria-hidden="true" height="1em" width="1em" xmlns="http://www.w3.org/2000/svg"><path d="M19 13h-6v6h-2v-6H5v-2h6V5h2v6h6v2z"></path></svg><span class="css-idkz9h">Add Singles, Tangerine Grapefruit to cart</span></button></div></div></div></div></div></div><div class="css-0"><div class="css-f5i5wc"><div class="chakra-linkbox css-vhnn8v"><div data-testid="product-image" class="css-16dr4ly"><img alt="MiO Cherry Blackberry Liquid Water Enhancer 48 ml, $6.25/100ml" src="https://assets.shop.loblaws.ca/products/20565119005/b3/en/front/20565119005_front_a06_@2.png" srcset="https://assets.shop.loblaws.ca/products/20565119005/b3/en/front/20565119005_front_a06_@2.png 1x, https://assets.shop.loblaws.ca/products/20565119005/b3/en/front/20565119005_front_a06_@2.png 2x" loading="lazy" class="chakra-image css-oguq8l" aria-hidden="true"></div><div class="css-qoklea"><div class="css-12dchmx"></div><div data-testid="price-product-tile" class="css-8atqhb"><p class="chakra-text css-0"><span class="chakra-text css-pwnbcb" data-testid="regular-price"><span class="css-idkz9h">$3.00</span>$3.00</span></p></div><a href="/cherry-blackberry-liquid-water-enhancer/p/20565119005_EA?source=nspt" class="chakra-linkbox__overlay css-1hnz6hu"><div class="css-0"><p class="chakra-text css-1ecdp9w" data-testid="product-brand">MiO</p><h3 class="chakra-heading css-6qrhwc" id="20565119005_EA" data-testid="product-title">Cherry Blackberry Liquid Water Enhancer</h3><p class="chakra-text css-1yftjin" data-testid="product-package-size">48 ml, $6.25/100ml</p></div></a><div class="css-8keand"></div></div><div class="css-1q5omjq"><div class="css-fcebb8"><div data-testid="atc-compact" class="css-y94ivq" style="width: 45px;"><button type="button" class="chakra-button css-mudsm6" data-testid="atc-button"><svg stroke="currentColor" fill="currentColor" stroke-width="0" viewBox="0 0 24 24" focusable="false" class="chakra-icon css-1g3sp7a" data-testid="btn-icon" aria-hidden="true" height="1em" width="1em" xmlns="http://www.w3.org/2000/svg"><path d="M19 13h-6v6h-2v-6H5v-2h6V5h2v6h6v2z"></path></svg><span class="css-idkz9h">Add Cherry Blackberry Liquid Water Enhancer to cart</span></button></div></div></div></div></div></div><div class="css-0"><div class="css-f5i5wc"><div class="chakra-linkbox css-vhnn8v"><div data-testid="product-image" class="css-16dr4ly"><img alt="MiO Energy Peach Mango Energy Drink Mix 22 g, $13.64/100g" src="https://assets.shop.loblaws.ca/products/21588366/b3/en/front/21588366_front_a06_@2.png" srcset="https://assets.shop.loblaws.ca/products/21588366/b3/en/front/21588366_front_a06_@2.png 1x, https://assets.shop.loblaws.ca/products/21588366/b3/en/front/21588366_front_a06_@2.png 2x" loading="lazy" class="chakra-image css-oguq8l" aria-hidden="true"></div><div class="css-qoklea"><div class="css-12dchmx"></div><div data-testid="price-product-tile" class="css-8atqhb"><p class="chakra-text css-0"><span class="chakra-text css-pwnbcb" data-testid="regular-price"><span class="css-idkz9h">$3.00</span>$3.00</span></p></div><a href="/energy-peach-mango-energy-drink-mix/p/21588366_EA?source=nspt" class="chakra-linkbox__overlay css-1hnz6hu"><div class="css-0"><p class="chakra-text css-1ecdp9w" data-testid="product-brand">MiO</p><h3 class="chakra-heading css-6qrhwc" id="21588366_EA" data-testid="product-title">Energy Peach Mango Energy Drink Mix</h3><p class="chakra-text css-1yftjin" data-testid="product-package-size">22 g, $13.64/100g</p></div></a><div class="css-8keand"></div></div><div class="css-1q5omjq"><div class="css-fcebb8"><div data-testid="atc-compact" class="css-y94ivq" style="width: 45px;"><button type="button" class="chakra-button css-mudsm6" data-testid="atc-button"><svg stroke="currentColor" fill="currentColor" stroke-width="0" viewBox="0 0 24 24" focusable="false" class="chakra-icon css-1g3sp7a" data-testid="btn-icon" aria-hidden="true" height="1em" width="1em" xmlns="http://www.w3.org/2000/svg"><path d="M19 13h-6v6h-2v-6H5v-2h6V5h2v6h6v2z"></path></svg><span class="css-idkz9h">Add Energy Peach Mango Energy Drink Mix to cart</span></button></div></div></div></div></div></div><div class="css-0"><div class="css-f5i5wc"><div class="chakra-linkbox css-vhnn8v"><div data-testid="product-image" class="css-16dr4ly"><img alt="Crystal Light Singles, Pink Lemonade 45 g, $6.67/100g" src="https://assets.shop.loblaws.ca/products/20301645/b3/en/front/20301645_front_a06_@2.png" srcset="https://assets.shop.loblaws.ca/products/20301645/b3/en/front/20301645_front_a06_@2.png 1x, https://assets.shop.loblaws.ca/products/20301645/b3/en/front/20301645_front_a06_@2.png 2x" loading="lazy" class="chakra-image css-oguq8l" aria-hidden="true"></div><div class="css-qoklea"><div class="css-12dchmx"></div><div data-testid="price-product-tile" class="css-8atqhb"><p class="chakra-text css-0"><span class="chakra-text css-pwnbcb" data-testid="regular-price"><span class="css-idkz9h">$3.00</span>$3.00</span></p></div><a href="/singles-pink-lemonade/p/20301645_EA?source=nspt" class="chakra-linkbox__overlay css-1hnz6hu"><div class="css-0"><p class="chakra-text css-1ecdp9w" data-testid="product-brand">Crystal Light</p><h3 class="chakra-heading css-6qrhwc" id="20301645_EA" data-testid="product-title">Singles, Pink Lemonade</h3><p class="chakra-text css-1yftjin" data-testid="product-package-size">45 g, $6.67/100g</p></div></a><div class="css-8keand"></div></div><div class="css-1q5omjq"><div class="css-fcebb8"><div data-testid="atc-compact" class="css-y94ivq" style="width: 45px;"><button type="button" class="chakra-button css-mudsm6" data-testid="atc-button"><svg stroke="currentColor" fill="currentColor" stroke-width="0" viewBox="0 0 24 24" focusable="false" class="chakra-icon css-1g3sp7a" data-testid="btn-icon" aria-hidden="true" height="1em" width="1em" xmlns="http://www.w3.org/2000/svg"><path d="M19 13h-6v6h-2v-6H5v-2h6V5h2v6h6v2z"></path></svg><span class="css-idkz9h">Add Singles, Pink Lemonade to cart</span></button></div></div></div></div></div></div><div class="css-0"><div class="css-f5i5wc"><div class="chakra-linkbox css-vhnn8v"><div data-testid="product-image" class="css-16dr4ly"><img alt="President's Choice Berry Pomegranate Liquid Water Enhancer 48 ml, $5.19/100ml" src="https://assets.shop.loblaws.ca/products/21080966/b3/en/front/21080966_front_a06_@2.png" srcset="https://assets.shop.loblaws.ca/products/21080966/b3/en/front/21080966_front_a06_@2.png 1x, https://assets.shop.loblaws.ca/products/21080966/b3/en/front/21080966_front_a06_@2.png 2x" loading="lazy" class="chakra-image css-oguq8l" aria-hidden="true"></div><div class="css-qoklea"><div class="css-12dchmx"></div><div data-testid="price-product-tile" class="css-8atqhb"><p class="chakra-text css-0"><span class="chakra-text css-o93gbd" data-testid="sale-price"><span class="css-idkz9h">$2.49</span>$2.49</span><span class="chakra-text css-623q5h" data-testid="was-price"><span class="css-idkz9h">$2.69</span>$2.69</span></p><p class="chakra-text css-1m5a6y8" data-testid="price-descriptor">SAVE $0.20</p></div><a href="/berry-pomegranate-liquid-water-enhancer/p/21080966_EA?source=nspt" class="chakra-linkbox__overlay css-1hnz6hu"><div class="css-0"><p class="chakra-text css-1ecdp9w" data-testid="product-brand">President's Choice</p><h3 class="chakra-heading css-6qrhwc" id="21080966_EA" data-testid="product-title">Berry Pomegranate Liquid Water Enhancer</h3><p class="chakra-text css-1yftjin" data-testid="product-package-size">48 ml, $5.19/100ml</p></div></a><div class="css-8keand"></div></div><div class="css-1q5omjq"><div class="css-fcebb8"><div data-testid="atc-compact" class="css-y94ivq" style="width: 45px;"><button type="button" class="chakra-button css-mudsm6" data-testid="atc-button"><svg stroke="currentColor" fill="currentColor" stroke-width="0" viewBox="0 0 24 24" focusable="false" class="chakra-icon css-1g3sp7a" data-testid="btn-icon" aria-hidden="true" height="1em" width="1em" xmlns="http://www.w3.org/2000/svg"><path d="M19 13h-6v6h-2v-6H5v-2h6V5h2v6h6v2z"></path></svg><span class="css-idkz9h">Add Berry Pomegranate Liquid Water Enhancer to cart</span></button></div></div></div></div></div></div></div>