[
    {
        "id": 1,
        "name": "Pure Premium Orange Juice (Pulp Free)",
        "price": "2.63 l, $0.27/100ml",
        "brand": "Tropicana",
        "image_url": "https://assets.shop.loblaws.ca/products/20119756001/b3/en/front/20119756001_front_a06_@2.png",
        "image_alt": "Tropicana Pure Premium Orange Juice (Pulp Free) 2.63 l, $0.27/100ml",
        "price_product_tile": "$6.99$6.99"
    },
    {
        "id": 2,
        "name": "Pulp Free Orange Juice",
        "price": "2.5 l, $0.24/100ml",
        "brand": "President's Choice",
        "image_url": "https://assets.shop.loblaws.ca/products/21531644/b3/en/front/21531644_front_a06_@2.png",
        "image_alt": "President's Choice Pulp Free Orange Juice 2.5 l, $0.24/100ml",
        "price_product_tile": "$5.99$5.99"
    },
    {
        "id": 3,
        "name": "Pulp Free Orange Juice, Bottle",
        "price": "1.54 l, $0.31/100ml",
        "brand": "Simply",
        "image_url": "https://assets.shop.loblaws.ca/products/21086068/b3/en/front/21086068_front_a06_@2.png",
        "image_alt": "Simply Pulp Free Orange Juice, Bottle 1.54 l, $0.31/100ml",
        "price_product_tile": "$4.79$4.79"
    },
    {
        "id": 4,
        "name": "Clamato, Original",
        "price": "1.89 l, $0.23/100ml",
        "brand": "Mott's",
        "image_url": "https://assets.shop.loblaws.ca/products/20318955002/b3/en/front/20318955002_front_a06_@2.png",
        "image_alt": "Mott's Clamato, Original 1.89 l, $0.23/100ml",
        "price_product_tile": "$4.29$4.29"
    },
    {
        "id": 5,
        "name": "Pulp Free Orange Juice",
        "price": "1.54 l, $0.29/100ml",
        "brand": "President's Choice",
        "image_url": "https://assets.shop.loblaws.ca/products/21430531/b3/en/front/21430531_front_a06_@2.png",
        "image_alt": "President's Choice Pulp Free Orange Juice 1.54 l, $0.29/100ml",
        "price_product_tile": "$4.49$4.49"
    },
    {
        "id": 6,
        "name": "Orange Juice with Pulp",
        "price": "2.5 l, $0.24/100ml",
        "brand": "President's Choice",
        "image_url": "https://assets.shop.loblaws.ca/products/21531646/b3/en/front/21531646_front_a06_@2.png",
        "image_alt": "President's Choice Orange Juice with Pulp 2.5 l, $0.24/100ml",
        "price_product_tile": "$5.99$5.99"
    },
    {
        "id": 7,
        "name": "Pure Premium Homestyle (Some Pulp)",
        "price": "2.63 l, $0.27/100ml",
        "brand": "Tropicana",
        "image_url": "https://assets.shop.loblaws.ca/products/20119756003/b3/en/front/20119756003_front_a06_@2.png",
        "image_alt": "Tropicana Pure Premium Homestyle (Some Pulp) 2.63 l, $0.27/100ml",
        "price_product_tile": "$6.99$6.99"
    },
    {
        "id": 8,
        "name": "Medium Roast Iced Coffee",
        "price": "1.42 l, $0.55/100ml",
        "brand": "Starbucks",
        "image_url": "https://assets.shop.loblaws.ca/products/21215530/b3/en/front/21215530_front_a06_@2.png",
        "image_alt": "Starbucks Medium Roast Iced Coffee 1.42 l, $0.55/100ml",
        "price_product_tile": "$7.79$7.79"
    },
    {
        "id": 9,
        "name": "with Pulp Orange Juice, Bottle",
        "price": "1.54 l, $0.31/100ml",
        "brand": "Simply",
        "image_url": "https://assets.shop.loblaws.ca/products/21086085/b3/en/front/21086085_front_a06_@2.png",
        "image_alt": "Simply with Pulp Orange Juice, Bottle 1.54 l, $0.31/100ml",
        "price_product_tile": "$4.79$4.79"
    },
    {
        "id": 10,
        "name": "Blonde Roast Iced Coffee",
        "price": "1.42 l, $0.55/100ml",
        "brand": "Starbucks",
        "image_url": "https://assets.shop.loblaws.ca/products/21215527/b3/en/front/21215527_front_a06_@2.png",
        "image_alt": "Starbucks Blonde Roast Iced Coffee 1.42 l, $0.55/100ml",
        "price_product_tile": "$7.79$7.79"
    },
    {
        "id": 11,
        "name": "Apple Juice from Concentrate",
        "price": "1 l, $0.15/100ml",
        "brand": "No Name",
        "image_url": "https://assets.shop.loblaws.ca/products/20087458/b3/en/front/20087458_front_a06_@2.png",
        "image_alt": "No Name Apple Juice from Concentrate 1 l, $0.15/100ml",
        "price_product_tile": "$1.49$1.49"
    },
    {
        "id": 12,
        "name": "Mango Nectar",
        "price": "960 ml, $0.16/100ml",
        "brand": "Del Monte",
        "image_url": "https://assets.shop.loblaws.ca/products/20894117004/b3/en/front/20894117004_front_a06_@2.png",
        "image_alt": "Del Monte Mango Nectar 960 ml, $0.16/100ml",
        "price_product_tile": "$1.49$1.49$1.99$1.99SAVE $0.50"
    },
    {
        "id": 13,
        "name": "Lemonade, Bottle",
        "price": "1.54 l, $0.29/100ml",
        "brand": "Simply",
        "image_url": "https://assets.shop.loblaws.ca/products/21170793/b3/en/front/21170793_front_a06_@2.png",
        "image_alt": "Simply Lemonade, Bottle 1.54 l, $0.29/100ml",
        "price_product_tile": "$4.49$4.49"
    },
    {
        "id": 14,
        "name": "Orange Juice Pulp Free",
        "price": "2.63 l, $0.26/100ml",
        "brand": "Simply",
        "image_url": "https://assets.shop.loblaws.ca/products/21592119/b3/en/front/21592119_front_a06_@2.png",
        "image_alt": "Simply Orange Juice Pulp Free 2.63 l, $0.26/100ml",
        "price_product_tile": "$6.79$6.79$7.49$7.49SAVE $0.70"
    },
    {
        "id": 15,
        "name": "Strawberry Passion Awareness Fruit Beverage",
        "price": "1.75 l, $0.14/100ml",
        "brand": "Fruitopia",
        "image_url": "https://assets.shop.loblaws.ca/products/20347440001/b3/en/front/20347440001_front_a06_@2.png",
        "image_alt": "Fruitopia Strawberry Passion Awareness Fruit Beverage 1.75 l, $0.14/100ml",
        "price_product_tile": "$2.49$2.49"
    },
    {
        "id": 16,
        "name": "Pineapple Nectar",
        "price": "960 ml, $0.16/100ml",
        "brand": "Del Monte",
        "image_url": "https://assets.shop.loblaws.ca/products/21009822/b3/en/front/21009822_front_a06_@2.png",
        "image_alt": "Del Monte Pineapple Nectar 960 ml, $0.16/100ml",
        "price_product_tile": "$1.49$1.49$1.99$1.99SAVE $0.50"
    },
    {
        "id": 17,
        "name": "Pure Apple Juice Low Acid",
        "price": "1 l, $0.15/100ml",
        "brand": "Allen's",
        "image_url": "https://assets.shop.loblaws.ca/products/20307424001/b3/en/front/20307424001_front_a06_@2.png",
        "image_alt": "Allen's Pure Apple Juice Low Acid 1 l, $0.15/100ml",
        "price_product_tile": "$1.49$1.49"
    },
    {
        "id": 18,
        "name": "Lemonade With Raspberry, Bottle",
        "price": "1.54 l, $0.29/100ml",
        "brand": "Simply",
        "image_url": "https://assets.shop.loblaws.ca/products/21170784/b3/en/front/21170784_front_a06_@2.png",
        "image_alt": "Simply Lemonade With Raspberry, Bottle 1.54 l, $0.29/100ml",
        "price_product_tile": "$4.49$4.49"
    },
    {
        "id": 19,
        "name": "Cranberry Cocktail",
        "price": "1.89 l, $0.24/100ml",
        "brand": "Ocean Spray",
        "image_url": "https://assets.shop.loblaws.ca/products/20300006008/b3/en/front/20300006008_front_a06_@2.png",
        "image_alt": "Ocean Spray Cranberry Cocktail 1.89 l, $0.24/100ml",
        "price_product_tile": "$4.49$4.49"
    },
    {
        "id": 20,
        "name": "Original Lemonade",
        "price": "1.89 l, $0.17/100ml",
        "brand": "President's Choice",
        "image_url": "https://assets.shop.loblaws.ca/products/20773870001/b3/en/front/20773870001_front_a06_@2.png",
        "image_alt": "President's Choice Original Lemonade 1.89 l, $0.17/100ml",
        "price_product_tile": "$3.29$3.29"
    },
    {
        "id": 21,
        "name": "Blue Menu Pulp Free Orange Juice",
        "price": "2.5 l, $0.24/100ml",
        "brand": "PC Blue Menu",
        "image_url": "https://assets.shop.loblaws.ca/products/21531649/b3/en/front/21531649_front_a06_@2.png",
        "image_alt": "PC Blue Menu Blue Menu Pulp Free Orange Juice 2.5 l, $0.24/100ml",
        "price_product_tile": "$5.99$5.99"
    },
    {
        "id": 22,
        "name": "Pure Premium Grovestand (Lots Of Pulp)",
        "price": "2.63 l, $0.27/100ml",
        "brand": "Tropicana",
        "image_url": "https://assets.shop.loblaws.ca/products/20119756002/b3/en/front/20119756002_front_a06_@2.png",
        "image_alt": "Tropicana Pure Premium Grovestand (Lots Of Pulp) 2.63 l, $0.27/100ml",
        "price_product_tile": "$6.99$6.99"
    },
    {
        "id": 23,
        "name": "Original Lemonade",
        "price": "1.54 l, $0.29/100ml",
        "brand": "President's Choice",
        "image_url": "https://assets.shop.loblaws.ca/products/21430542/b3/en/front/21430542_front_a06_@2.png",
        "image_alt": "President's Choice  Original Lemonade 1.54 l, $0.29/100ml",
        "price_product_tile": "$4.49$4.49"
    },
    {
        "id": 24,
        "name": "Lemon Tea, Gable Top Carton",
        "price": "1.75 l, $0.15/100ml",
        "brand": "Nestea",
        "image_url": "https://assets.shop.loblaws.ca/products/20348331004/b3/en/front/20348331004_front_a06_@2.png",
        "image_alt": "Nestea Lemon Tea, Gable Top Carton 1.75 l, $0.15/100ml",
        "price_product_tile": "$2.69$2.69"
    },
    {
        "id": 25,
        "name": "Blueberry Watermelon Wisdom Fruit Beverage",
        "price": "1.75 l, $0.14/100ml",
        "brand": "Fruitopia",
        "image_url": "https://assets.shop.loblaws.ca/products/20347440004/b3/en/front/20347440004_front_a06_@2.png",
        "image_alt": "Fruitopia Blueberry Watermelon Wisdom Fruit Beverage 1.75 l, $0.14/100ml",
        "price_product_tile": "$2.49$2.49"
    },
    {
        "id": 26,
        "name": "Tropical Passion Fruit Juice",
        "price": "960 ml, $0.16/100ml",
        "brand": "Oasis",
        "image_url": "https://assets.shop.loblaws.ca/products/20336722014/b3/en/front/20336722014_front_a06_@2.png",
        "image_alt": "Oasis Tropical Passion Fruit Juice 960 ml, $0.16/100ml",
        "price_product_tile": "$1.49$1.49$1.99$1.99SAVE $0.50"
    },
    {
        "id": 27,
        "name": "Jammers",
        "price": "10x180.0 ml, $0.16/100ml",
        "brand": "Kool-Aid",
        "image_url": "https://assets.shop.loblaws.ca/products/20079976006/b3/en/front/20079976006_front_a06_@2.png",
        "image_alt": "Kool-Aid Jammers 10x180.0 ml, $0.16/100ml",
        "price_product_tile": "$2.79$2.79$3.29$3.29SAVE $0.50"
    },
    {
        "id": 28,
        "name": "Orange Pure Breakfast Juice",
        "price": "960 ml, $0.16/100ml",
        "brand": "Oasis",
        "image_url": "https://assets.shop.loblaws.ca/products/20336722005/b3/en/front/20336722005_front_a06_@2.png",
        "image_alt": "Oasis Orange Pure Breakfast Juice 960 ml, $0.16/100ml",
        "price_product_tile": "$1.49$1.49$1.99$1.99SAVE $0.50"
    },
    {
        "id": 29,
        "name": "Cranberry Raspberry Cocktail",
        "price": "1.89 l, $0.24/100ml",
        "brand": "Ocean Spray",
        "image_url": "https://assets.shop.loblaws.ca/products/20300006009/b3/en/front/20300006009_front_a06_@2.png",
        "image_alt": "Ocean Spray Cranberry Raspberry Cocktail 1.89 l, $0.24/100ml",
        "price_product_tile": "$4.49$4.49"
    },
    {
        "id": 30,
        "name": "100% Apple Juice",
        "price": "1.89 l, $0.17/100ml",
        "brand": "President's Choice",
        "image_url": "https://assets.shop.loblaws.ca/products/20531313/b3/en/front/20531313_front_a06_@2.png",
        "image_alt": "President's Choice 100% Apple Juice 1.89 l, $0.17/100ml",
        "price_product_tile": "$3.29$3.29"
    },
    {
        "id": 31,
        "name": "Pineapple Juice",
        "price": "960 ml, $0.16/100ml",
        "brand": "Oasis",
        "image_url": "https://assets.shop.loblaws.ca/products/20336722008/b3/en/front/20336722008_front_a06_@2.png",
        "image_alt": "Oasis Pineapple Juice 960 ml, $0.16/100ml",
        "price_product_tile": "$1.49$1.49$1.99$1.99SAVE $0.50"
    },
    {
        "id": 32,
        "name": "Unsweetened Orange Juice from Concentrate",
        "price": "1 l, $0.20/100ml",
        "brand": "No Name",
        "image_url": "https://assets.shop.loblaws.ca/products/20320979/b3/en/front/20320979_front_a06_@2.png",
        "image_alt": "No Name Unsweetened Orange Juice from Concentrate 1 l, $0.20/100ml",
        "price_product_tile": "$2.00$2.00"
    },
    {
        "id": 33,
        "name": "Peach Drink",
        "price": "2 l, $0.10/100ml",
        "brand": "No Name",
        "image_url": "https://assets.shop.loblaws.ca/products/20320439005/b3/en/front/20320439005_front_a06_@2.png",
        "image_alt": "No Name Peach Drink 2 l, $0.10/100ml",
        "price_product_tile": "$2.00$2.00"
    },
    {
        "id": 34,
        "name": "Exotic Mango Fruit Juice",
        "price": "960 ml, $0.16/100ml",
        "brand": "Oasis",
        "image_url": "https://assets.shop.loblaws.ca/products/20336722010/b3/en/front/20336722010_front_a06_@2.png",
        "image_alt": "Oasis Exotic Mango Fruit Juice 960 ml, $0.16/100ml",
        "price_product_tile": "$1.49$1.49$1.99$1.99SAVE $0.50"
    },
    {
        "id": 35,
        "name": "Apple Juice",
        "price": "960 ml, $0.16/100ml",
        "brand": "Oasis",
        "image_url": "https://assets.shop.loblaws.ca/products/20336722001/b3/en/front/20336722001_front_a06_@2.png",
        "image_alt": "Oasis Apple Juice 960 ml, $0.16/100ml",
        "price_product_tile": "$1.49$1.49$1.99$1.99SAVE $0.50"
    },
    {
        "id": 36,
        "name": "Pink Lemonade",
        "price": "1.54 l, $0.26/100ml",
        "brand": "Minute Maid",
        "image_url": "https://assets.shop.loblaws.ca/products/21434019/b3/en/front/21434019_front_a06_@2.png",
        "image_alt": "Minute Maid Pink Lemonade 1.54 l, $0.26/100ml",
        "price_product_tile": "$3.99$3.99"
    },
    {
        "id": 37,
        "name": "Strawberry Lemonade",
        "price": "1.54 l, $0.29/100ml",
        "brand": "President's Choice",
        "image_url": "https://assets.shop.loblaws.ca/products/21430552/b3/en/front/21430552_front_a06_@2.png",
        "image_alt": "President's Choice Strawberry Lemonade 1.54 l, $0.29/100ml",
        "price_product_tile": "$4.49$4.49"
    },
    {
        "id": 38,
        "name": "Lemonade",
        "price": "1.54 l, $0.26/100ml",
        "brand": "Minute Maid",
        "image_url": "https://assets.shop.loblaws.ca/products/21434119/b3/en/front/21434119_front_a06_@2.png",
        "image_alt": "Minute Maid Lemonade 1.54 l, $0.26/100ml",
        "price_product_tile": "$3.99$3.99"
    },
    {
        "id": 39,
        "name": "Jammers Tropical Punch",
        "price": "10x180.0 ml, $0.16/100ml",
        "brand": "Kool-Aid",
        "image_url": "https://assets.shop.loblaws.ca/products/20079976001/b3/en/front/20079976001_front_a06_@2.png",
        "image_alt": "Kool-Aid Jammers Tropical Punch 10x180.0 ml, $0.16/100ml",
        "price_product_tile": "$2.79$2.79$3.29$3.29SAVE $0.50"
    },
    {
        "id": 40,
        "name": "Mango Passion",
        "price": "1.54 l, $0.26/100ml",
        "brand": "Minute Maid",
        "image_url": "https://assets.shop.loblaws.ca/products/21434100/b3/en/front/21434100_front_a06_@2.png",
        "image_alt": "Minute Maid Mango Passion 1.54 l, $0.26/100ml",
        "price_product_tile": "$3.99$3.99"
    },
    {
        "id": 41,
        "name": "Pomegranate Lemonade",
        "price": "1.89 l, $0.17/100ml",
        "brand": "President's Choice",
        "image_url": "https://assets.shop.loblaws.ca/products/21425929/b3/en/front/21425929_front_a06_@2.png",
        "image_alt": "President's Choice Pomegranate Lemonade 1.89 l, $0.17/100ml",
        "price_product_tile": "$3.29$3.29"
    },
    {
        "id": 42,
        "name": "Calamansi Lemonade",
        "price": "1.54 l, $0.29/100ml",
        "brand": "President's Choice",
        "image_url": "https://assets.shop.loblaws.ca/products/21506771/b3/en/front/21506771_front_a06_@2.png",
        "image_alt": "President's Choice Calamansi Lemonade 1.54 l, $0.29/100ml",
        "price_product_tile": "$4.49$4.49"
    },
    {
        "id": 43,
        "name": "Peach Drink",
        "price": "2 l, $0.14/100ml",
        "brand": "Fruite",
        "image_url": "https://assets.shop.loblaws.ca/products/20340058005/b3/en/front/20340058005_front_a06_@2.png",
        "image_alt": "Fruite Peach Drink 2 l, $0.14/100ml",
        "price_product_tile": "$2.79$2.79"
    },
    {
        "id": 44,
        "name": "Lemon Iced Tea",
        "price": "1.75 l, $0.25/100ml",
        "brand": "Pure Leaf",
        "image_url": "https://assets.shop.loblaws.ca/products/20755752002/b3/en/front/20755752002_front_a06_@2.png",
        "image_alt": "Pure Leaf Lemon Iced Tea 1.75 l, $0.25/100ml",
        "price_product_tile": "$4.29$4.29"
    },
    {
        "id": 45,
        "name": "Guava Nectar",
        "price": "960 ml, $0.16/100ml",
        "brand": "Del Monte",
        "image_url": "https://assets.shop.loblaws.ca/products/20894117003/b3/en/front/20894117003_front_a06_@2.png",
        "image_alt": "Del Monte Guava Nectar 960 ml, $0.16/100ml",
        "price_product_tile": "$1.49$1.49$1.99$1.99SAVE $0.50"
    },
    {
        "id": 46,
        "name": "Orange Juice with Pulp",
        "price": "2.63 l, $0.26/100ml",
        "brand": "Simply",
        "image_url": "https://assets.shop.loblaws.ca/products/21592158/b3/en/front/21592158_front_a06_@2.png",
        "image_alt": "Simply Orange Juice with Pulp 2.63 l, $0.26/100ml",
        "price_product_tile": "$6.79$6.79$7.49$7.49SAVE $0.70"
    },
    {
        "id": 47,
        "name": "Hydrafruit Fruit Fusion Fruit Juice",
        "price": "960 ml, $0.16/100ml",
        "brand": "Oasis",
        "image_url": "https://assets.shop.loblaws.ca/products/21004477/b3/en/front/21004477_front_a06_@2.png",
        "image_alt": "Oasis Hydrafruit Fruit Fusion Fruit Juice 960 ml, $0.16/100ml",
        "price_product_tile": "$1.49$1.49$1.99$1.99SAVE $0.50"
    },
    {
        "id": 48,
        "name": "Limonata Sparkling Spring Water With Real Lemon Pulp And Natural Flavours",
        "price": "4x330.0 ml, $0.40/100ml",
        "brand": "Crodo",
        "image_url": "https://assets.shop.loblaws.ca/products/21298431/b3/en/front/21298431_front_a06_@2.png",
        "image_alt": "Crodo Limonata Sparkling Spring Water With Real Lemon Pulp And Natural Flavours 4x330.0 ml, $0.40/100ml",
        "price_product_tile": "$5.29$5.29"
    },
    {
        "id": 49,
        "name": "8-Vegetable Cocktail",
        "price": "1.89 l, $0.16/100ml",
        "brand": "President's Choice",
        "image_url": "https://assets.shop.loblaws.ca/products/20506849004/b3/en/front/20506849004_front_a06_@2.png",
        "image_alt": "President's Choice 8-Vegetable Cocktail 1.89 l, $0.16/100ml",
        "price_product_tile": "$2.99$2.99$3.29$3.29SAVE $0.30"
    },
    {
        "id": 50,
        "name": "Jasmine Tea Drink",
        "price": "500 ml, $0.40/100ml",
        "brand": "Kang Shi Fu",
        "image_url": "https://assets.shop.loblaws.ca/products/21528502/b3/en/front/21528502_front_a06_@2.png",
        "image_alt": "Kang Shi Fu Jasmine Tea Drink 500 ml, $0.40/100ml",
        "price_product_tile": "$1.99$1.99"
    },
    {
        "id": 51,
        "name": "Clamato, The Works",
        "price": "1.89 l, $0.23/100ml",
        "brand": "Mott's",
        "image_url": "https://assets.shop.loblaws.ca/products/20318955001/b3/en/front/20318955001_front_a06_@2.png",
        "image_alt": "Mott's Clamato, The Works 1.89 l, $0.23/100ml",
        "price_product_tile": "$4.29$4.29"
    },
    {
        "id": 52,
        "name": "Original Tomato Clam Cocktail",
        "price": "1.89 l, $0.16/100ml",
        "brand": "President's Choice",
        "image_url": "https://assets.shop.loblaws.ca/products/20506849003/b3/en/front/20506849003_front_a06_@2.png",
        "image_alt": "President's Choice Original Tomato Clam Cocktail 1.89 l, $0.16/100ml",
        "price_product_tile": "$2.99$2.99$3.49$3.49SAVE $0.50"
    },
    {
        "id": 53,
        "name": "Cranberry Cocktail",
        "price": "3.78 l, $0.16/100ml",
        "brand": "No Name",
        "image_url": "https://assets.shop.loblaws.ca/products/20305325/b3/en/front/20305325_front_a06_@2.png",
        "image_alt": "No Name Cranberry Cocktail 3.78 l, $0.16/100ml",
        "price_product_tile": "$5.99$5.99"
    },
    {
        "id": 54,
        "name": "Ice Black Tea Drink Lemon Flavour",
        "price": "500 ml, $0.40/100ml",
        "brand": "Kang Shi Fu",
        "image_url": "https://assets.shop.loblaws.ca/products/21528503/b3/en/front/21528503_front_a06_@2.png",
        "image_alt": "Kang Shi Fu Ice Black Tea Drink Lemon Flavour 500 ml, $0.40/100ml",
        "price_product_tile": "$1.99$1.99"
    },
    {
        "id": 55,
        "name": "Clamato, Lime",
        "price": "1.89 l, $0.23/100ml",
        "brand": "Mott's",
        "image_url": "https://assets.shop.loblaws.ca/products/20318955004/b3/en/front/20318955004_front_a06_@2.png",
        "image_alt": "Mott's Clamato, Lime 1.89 l, $0.23/100ml",
        "price_product_tile": "$4.29$4.29"
    },
    {
        "id": 56,
        "name": "Banana Strawberry Juice Boxes",
        "price": "10x200.0 ml, $0.25/100ml",
        "brand": "President's Choice",
        "image_url": "https://assets.shop.loblaws.ca/products/21061898/b3/en/front/21061898_front_a06_@2.png",
        "image_alt": "President's Choice Banana Strawberry Juice Boxes  10x200.0 ml, $0.25/100ml",
        "price_product_tile": "$4.99$4.99"
    },
    {
        "id": 57,
        "name": "Blueberry Cocktail",
        "price": "1.89 l, $0.16/100ml",
        "brand": "PC Blue Menu",
        "image_url": "https://assets.shop.loblaws.ca/products/20503101/b3/en/front/20503101_front_a06_@2.png",
        "image_alt": "PC Blue Menu Blueberry Cocktail 1.89 l, $0.16/100ml",
        "price_product_tile": "$2.99$2.99$3.49$3.49SAVE $0.50"
    },
    {
        "id": 58,
        "name": "Tomato Juice",
        "price": "540 ml, $0.46/100ml",
        "brand": "Heinz",
        "image_url": "https://assets.shop.loblaws.ca/products/20025557/b3/en/front/20025557_front_a06_@2.png",
        "image_alt": "Heinz Tomato Juice 540 ml, $0.46/100ml",
        "price_product_tile": "$2.49$2.49"
    },
    {
        "id": 59,
        "name": "Mango Real Fruit Beverage",
        "price": "1.75 l, $0.25/100ml",
        "brand": "Alphonso",
        "image_url": "https://assets.shop.loblaws.ca/products/21128528/b3/en/front/21128528_front_a06_@2.png",
        "image_alt": "Alphonso Mango Real Fruit Beverage 1.75 l, $0.25/100ml",
        "price_product_tile": "$4.29$4.29"
    },
    {
        "id": 60,
        "name": "Guava Real Fruit Beverage",
        "price": "1.75 l, $0.25/100ml",
        "brand": "Alphonso",
        "image_url": "https://assets.shop.loblaws.ca/products/21128530/b3/en/front/21128530_front_a06_@2.png",
        "image_alt": "Alphonso Guava Real Fruit Beverage 1.75 l, $0.25/100ml",
        "price_product_tile": "$4.29$4.29"
    },
    {
        "id": 61,
        "name": "Runnings Coconut Water",
        "price": "500 ml, $0.40/100ml",
        "brand": "Cool Runnings",
        "image_url": "https://assets.shop.loblaws.ca/products/20854361/b3/en/front/20854361_front_a06_@2.png",
        "image_alt": "Cool Runnings Runnings Coconut Water     500 ml, $0.40/100ml",
        "price_product_tile": "$1.99$1.99"
    },
    {
        "id": 62,
        "name": "Clamato, Extra Spicy",
        "price": "1.89 l, $0.23/100ml",
        "brand": "Mott's",
        "image_url": "https://assets.shop.loblaws.ca/products/20318955003/b3/en/front/20318955003_front_a06_@2.png",
        "image_alt": "Mott's Clamato, Extra Spicy 1.89 l, $0.23/100ml",
        "price_product_tile": "$4.29$4.29"
    },
    {
        "id": 63,
        "name": "Beverage",
        "price": "800 ml, $0.75/100ml",
        "brand": "Hamdard",
        "image_url": "https://assets.shop.loblaws.ca/products/21027924/b3/en/front/21027924_front_a06_@2.png",
        "image_alt": "Hamdard Beverage  800 ml, $0.75/100ml",
        "price_product_tile": "$5.99$5.99"
    },
    {
        "id": 64,
        "name": "Vegetable Cocktail",
        "price": "6x156.0 ml, $0.43/100ml",
        "brand": "V8",
        "image_url": "https://assets.shop.loblaws.ca/products/20297564002/b3/en/front/20297564002_front_a06_@2.png",
        "image_alt": "V8 Vegetable Cocktail 6x156.0 ml, $0.43/100ml",
        "price_product_tile": "$3.99$3.99$4.29$4.29SAVE $0.30"
    },
    {
        "id": 65,
        "name": "Cranberry Cocktail",
        "price": "1.89 l, $0.18/100ml",
        "brand": "Allen's",
        "image_url": "https://assets.shop.loblaws.ca/products/21518094/b3/en/front/21518094_front_a06_@2.png",
        "image_alt": "Allen's Cranberry Cocktail 1.89 l, $0.18/100ml",
        "price_product_tile": "$3.49$3.49"
    },
    {
        "id": 66,
        "name": "Green Goodness",
        "price": "1.54 l, $0.55/100ml",
        "brand": "Bolthouse",
        "image_url": "https://assets.shop.loblaws.ca/products/20069494/b3/en/front/20069494_front_a06_@2.png",
        "image_alt": "Bolthouse Green Goodness 1.54 l, $0.55/100ml",
        "price_product_tile": "$8.49$8.49"
    },
    {
        "id": 67,
        "name": "Fruit Juice Cocktail With Natural Flavour And Vitamin C Peach-Mango",
        "price": "2.5 l, $0.24/100ml",
        "brand": "Del Monte",
        "image_url": "https://assets.shop.loblaws.ca/products/21595942/b3/en/front/21595942_front_a06_@2.png",
        "image_alt": "Del Monte Fruit Juice Cocktail With Natural Flavour And Vitamin C Peach-Mango 2.5 l, $0.24/100ml",
        "price_product_tile": "$5.99$5.99$6.29$6.29SAVE $0.30"
    },
    {
        "id": 68,
        "name": "Prune Nectar Unsweetened",
        "price": "1.36 l, $0.44/100ml",
        "brand": "No Name",
        "image_url": "https://assets.shop.loblaws.ca/products/20896738/b3/en/front/20896738_front_a06_@2.png",
        "image_alt": "No Name Prune Nectar Unsweetened 1.36 l, $0.44/100ml",
        "price_product_tile": "$5.99$5.99"
    },
    {
        "id": 69,
        "name": "Zero Sugar Tea, Bottle",
        "price": "1.89 l, $0.18/100ml",
        "brand": "Nestea",
        "image_url": "https://assets.shop.loblaws.ca/products/20861170/b3/en/front/20861170_front_a06_@2.png",
        "image_alt": "Nestea Zero Sugar Tea, Bottle 1.89 l, $0.18/100ml",
        "price_product_tile": "$3.49$3.49"
    },
    {
        "id": 70,
        "name": "Fruit Punch Drink",
        "price": "2 l, $0.14/100ml",
        "brand": "Fruite",
        "image_url": "https://assets.shop.loblaws.ca/products/20109062/b3/en/front/20109062_front_a06_@2.png",
        "image_alt": "Fruite Fruit Punch Drink 2 l, $0.14/100ml",
        "price_product_tile": "$2.79$2.79"
    },
    {
        "id": 71,
        "name": "Iced Tea, Lemon",
        "price": "2.63 l, $0.26/100ml",
        "brand": "Gold Peak",
        "image_url": "https://assets.shop.loblaws.ca/products/21592193/b3/en/front/21592193_front_a06_@2.png",
        "image_alt": "Gold Peak Iced Tea, Lemon 2.63 l, $0.26/100ml",
        "price_product_tile": "$6.79$6.79"
    },
    {
        "id": 72,
        "name": "Pure Apple Juice Low Acid",
        "price": "1.89 l, $0.18/100ml",
        "brand": "Allen's",
        "image_url": "https://assets.shop.loblaws.ca/products/20322764001/b3/en/front/20322764001_front_a06_@2.png",
        "image_alt": "Allen's Pure Apple Juice Low Acid 1.89 l, $0.18/100ml",
        "price_product_tile": "$3.49$3.49"
    },
    {
        "id": 73,
        "name": "No Sugar Fruit Punch Juice Beverage, 8 Pack",
        "price": "8x200.0 ml, $0.25/100ml",
        "brand": "Minute Maid",
        "image_url": "https://assets.shop.loblaws.ca/products/21171755/b3/en/front/21171755_front_a06_@2.png",
        "image_alt": "Minute Maid No Sugar Fruit Punch Juice Beverage, 8 Pack 8x200.0 ml, $0.25/100ml",
        "price_product_tile": "$3.99$3.99"
    },
    {
        "id": 74,
        "name": "Cold Brew Coffee, Black, Unsweetened, No Cream",
        "price": "1.42 l, $0.56/100ml",
        "brand": "SToK",
        "image_url": "https://assets.shop.loblaws.ca/products/21203739/b3/en/front/21203739_front_a06_@2.png",
        "image_alt": "SToK Cold Brew Coffee, Black, Unsweetened, No Cream 1.42 l, $0.56/100ml",
        "price_product_tile": "$7.99$7.99"
    },
    {
        "id": 75,
        "name": "Premium Brewed Ginseng and Honey Green Tea",
        "price": "8x200.0 ml, $0.28/100ml",
        "brand": "Arizona",
        "image_url": "https://assets.shop.loblaws.ca/products/21209650/b3/en/front/21209650_front_a06_@2.png",
        "image_alt": "Arizona Premium Brewed Ginseng and Honey Green Tea 8x200.0 ml, $0.28/100ml",
        "price_product_tile": "$4.49$4.49"
    },
    {
        "id": 76,
        "name": "Fruit Punch Juice Beverage, 10 Pack",
        "price": "10x200.0 ml, $0.20/100ml",
        "brand": "Minute Maid",
        "image_url": "https://assets.shop.loblaws.ca/products/20327042001/b3/en/front/20327042001_front_a06_@2.png",
        "image_alt": "Minute Maid Fruit Punch Juice Beverage, 10 Pack 10x200.0 ml, $0.20/100ml",
        "price_product_tile": "$3.99$3.99"
    },
    {
        "id": 77,
        "name": "Raspberry Iced Tea",
        "price": "1.75 l, $0.25/100ml",
        "brand": "Pure Leaf",
        "image_url": "https://assets.shop.loblaws.ca/products/20755752001/b3/en/front/20755752001_front_a06_@2.png",
        "image_alt": "Pure Leaf Raspberry Iced Tea 1.75 l, $0.25/100ml",
        "price_product_tile": "$4.29$4.29"
    },
    {
        "id": 78,
        "name": "Concord Grape 100% Juice Blend",
        "price": "1 l, $0.20/100ml",
        "brand": "President's Choice",
        "image_url": "https://assets.shop.loblaws.ca/products/21080950/b3/en/front/21080950_front_a06_@2.png",
        "image_alt": "President's Choice Concord Grape 100% Juice Blend 1 l, $0.20/100ml",
        "price_product_tile": "$2.00$2.00"
    },
    {
        "id": 79,
        "name": "Coconut Water with Pulp",
        "price": "500 ml, $0.30/100ml",
        "brand": "Grace",
        "image_url": "https://assets.shop.loblaws.ca/products/20425671/b3/en/front/20425671_front_a06_@2.png",
        "image_alt": "Grace Coconut Water with Pulp 500 ml, $0.30/100ml",
        "price_product_tile": "$1.49$1.49"
    },
    {
        "id": 80,
        "name": "Unsweetened Pineapple Juice",
        "price": "1.36 l, $0.29/100ml",
        "brand": "No Name",
        "image_url": "https://assets.shop.loblaws.ca/products/20105565/b3/en/front/20105565_front_a06_@2.png",
        "image_alt": "No Name Unsweetened Pineapple Juice 1.36 l, $0.29/100ml",
        "price_product_tile": "$3.99$3.99"
    },
    {
        "id": 81,
        "name": "Black Sugar Milk Tea",
        "price": "390 ml, $0.84/100ml",
        "brand": "OKF",
        "image_url": "https://assets.shop.loblaws.ca/products/21531782/b3/en/front/21531782_front_a06_@2.png",
        "image_alt": "OKF Black Sugar Milk Tea 390 ml, $0.84/100ml",
        "price_product_tile": "$3.29$3.29"
    },
    {
        "id": 82,
        "name": "Peach Cocktail",
        "price": "8x200.0 ml, $0.19/100ml",
        "brand": "Allen's",
        "image_url": "https://assets.shop.loblaws.ca/products/20315996001/b3/en/front/20315996001_front_a06_@2.png",
        "image_alt": "Allen's Peach Cocktail 8x200.0 ml, $0.19/100ml",
        "price_product_tile": "$2.99$2.99"
    },
    {
        "id": 83,
        "name": "Peach Clementine Juice",
        "price": "8x200.0 ml, $0.28/100ml",
        "brand": "Oasis",
        "image_url": "https://assets.shop.loblaws.ca/products/20315764009/b3/en/front/20315764009_front_a06_@2.png",
        "image_alt": "Oasis Peach Clementine Juice 8x200.0 ml, $0.28/100ml",
        "price_product_tile": "$4.49$4.49"
    },
    {
        "id": 84,
        "name": "Cucumber Mint Flavour Green Tea",
        "price": "1.54 l, $0.26/100ml",
        "brand": "President's Choice",
        "image_url": "https://assets.shop.loblaws.ca/products/21430567/b3/en/front/21430567_front_a06_@2.png",
        "image_alt": "President's Choice Cucumber Mint Flavour Green Tea 1.54 l, $0.26/100ml",
        "price_product_tile": "$3.99$3.99"
    },
    {
        "id": 85,
        "name": "Hydrafruit Watermelon Apple Fruit Juice Boxes",
        "price": "8x200.0 ml, $0.28/100ml",
        "brand": "Oasis",
        "image_url": "https://assets.shop.loblaws.ca/products/20944455/b3/en/front/20944455_front_a06_@2.png",
        "image_alt": "Oasis Hydrafruit Watermelon Apple Fruit Juice Boxes 8x200.0 ml, $0.28/100ml",
        "price_product_tile": "$4.49$4.49"
    },
    {
        "id": 86,
        "name": "Single Strength Lemon Juice",
        "price": "125 ml, $0.80/100ml",
        "brand": "Real Lemon",
        "image_url": "https://assets.shop.loblaws.ca/products/20298903001/b3/en/front/20298903001_front_a06_@2.png",
        "image_alt": "Real Lemon Single Strength Lemon Juice 125 ml, $0.80/100ml",
        "price_product_tile": "$1.00$1.00"
    },
    {
        "id": 87,
        "name": "Red Grapefruit",
        "price": "1.54 l, $0.36/100ml",
        "brand": "Tropicana",
        "image_url": "https://assets.shop.loblaws.ca/products/21209809/b3/en/front/21209809_front_a06_@2.png",
        "image_alt": "Tropicana Red Grapefruit 1.54 l, $0.36/100ml",
        "price_product_tile": "$5.49$5.49$5.79$5.79SAVE $0.30"
    },
    {
        "id": 88,
        "name": "Jammers, Strawberry Kiwi",
        "price": "10x180.0 ml, $0.16/100ml",
        "brand": "Kool-Aid",
        "image_url": "https://assets.shop.loblaws.ca/products/20079976004/b3/en/front/20079976004_front_a06_@2.png",
        "image_alt": "Kool-Aid Jammers, Strawberry Kiwi 10x180.0 ml, $0.16/100ml",
        "price_product_tile": "$2.79$2.79$3.29$3.29SAVE $0.50"
    },
    {
        "id": 89,
        "name": "Hydrafruit Peach Juice Boxes",
        "price": "200 ml, $2.25/100ml",
        "brand": "Oasis",
        "image_url": "https://assets.shop.loblaws.ca/products/21518021/b3/en/front/21518021_front_a06_@2.png",
        "image_alt": "Oasis Hydrafruit Peach Juice Boxes 200 ml, $2.25/100ml",
        "price_product_tile": "$4.49$4.49"
    },
    {
        "id": 90,
        "name": "Rasberry Tea, Carafe",
        "price": "1.75 l, $0.26/100ml",
        "brand": "Gold Peak",
        "image_url": "https://assets.shop.loblaws.ca/products/21013895/b3/en/front/21013895_front_a06_@2.png",
        "image_alt": "Gold Peak Rasberry Tea, Carafe 1.75 l, $0.26/100ml",
        "price_product_tile": "$4.49$4.49"
    },
    {
        "id": 91,
        "name": "Lemon Iced Tea",
        "price": "2 l, $0.14/100ml",
        "brand": "Fruite",
        "image_url": "https://assets.shop.loblaws.ca/products/21433563/b3/en/front/21433563_front_a06_@2.png",
        "image_alt": "Fruite Lemon Iced Tea 2 l, $0.14/100ml",
        "price_product_tile": "$2.79$2.79"
    },
    {
        "id": 92,
        "name": "Hydrafruit Tropical Fruits Beverage",
        "price": "960 ml, $0.16/100ml",
        "brand": "Oasis",
        "image_url": "https://assets.shop.loblaws.ca/products/21433565/b3/en/front/21433565_front_a06_@2.png",
        "image_alt": "Oasis Hydrafruit Tropical Fruits Beverage 960 ml, $0.16/100ml",
        "price_product_tile": "$1.49$1.49$1.99$1.99SAVE $0.50"
    },
    {
        "id": 93,
        "name": "Diet Cranberry Juice",
        "price": "1.89 l, $0.24/100ml",
        "brand": "Ocean Spray",
        "image_url": "https://assets.shop.loblaws.ca/products/20300006003/b3/en/front/20300006003_front_a06_@2.png",
        "image_alt": "Ocean Spray Diet Cranberry Juice 1.89 l, $0.24/100ml",
        "price_product_tile": "$4.49$4.49"
    },
    {
        "id": 94,
        "name": "Tropical Refreshing Beverage",
        "price": "1.89 l, $0.18/100ml",
        "brand": "Del Monte",
        "image_url": "https://assets.shop.loblaws.ca/products/21574890/b3/en/front/21574890_front_a06_@2.png",
        "image_alt": "Del Monte Tropical Refreshing Beverage 1.89 l, $0.18/100ml",
        "price_product_tile": "$3.49$3.49"
    },
    {
        "id": 95,
        "name": "Hydrafruit Watermelon Apple Fruit Juice",
        "price": "960 ml, $0.16/100ml",
        "brand": "Oasis",
        "image_url": "https://assets.shop.loblaws.ca/products/20943966/b3/en/front/20943966_front_a06_@2.png",
        "image_alt": "Oasis Hydrafruit Watermelon Apple Fruit Juice 960 ml, $0.16/100ml",
        "price_product_tile": "$1.49$1.49$1.99$1.99SAVE $0.50"
    },
    {
        "id": 96,
        "name": "Fruit Punch, No Sugar Added",
        "price": "1.54 l, $0.26/100ml",
        "brand": "Minute Maid",
        "image_url": "https://assets.shop.loblaws.ca/products/21434122/b3/en/front/21434122_front_a06_@2.png",
        "image_alt": "Minute Maid Fruit Punch, No Sugar Added 1.54 l, $0.26/100ml",
        "price_product_tile": "$3.99$3.99"
    },
    {
        "id": 97,
        "name": "Ruby Red Grapefruit Cocktail",
        "price": "1.89 l, $0.16/100ml",
        "brand": "President's Choice",
        "image_url": "https://assets.shop.loblaws.ca/products/20184617001/b3/en/front/20184617001_front_a06_@2.png",
        "image_alt": "President's Choice Ruby Red Grapefruit Cocktail 1.89 l, $0.16/100ml",
        "price_product_tile": "$2.99$2.99$3.49$3.49SAVE $0.50"
    },
    {
        "id": 98,
        "name": "Mango Citrus Juice",
        "price": "1.75 l, $0.22/100ml",
        "brand": "Five Alive",
        "image_url": "https://assets.shop.loblaws.ca/products/20348331003/b3/en/front/20348331003_front_a06_@2.png",
        "image_alt": "Five Alive Mango Citrus Juice 1.75 l, $0.22/100ml",
        "price_product_tile": "$3.79$3.79$3.99$3.99SAVE $0.20"
    },
    {
        "id": 99,
        "name": "Lemonade",
        "price": "1 l, $0.15/100ml",
        "brand": "Allen's",
        "image_url": "https://assets.shop.loblaws.ca/products/21433566/b3/en/front/21433566_front_a06_@2.png",
        "image_alt": "Allen's Lemonade 1 l, $0.15/100ml",
        "price_product_tile": "$1.49$1.49"
    },
    {
        "id": 100,
        "name": "Peach Lychee Refreshing Beverage",
        "price": "1.89 l, $0.18/100ml",
        "brand": "Del Monte",
        "image_url": "https://assets.shop.loblaws.ca/products/21575061/b3/en/front/21575061_front_a06_@2.png",
        "image_alt": "Del Monte Peach Lychee Refreshing Beverage 1.89 l, $0.18/100ml",
        "price_product_tile": "$3.49$3.49"
    },
    {
        "id": 101,
        "name": "Orange Juice with Pulp",
        "price": "1.54 l, $0.29/100ml",
        "brand": "President's Choice",
        "image_url": "https://assets.shop.loblaws.ca/products/21430539/b3/en/front/21430539_front_a06_@2.png",
        "image_alt": "President's Choice Orange Juice with Pulp 1.54 l, $0.29/100ml",
        "price_product_tile": "$4.49$4.49"
    },
    {
        "id": 102,
        "name": "Blue Goodness",
        "price": "946 ml, $0.69/100ml",
        "brand": "Bolthouse",
        "image_url": "https://assets.shop.loblaws.ca/products/20319871/b3/en/front/20319871_front_a06_@2.png",
        "image_alt": "Bolthouse Blue Goodness 946 ml, $0.69/100ml",
        "price_product_tile": "$6.49$6.49"
    },
    {
        "id": 103,
        "name": "100% Cranberry Juice Blend",
        "price": "1.89 l, $0.23/100ml",
        "brand": "President's Choice",
        "image_url": "https://assets.shop.loblaws.ca/products/20320042002/b3/en/front/20320042002_front_a06_@2.png",
        "image_alt": "President's Choice 100% Cranberry Juice Blend 1.89 l, $0.23/100ml",
        "price_product_tile": "$4.29$4.29"
    },
    {
        "id": 104,
        "name": "Jammers, Orange",
        "price": "10x180.0 ml, $0.16/100ml",
        "brand": "Kool-Aid",
        "image_url": "https://assets.shop.loblaws.ca/products/20079976005/b3/en/front/20079976005_front_a06_@2.png",
        "image_alt": "Kool-Aid Jammers, Orange 10x180.0 ml, $0.16/100ml",
        "price_product_tile": "$2.79$2.79$3.29$3.29SAVE $0.50"
    },
    {
        "id": 105,
        "name": "Low Calorie Cranberry Raspberry Cocktail",
        "price": "1.89 l, $0.24/100ml",
        "brand": "Ocean Spray",
        "image_url": "https://assets.shop.loblaws.ca/products/20300006001/b3/en/front/20300006001_front_a06_@2.png",
        "image_alt": "Ocean Spray Low Calorie Cranberry Raspberry Cocktail 1.89 l, $0.24/100ml",
        "price_product_tile": "$4.49$4.49"
    },
    {
        "id": 106,
        "name": "Vegetable Cocktail Spicy",
        "price": "6x156.0 ml, $0.43/100ml",
        "brand": "V8",
        "image_url": "https://assets.shop.loblaws.ca/products/21577740/b3/en/front/21577740_front_a06_@2.png",
        "image_alt": "V8 Vegetable Cocktail Spicy 6x156.0 ml, $0.43/100ml",
        "price_product_tile": "$3.99$3.99$4.49$4.49SAVE $0.50"
    },
    {
        "id": 107,
        "name": "Health Break Berry Pomegranate Antioxidant Juice",
        "price": "1.6 l, $0.28/100ml",
        "brand": "Oasis",
        "image_url": "https://assets.shop.loblaws.ca/products/21529899/b3/en/front/21529899_front_a06_@2.png",
        "image_alt": "Oasis Health Break Berry Pomegranate Antioxidant Juice 1.6 l, $0.28/100ml",
        "price_product_tile": "$4.49$4.49"
    },
    {
        "id": 108,
        "name": "Mango Cocktail (Case)",
        "price": "21x200.0 ml, $0.12/100ml",
        "brand": "Allen's",
        "image_url": "https://assets.shop.loblaws.ca/products/21021397/b3/en/front/21021397_front_a06_@2.png",
        "image_alt": "Allen's Mango Cocktail (Case) 21x200.0 ml, $0.12/100ml",
        "price_product_tile": "$4.99$4.99"
    },
    {
        "id": 109,
        "name": "Real Fruit Beverage Guava Strawberry",
        "price": "1.75 l, $0.25/100ml",
        "brand": "Alphonso",
        "image_url": "https://assets.shop.loblaws.ca/products/21128527/b3/en/front/21128527_front_a06_@2.png",
        "image_alt": "Alphonso Real Fruit Beverage Guava Strawberry 1.75 l, $0.25/100ml",
        "price_product_tile": "$4.29$4.29"
    },
    {
        "id": 110,
        "name": "Lemon Iced Tea",
        "price": "3.78 l, $0.15/100ml",
        "brand": "No Name",
        "image_url": "https://assets.shop.loblaws.ca/products/20276318003/b3/en/front/20276318003_front_a06_@2.png",
        "image_alt": "No Name Lemon Iced Tea 3.78 l, $0.15/100ml",
        "price_product_tile": "$5.49$5.49"
    },
    {
        "id": 111,
        "name": "Apple Grape Juice Boxes",
        "price": "10x200.0 ml, $0.25/100ml",
        "brand": "President's Choice",
        "image_url": "https://assets.shop.loblaws.ca/products/21061947/b3/en/front/21061947_front_a06_@2.png",
        "image_alt": "President's Choice Apple Grape Juice Boxes  10x200.0 ml, $0.25/100ml",
        "price_product_tile": "$4.99$4.99"
    },
    {
        "id": 112,
        "name": "Mango Nectar",
        "price": "473 ml, $0.27/100ml",
        "brand": "Cool Runnings",
        "image_url": "https://assets.shop.loblaws.ca/products/20702979/b3/en/front/20702979_front_a06_@2.png",
        "image_alt": "Cool Runnings Mango Nectar 473 ml, $0.27/100ml",
        "price_product_tile": "$1.29$1.29"
    },
    {
        "id": 113,
        "name": "V-Go Vegetable Cocktail, Low Sodium",
        "price": "1.89 l, $0.24/100ml",
        "brand": "V8",
        "image_url": "https://assets.shop.loblaws.ca/products/20077351003/b3/en/front/20077351003_front_a06_@2.png",
        "image_alt": "V8 V-Go Vegetable Cocktail, Low Sodium 1.89 l, $0.24/100ml",
        "price_product_tile": "$4.49$4.49"
    },
    {
        "id": 114,
        "name": "Juice Drink Dragon Fruit",
        "price": "1 l, $0.28/100ml",
        "brand": "Rubicon",
        "image_url": "https://assets.shop.loblaws.ca/products/21529635/b3/en/front/21529635_front_a06_@2.png",
        "image_alt": "Rubicon Juice Drink Dragon Fruit 1 l, $0.28/100ml",
        "price_product_tile": "$2.79$2.79"
    },
    {
        "id": 115,
        "name": "Strawberry Watermelon Fruit Juice Beverage Boxes",
        "price": "10x200.0 ml, $2.50/100ml",
        "brand": "PC Blue Menu",
        "image_url": "https://assets.shop.loblaws.ca/products/21358303/b3/en/front/21358303_front_a06_@2.png",
        "image_alt": "PC Blue Menu Strawberry Watermelon Fruit Juice Beverage Boxes 10x200.0 ml, $2.50/100ml",
        "price_product_tile": "$4.99$4.99"
    },
    {
        "id": 116,
        "name": "Tropical Rhythms, Mango & Carrot",
        "price": "473 ml, $0.48/100ml",
        "brand": "Grace",
        "image_url": "https://assets.shop.loblaws.ca/products/20253380003/b3/en/front/20253380003_front_a06_@2.png",
        "image_alt": "Grace Tropical Rhythms, Mango & Carrot 473 ml, $0.48/100ml",
        "price_product_tile": "$2.29$2.29"
    },
    {
        "id": 117,
        "name": "Juice Drink, Diet Cranberry",
        "price": "6x295.0 ml, $0.34/100ml",
        "brand": "Ocean Spray",
        "image_url": "https://assets.shop.loblaws.ca/products/20501479/b3/en/front/20501479_front_a06_@2.png",
        "image_alt": "Ocean Spray Juice Drink, Diet Cranberry 6x295.0 ml, $0.34/100ml",
        "price_product_tile": "$5.99$5.99"
    },
    {
        "id": 118,
        "name": "Mango Pineapple Fruit Juice Beverage Boxes",
        "price": "10x200.0 ml, $2.50/100ml",
        "brand": "PC Blue Menu",
        "image_url": "https://assets.shop.loblaws.ca/products/21358212/b3/en/front/21358212_front_a06_@2.png",
        "image_alt": "PC Blue Menu Mango Pineapple Fruit Juice Beverage Boxes 10x200.0 ml, $2.50/100ml",
        "price_product_tile": "$4.99$4.99"
    },
    {
        "id": 119,
        "name": "Tomato Juice",
        "price": "1.36 l, $0.24/100ml",
        "brand": "No Name",
        "image_url": "https://assets.shop.loblaws.ca/products/20567432/b3/en/front/20567432_front_a06_@2.png",
        "image_alt": "No Name Tomato Juice 1.36 l, $0.24/100ml",
        "price_product_tile": "$3.29$3.29"
    },
    {
        "id": 120,
        "name": "Lemonade Juice Boxes",
        "price": "8x200.0 ml, $0.19/100ml",
        "brand": "Allen's",
        "image_url": "https://assets.shop.loblaws.ca/products/21433608/b3/en/front/21433608_front_a06_@2.png",
        "image_alt": "Allen's Lemonade Juice Boxes 8x200.0 ml, $0.19/100ml",
        "price_product_tile": "$2.99$2.99"
    },
    {
        "id": 121,
        "name": "Cranberry Cocktail",
        "price": "6x295.0 ml, $0.34/100ml",
        "brand": "Ocean Spray",
        "image_url": "https://assets.shop.loblaws.ca/products/20501480/b3/en/front/20501480_front_a06_@2.png",
        "image_alt": "Ocean Spray Cranberry Cocktail 6x295.0 ml, $0.34/100ml",
        "price_product_tile": "$5.99$5.99"
    },
    {
        "id": 122,
        "name": "Mango Juice Boxes",
        "price": "10x200.0 ml, $0.25/100ml",
        "brand": "President's Choice",
        "image_url": "https://assets.shop.loblaws.ca/products/21061883/b3/en/front/21061883_front_a06_@2.png",
        "image_alt": "President's Choice Mango Juice Boxes  10x200.0 ml, $0.25/100ml",
        "price_product_tile": "$4.99$4.99"
    },
    {
        "id": 123,
        "name": "Raspberry Orange Juice Boxes",
        "price": "10x200.0 ml, $0.25/100ml",
        "brand": "President's Choice",
        "image_url": "https://assets.shop.loblaws.ca/products/21061904/b3/en/front/21061904_front_a06_@2.png",
        "image_alt": "President's Choice Raspberry Orange Juice Boxes  10x200.0 ml, $0.25/100ml",
        "price_product_tile": "$4.99$4.99"
    },
    {
        "id": 124,
        "name": "Garden Cocktail, Low Sodium",
        "price": "1.89 l, $0.23/100ml",
        "brand": "Mott's",
        "image_url": "https://assets.shop.loblaws.ca/products/20182121003/b3/en/front/20182121003_front_a06_@2.png",
        "image_alt": "Mott's Garden Cocktail, Low Sodium 1.89 l, $0.23/100ml",
        "price_product_tile": "$4.29$4.29"
    },
    {
        "id": 125,
        "name": "Green Tea Drink Honey Jasmine Flavour",
        "price": "2 l, $0.32/100ml",
        "brand": "Kang Shi Fu",
        "image_url": "https://assets.shop.loblaws.ca/products/21574921/b3/en/front/21574921_front_a06_@2.png",
        "image_alt": "Kang Shi Fu Green Tea Drink Honey Jasmine Flavour 2 l, $0.32/100ml",
        "price_product_tile": "$6.49$6.49"
    },
    {
        "id": 126,
        "name": "Motts Clamato, Pickled Bean",
        "price": "1.89 l, $0.23/100ml",
        "brand": "Mott's",
        "image_url": "https://assets.shop.loblaws.ca/products/21006644/b3/en/front/21006644_front_a06_@2.png",
        "image_alt": "Mott's Motts Clamato, Pickled Bean 1.89 l, $0.23/100ml",
        "price_product_tile": "$4.29$4.29"
    },
    {
        "id": 127,
        "name": "Pear Juice With Rock Sugar Drink",
        "price": "500 ml, $0.40/100ml",
        "brand": "Kang Shi Fu",
        "image_url": "https://assets.shop.loblaws.ca/products/21528497/b3/en/front/21528497_front_a06_@2.png",
        "image_alt": "Kang Shi Fu Pear Juice With Rock Sugar Drink 500 ml, $0.40/100ml",
        "price_product_tile": "$1.99$1.99"
    },
    {
        "id": 128,
        "name": "Vegetable Cocktail, Low Sodium",
        "price": "6x156.0 ml, $0.43/100ml",
        "brand": "V8",
        "image_url": "https://assets.shop.loblaws.ca/products/20297564001/b3/en/front/20297564001_front_a06_@2.png",
        "image_alt": "V8 Vegetable Cocktail, Low Sodium 6x156.0 ml, $0.43/100ml",
        "price_product_tile": "$3.99$3.99$4.29$4.29SAVE $0.30"
    },
    {
        "id": 129,
        "name": "Cranberry Diet Beverage",
        "price": "1.89 l, $0.18/100ml",
        "brand": "Allen's",
        "image_url": "https://assets.shop.loblaws.ca/products/21518025/b3/en/front/21518025_front_a06_@2.png",
        "image_alt": "Allen's Cranberry Diet Beverage 1.89 l, $0.18/100ml",
        "price_product_tile": "$3.49$3.49"
    },
    {
        "id": 130,
        "name": "Premium Pineapple Juice",
        "price": "1.36 l, $0.35/100ml",
        "brand": "Dole",
        "image_url": "https://assets.shop.loblaws.ca/products/20037838/b3/en/front/20037838_front_a06_@2.png",
        "image_alt": "Dole Premium Pineapple Juice 1.36 l, $0.35/100ml",
        "price_product_tile": "$4.79$4.79"
    },
    {
        "id": 131,
        "name": "Tropical Mango Juice",
        "price": "1.36 l, $0.26/100ml",
        "brand": "SunRype",
        "image_url": "https://assets.shop.loblaws.ca/products/20648778003/b3/en/front/20648778003_front_a06_@2.png",
        "image_alt": "SunRype Tropical Mango Juice 1.36 l, $0.26/100ml",
        "price_product_tile": "$3.49$3.49$3.79$3.79SAVE $0.30"
    },
    {
        "id": 132,
        "name": "Cranberry Raspberry Cocktail",
        "price": "1.89 l, $0.18/100ml",
        "brand": "Allen's",
        "image_url": "https://assets.shop.loblaws.ca/products/21518100/b3/en/front/21518100_front_a06_@2.png",
        "image_alt": "Allen's Cranberry Raspberry Cocktail 1.89 l, $0.18/100ml",
        "price_product_tile": "$3.49$3.49"
    },
    {
        "id": 133,
        "name": "Blueberry Burst",
        "price": "1.36 l, $0.26/100ml",
        "brand": "SunRype",
        "image_url": "https://assets.shop.loblaws.ca/products/20648778002/b3/en/front/20648778002_front_a06_@2.png",
        "image_alt": "SunRype Blueberry Burst 1.36 l, $0.26/100ml",
        "price_product_tile": "$3.49$3.49$3.79$3.79SAVE $0.30"
    },
    {
        "id": 134,
        "name": "100% Pure McIntosh Apple Juice",
        "price": "2 l, $0.17/100ml",
        "brand": "Rougemont",
        "image_url": "https://assets.shop.loblaws.ca/products/20185265003/b3/en/front/20185265003_front_a06_@2.png",
        "image_alt": "Rougemont 100% Pure McIntosh Apple Juice 2 l, $0.17/100ml",
        "price_product_tile": "$3.49$3.49"
    },
    {
        "id": 135,
        "name": "Fruit Integration Fruit Beverage",
        "price": "1.75 l, $0.14/100ml",
        "brand": "Fruitopia",
        "image_url": "https://assets.shop.loblaws.ca/products/20347440002/b3/en/front/20347440002_front_a06_@2.png",
        "image_alt": "Fruitopia Fruit Integration Fruit Beverage 1.75 l, $0.14/100ml",
        "price_product_tile": "$2.49$2.49"
    },
    {
        "id": 136,
        "name": "Pulp Free Orange Juice, Calcium & Vitamin D Added",
        "price": "2.63 l, $0.27/100ml",
        "brand": "Tropicana",
        "image_url": "https://assets.shop.loblaws.ca/products/20324177001/b3/en/front/20324177001_front_a06_@2.png",
        "image_alt": "Tropicana Pulp Free Orange Juice, Calcium & Vitamin D Added 2.63 l, $0.27/100ml",
        "price_product_tile": "$6.99$6.99"
    },
    {
        "id": 137,
        "name": "Cocktail Cranberry Pink",
        "price": "1.89 l, $0.24/100ml",
        "brand": "Ocean Spray",
        "image_url": "https://assets.shop.loblaws.ca/products/21167178/b3/en/front/21167178_front_a06_@2.png",
        "image_alt": "Ocean Spray Cocktail Cranberry Pink 1.89 l, $0.24/100ml",
        "price_product_tile": "$4.49$4.49"
    },
    {
        "id": 138,
        "name": "100% Natural Iced Tea with Lemon",
        "price": "8x200.0 ml, $0.28/100ml",
        "brand": "Arizona",
        "image_url": "https://assets.shop.loblaws.ca/products/21165148/b3/en/front/21165148_front_a06_@2.png",
        "image_alt": "Arizona 100% Natural Iced Tea with Lemon 8x200.0 ml, $0.28/100ml",
        "price_product_tile": "$4.49$4.49"
    },
    {
        "id": 139,
        "name": "Apple Drink",
        "price": "2 l, $0.10/100ml",
        "brand": "No Name",
        "image_url": "https://assets.shop.loblaws.ca/products/20320439006/b3/en/front/20320439006_front_a06_@2.png",
        "image_alt": "No Name Apple Drink 2 l, $0.10/100ml",
        "price_product_tile": "$2.00$2.00"
    },
    {
        "id": 140,
        "name": "Peach Cocktail",
        "price": "1 l, $0.15/100ml",
        "brand": "Allen's",
        "image_url": "https://assets.shop.loblaws.ca/products/20307424003/b3/en/front/20307424003_front_a06_@2.png",
        "image_alt": "Allen's Peach Cocktail 1 l, $0.15/100ml",
        "price_product_tile": "$1.49$1.49"
    },
    {
        "id": 141,
        "name": "Fruit Punch Cocktail (Case)",
        "price": "24x200.0 ml, $0.17/100ml",
        "brand": "Allen's",
        "image_url": "https://assets.shop.loblaws.ca/products/20822506001/b3/en/front/20822506001_front_a06_@2.png",
        "image_alt": "Allen's Fruit Punch Cocktail (Case) 24x200.0 ml, $0.17/100ml",
        "price_product_tile": "$7.99$7.99"
    },
    {
        "id": 142,
        "name": "Berry Boost",
        "price": "946 ml, $0.69/100ml",
        "brand": "Bolthouse",
        "image_url": "https://assets.shop.loblaws.ca/products/20325816/b3/en/front/20325816_front_a06_@2.png",
        "image_alt": "Bolthouse Berry Boost 946 ml, $0.69/100ml",
        "price_product_tile": "$6.49$6.49"
    },
    {
        "id": 143,
        "name": "Jammers Cherry",
        "price": "10x180.0 ml, $0.16/100ml",
        "brand": "Kool-Aid",
        "image_url": "https://assets.shop.loblaws.ca/products/20079976002/b3/en/front/20079976002_front_a06_@2.png",
        "image_alt": "Kool-Aid Jammers Cherry 10x180.0 ml, $0.16/100ml",
        "price_product_tile": "$2.79$2.79$3.29$3.29SAVE $0.50"
    },
    {
        "id": 144,
        "name": "Fruit Punch Cocktail",
        "price": "8x200.0 ml, $0.19/100ml",
        "brand": "Allen's",
        "image_url": "https://assets.shop.loblaws.ca/products/20315996003/b3/en/front/20315996003_front_a06_@2.png",
        "image_alt": "Allen's Fruit Punch Cocktail 8x200.0 ml, $0.19/100ml",
        "price_product_tile": "$2.99$2.99"
    },
    {
        "id": 145,
        "name": "Pineapple-Orange Juice\u00a0Blend",
        "price": "2.5 l, $0.24/100ml",
        "brand": "Del Monte",
        "image_url": "https://assets.shop.loblaws.ca/products/21437174/b3/en/front/21437174_front_a06_@2.png",
        "image_alt": "Del Monte Pineapple-Orange Juice\u00a0Blend 2.5 l, $0.24/100ml",
        "price_product_tile": "$5.99$5.99"
    },
    {
        "id": 146,
        "name": "Exotic Mango Fruit Juice",
        "price": "8x200.0 ml, $0.28/100ml",
        "brand": "Oasis",
        "image_url": "https://assets.shop.loblaws.ca/products/20315764007/b3/en/front/20315764007_front_a06_@2.png",
        "image_alt": "Oasis Exotic Mango Fruit Juice 8x200.0 ml, $0.28/100ml",
        "price_product_tile": "$4.49$4.49"
    },
    {
        "id": 147,
        "name": "Nutri Bone Support 100% Orange Juice, Carton",
        "price": "1.75 l, $0.31/100ml",
        "brand": "Minute Maid",
        "image_url": "https://assets.shop.loblaws.ca/products/20345605002/b3/en/front/20345605002_front_a06_@2.png",
        "image_alt": "Minute Maid Nutri Bone Support 100% Orange Juice, Carton 1.75 l, $0.31/100ml",
        "price_product_tile": "$5.49$5.49$5.79$5.79SAVE $0.30"
    },
    {
        "id": 148,
        "name": "100% Pineapple Juice",
        "price": "1 l, $0.20/100ml",
        "brand": "President's Choice",
        "image_url": "https://assets.shop.loblaws.ca/products/21080958/b3/en/front/21080958_front_a06_@2.png",
        "image_alt": "President's Choice 100% Pineapple Juice 1 l, $0.20/100ml",
        "price_product_tile": "$2.00$2.00"
    },
    {
        "id": 149,
        "name": "Cranberry Mango Cocktail",
        "price": "1.89 l, $0.24/100ml",
        "brand": "Ocean Spray",
        "image_url": "https://assets.shop.loblaws.ca/products/20894889001/b3/en/front/20894889001_front_a06_@2.png",
        "image_alt": "Ocean Spray Cranberry Mango Cocktail 1.89 l, $0.24/100ml",
        "price_product_tile": "$4.49$4.49"
    },
    {
        "id": 150,
        "name": "Pure Apple Juice Low Acid",
        "price": "8x200.0 ml, $0.19/100ml",
        "brand": "Allen's",
        "image_url": "https://assets.shop.loblaws.ca/products/20315996002/b3/en/front/20315996002_front_a06_@2.png",
        "image_alt": "Allen's Pure Apple Juice Low Acid 8x200.0 ml, $0.19/100ml",
        "price_product_tile": "$2.99$2.99"
    },
    {
        "id": 151,
        "name": "Grape Drink Boxes",
        "price": "10x200.0 ml, $0.17/100ml",
        "brand": "No Name",
        "image_url": "https://assets.shop.loblaws.ca/products/20503035004/b3/en/front/20503035004_front_a06_@2.png",
        "image_alt": "No Name Grape Drink Boxes 10x200.0 ml, $0.17/100ml",
        "price_product_tile": "$3.49$3.49"
    },
    {
        "id": 152,
        "name": "Real Fruit Beverage Peach Mango, 8",
        "price": "8x200.0 ml, $0.25/100ml",
        "brand": "Minute Maid",
        "image_url": "https://assets.shop.loblaws.ca/products/21175259/b3/en/front/21175259_front_a06_@2.png",
        "image_alt": "Minute Maid Real Fruit Beverage Peach Mango, 8 8x200.0 ml, $0.25/100ml",
        "price_product_tile": "$3.99$3.99"
    },
    {
        "id": 153,
        "name": "Smooth",
        "price": "1.89 l, $0.13/100ml",
        "brand": "Sunny Delight",
        "image_url": "https://assets.shop.loblaws.ca/products/21102505/b3/en/front/21102505_front_a06_@2.png",
        "image_alt": "Sunny Delight Smooth 1.89 l, $0.13/100ml",
        "price_product_tile": "$2.49$2.49$3.49$3.49SAVE $1.00"
    },
    {
        "id": 154,
        "name": "100% Pure Coconut Water",
        "price": "1 l, $0.35/100ml",
        "brand": "Grace",
        "image_url": "https://assets.shop.loblaws.ca/products/20779456/b3/en/front/20779456_front_a06_@2.png",
        "image_alt": "Grace 100% Pure Coconut Water 1 l, $0.35/100ml",
        "price_product_tile": "$3.49$3.49$3.79$3.79SAVE $0.30"
    },
    {
        "id": 155,
        "name": "Peach Mango Juice Beverage, Carton",
        "price": "1 l, $0.20/100ml",
        "brand": "Minute Maid",
        "image_url": "https://assets.shop.loblaws.ca/products/21237907/b3/en/front/21237907_front_a06_@2.png",
        "image_alt": "Minute Maid Peach Mango Juice Beverage, Carton 1 l, $0.20/100ml",
        "price_product_tile": "$1.99$1.99"
    },
    {
        "id": 156,
        "name": "Low Acid 100% Orange Juice From Concentrate, Carton",
        "price": "1.75 l, $0.25/100ml",
        "brand": "Minute Maid",
        "image_url": "https://assets.shop.loblaws.ca/products/20345605004/b3/en/front/20345605004_front_a06_@2.png",
        "image_alt": "Minute Maid Low Acid 100% Orange Juice From Concentrate, Carton 1.75 l, $0.25/100ml",
        "price_product_tile": "$4.29$4.29"
    },
    {
        "id": 157,
        "name": "Mixed Berry Juice Beverage, 8 Pack",
        "price": "8x200.0 ml, $0.25/100ml",
        "brand": "Minute Maid",
        "image_url": "https://assets.shop.loblaws.ca/products/21093276/b3/en/front/21093276_front_a06_@2.png",
        "image_alt": "Minute Maid Mixed Berry Juice Beverage, 8 Pack 8x200.0 ml, $0.25/100ml",
        "price_product_tile": "$3.99$3.99"
    },
    {
        "id": 158,
        "name": "Pineapple Mango With Lime Beverage",
        "price": "1.54 l, $0.28/100ml",
        "brand": "Tropicana",
        "image_url": "https://assets.shop.loblaws.ca/products/21354951/b3/en/front/21354951_front_a06_@2.png",
        "image_alt": "Tropicana Pineapple Mango With Lime Beverage   1.54 l, $0.28/100ml",
        "price_product_tile": "$4.29$4.29"
    },
    {
        "id": 159,
        "name": "Extra Pulp Orange Juice",
        "price": "1.54 l, $0.29/100ml",
        "brand": "President's Choice",
        "image_url": "https://assets.shop.loblaws.ca/products/21430537/b3/en/front/21430537_front_a06_@2.png",
        "image_alt": "President's Choice Extra Pulp Orange Juice 1.54 l, $0.29/100ml",
        "price_product_tile": "$4.49$4.49"
    },
    {
        "id": 160,
        "name": "100% Orange Juice",
        "price": "1 l, $0.20/100ml",
        "brand": "President's Choice",
        "image_url": "https://assets.shop.loblaws.ca/products/21080960/b3/en/front/21080960_front_a06_@2.png",
        "image_alt": "President's Choice 100% Orange Juice 1 l, $0.20/100ml",
        "price_product_tile": "$2.00$2.00"
    },
    {
        "id": 161,
        "name": "Diet Cranberry & Pomegranate Cocktail",
        "price": "1.89 l, $0.24/100ml",
        "brand": "Ocean Spray",
        "image_url": "https://assets.shop.loblaws.ca/products/20300006004/b3/en/front/20300006004_front_a06_@2.png",
        "image_alt": "Ocean Spray Diet Cranberry & Pomegranate Cocktail 1.89 l, $0.24/100ml",
        "price_product_tile": "$4.49$4.49"
    },
    {
        "id": 162,
        "name": "100% Pure Coconut Water",
        "price": "310 ml, $0.48/100ml",
        "brand": "Grace",
        "image_url": "https://assets.shop.loblaws.ca/products/20582962/b3/en/front/20582962_front_a06_@2.png",
        "image_alt": "Grace 100% Pure Coconut Water 310 ml, $0.48/100ml",
        "price_product_tile": "$1.49$1.49"
    },
    {
        "id": 163,
        "name": "Cran-Pineapple Diet Low Calorie Beverage",
        "price": "1.89 l, $0.24/100ml",
        "brand": "Ocean Spray",
        "image_url": "https://assets.shop.loblaws.ca/products/21004964/b3/en/front/21004964_front_a06_@2.png",
        "image_alt": "Ocean Spray Cran-Pineapple Diet Low Calorie Beverage 1.89 l, $0.24/100ml",
        "price_product_tile": "$4.49$4.49"
    },
    {
        "id": 164,
        "name": "Apple Juice from Concentrate",
        "price": "2 l, $0.17/100ml",
        "brand": "PC Blue Menu",
        "image_url": "https://assets.shop.loblaws.ca/products/20527580/b3/en/front/20527580_front_a06_@2.png",
        "image_alt": "PC Blue Menu Apple Juice from Concentrate  2 l, $0.17/100ml",
        "price_product_tile": "$3.49$3.49"
    },
    {
        "id": 165,
        "name": "100% Orange Juice From Concentrate, 8 Pack",
        "price": "8x200.0 ml, $0.25/100ml",
        "brand": "Minute Maid",
        "image_url": "https://assets.shop.loblaws.ca/products/21092673/b3/en/front/21092673_front_a06_@2.png",
        "image_alt": "Minute Maid 100% Orange Juice From Concentrate, 8 Pack 8x200.0 ml, $0.25/100ml",
        "price_product_tile": "$3.99$3.99"
    },
    {
        "id": 166,
        "name": "Passionate Peach Juice, 8 Pack",
        "price": "8x200.0 ml, $0.25/100ml",
        "brand": "Five Alive",
        "image_url": "https://assets.shop.loblaws.ca/products/21093557/b3/en/front/21093557_front_a06_@2.png",
        "image_alt": "Five Alive Passionate Peach Juice, 8 Pack 8x200.0 ml, $0.25/100ml",
        "price_product_tile": "$3.99$3.99"
    },
    {
        "id": 167,
        "name": "Clamato, Original",
        "price": "945 ml, $0.32/100ml",
        "brand": "Mott's",
        "image_url": "https://assets.shop.loblaws.ca/products/20047179001/b3/en/front/20047179001_front_a06_@2.png",
        "image_alt": "Mott's Clamato, Original     945 ml, $0.32/100ml",
        "price_product_tile": "$2.99$2.99"
    },
    {
        "id": 168,
        "name": "Garden Cocktail",
        "price": "945 ml, $0.32/100ml",
        "brand": "Mott's",
        "image_url": "https://assets.shop.loblaws.ca/products/20162177002/b3/en/front/20162177002_front_a06_@2.png",
        "image_alt": "Mott's Garden Cocktail 945 ml, $0.32/100ml",
        "price_product_tile": "$2.99$2.99"
    },
    {
        "id": 169,
        "name": "Pineapple Ginger Nectar Juice",
        "price": "473 ml, $0.27/100ml",
        "brand": "Cool Runnings",
        "image_url": "https://assets.shop.loblaws.ca/products/20703099/b3/en/front/20703099_front_a06_@2.png",
        "image_alt": "Cool Runnings Pineapple Ginger Nectar Juice 473 ml, $0.27/100ml",
        "price_product_tile": "$1.29$1.29"
    },
    {
        "id": 170,
        "name": "Mango Nectar",
        "price": "240 ml, $0.62/100ml",
        "brand": "Gina",
        "image_url": "https://assets.shop.loblaws.ca/products/20314860001/b3/en/front/20314860001_front_a06_@2.png",
        "image_alt": "Gina Mango Nectar 240 ml, $0.62/100ml",
        "price_product_tile": "$1.49$1.49"
    },
    {
        "id": 171,
        "name": "35% Less Sugar Apple Juice Beverage",
        "price": "1.89 l, $0.18/100ml",
        "brand": "Allen's",
        "image_url": "https://assets.shop.loblaws.ca/products/21083818/b3/en/front/21083818_front_a06_@2.png",
        "image_alt": "Allen's 35% Less Sugar Apple Juice Beverage 1.89 l, $0.18/100ml",
        "price_product_tile": "$3.49$3.49"
    },
    {
        "id": 172,
        "name": "Beverage With Vitamin C Orange",
        "price": "1.54 l, $0.21/100ml",
        "brand": "Fruite",
        "image_url": "https://assets.shop.loblaws.ca/products/21595841/b3/en/front/21595841_front_a06_@2.png",
        "image_alt": "Fruite Beverage With Vitamin C Orange 1.54 l, $0.21/100ml",
        "price_product_tile": "$3.29$3.29"
    },
    {
        "id": 173,
        "name": "Grape Drink",
        "price": "1.54 l, $0.21/100ml",
        "brand": "Fruite",
        "image_url": "https://assets.shop.loblaws.ca/products/21595842/b3/en/front/21595842_front_a06_@2.png",
        "image_alt": "Fruite Grape Drink 1.54 l, $0.21/100ml",
        "price_product_tile": "$3.29$3.29"
    },
    {
        "id": 174,
        "name": "Pure Pressed Pineapple Juice",
        "price": "1.75 l, $0.31/100ml",
        "brand": "President's Choice",
        "image_url": "https://assets.shop.loblaws.ca/products/20321130/b3/en/front/20321130_front_a06_@2.png",
        "image_alt": "President's Choice Pure Pressed Pineapple Juice 1.75 l, $0.31/100ml",
        "price_product_tile": "$5.49$5.49"
    },
    {
        "id": 175,
        "name": "Grape Drink",
        "price": "2 l, $0.10/100ml",
        "brand": "No Name",
        "image_url": "https://assets.shop.loblaws.ca/products/20320439004/b3/en/front/20320439004_front_a06_@2.png",
        "image_alt": "No Name Grape Drink 2 l, $0.10/100ml",
        "price_product_tile": "$2.00$2.00"
    },
    {
        "id": 176,
        "name": "Apple Juice",
        "price": "1.75 l, $0.23/100ml",
        "brand": "No Name",
        "image_url": "https://assets.shop.loblaws.ca/products/20311281/b3/en/front/20311281_front_a06_@2.png",
        "image_alt": "No Name Apple Juice 1.75 l, $0.23/100ml",
        "price_product_tile": "$3.99$3.99"
    },
    {
        "id": 177,
        "name": "Green Tea Drink Honey Jasmine Flavour",
        "price": "500 ml, $0.40/100ml",
        "brand": "Kang Shi Fu",
        "image_url": "https://assets.shop.loblaws.ca/products/21528495/b3/en/front/21528495_front_a06_@2.png",
        "image_alt": "Kang Shi Fu Green Tea Drink Honey Jasmine Flavour 500 ml, $0.40/100ml",
        "price_product_tile": "$1.99$1.99"
    },
    {
        "id": 178,
        "name": "Pink Lemonade",
        "price": "1.75 l, $0.17/100ml",
        "brand": "No Name",
        "image_url": "https://assets.shop.loblaws.ca/products/20860007/b3/en/front/20860007_front_a06_@2.png",
        "image_alt": "No Name Pink Lemonade 1.75 l, $0.17/100ml",
        "price_product_tile": "$2.99$2.99"
    },
    {
        "id": 179,
        "name": "Prune Nectar",
        "price": "1.36 l, $0.51/100ml",
        "brand": "Del Monte",
        "image_url": "https://assets.shop.loblaws.ca/products/21478800/b3/en/front/21478800_front_a06_@2.png",
        "image_alt": "Del Monte Prune Nectar 1.36 l, $0.51/100ml",
        "price_product_tile": "$6.99$6.99"
    },
    {
        "id": 180,
        "name": "Cranberry Cocktail",
        "price": "3.78 l, $0.18/100ml",
        "brand": "President's Choice",
        "image_url": "https://assets.shop.loblaws.ca/products/20168886001/b3/en/front/20168886001_front_a06_@2.png",
        "image_alt": "President's Choice Cranberry Cocktail 3.78 l, $0.18/100ml",
        "price_product_tile": "$6.99$6.99"
    },
    {
        "id": 181,
        "name": "Cocktail, Cranberry Black Cherry",
        "price": "1.89 l, $0.16/100ml",
        "brand": "President's Choice",
        "image_url": "https://assets.shop.loblaws.ca/products/20628589001/b3/en/front/20628589001_front_a06_@2.png",
        "image_alt": "President's Choice Cocktail, Cranberry Black Cherry 1.89 l, $0.16/100ml",
        "price_product_tile": "$2.99$2.99$3.49$3.49SAVE $0.50"
    },
    {
        "id": 182,
        "name": "Raspberry Lemonade",
        "price": "2 l, $0.14/100ml",
        "brand": "Fruite",
        "image_url": "https://assets.shop.loblaws.ca/products/21518106/b3/en/front/21518106_front_a06_@2.png",
        "image_alt": "Fruite Raspberry Lemonade 2 l, $0.14/100ml",
        "price_product_tile": "$2.79$2.79"
    },
    {
        "id": 183,
        "name": "Diet Cranberry Mango Cocktail",
        "price": "1.89 l, $0.24/100ml",
        "brand": "Ocean Spray",
        "image_url": "https://assets.shop.loblaws.ca/products/20894889002/b3/en/front/20894889002_front_a06_@2.png",
        "image_alt": "Ocean Spray Diet Cranberry Mango Cocktail 1.89 l, $0.24/100ml",
        "price_product_tile": "$4.49$4.49"
    },
    {
        "id": 184,
        "name": "Sno-Berry",
        "price": "12x341.0 ml, $0.20/100ml",
        "brand": "Peace Tea",
        "image_url": "https://assets.shop.loblaws.ca/products/21437103/b3/en/front/21437103_front_a06_@2.png",
        "image_alt": "Peace Tea Sno-Berry 12x341.0 ml, $0.20/100ml",
        "price_product_tile": "$7.99$7.99"
    },
    {
        "id": 185,
        "name": "Lemonade",
        "price": "2.63 l, $0.26/100ml",
        "brand": "Simply",
        "image_url": "https://assets.shop.loblaws.ca/products/21592203/b3/en/front/21592203_front_a06_@2.png",
        "image_alt": "Simply Lemonade 2.63 l, $0.26/100ml",
        "price_product_tile": "$6.79$6.79"
    },
    {
        "id": 186,
        "name": "Pure Premium Apple Juice",
        "price": "1.75 l, $0.31/100ml",
        "brand": "Tropicana",
        "image_url": "https://assets.shop.loblaws.ca/products/20190053/b3/en/front/20190053_front_a06_@2.png",
        "image_alt": "Tropicana Pure Premium Apple Juice 1.75 l, $0.31/100ml",
        "price_product_tile": "$5.49$5.49$5.79$5.79SAVE $0.30"
    },
    {
        "id": 187,
        "name": "100% Juice Morning Sunshine Orange With Pulp",
        "price": "2.5 l, $0.24/100ml",
        "brand": "Del Monte",
        "image_url": "https://assets.shop.loblaws.ca/products/21595698/b3/en/front/21595698_front_a06_@2.png",
        "image_alt": "Del Monte 100% Juice Morning Sunshine Orange With Pulp 2.5 l, $0.24/100ml",
        "price_product_tile": "$5.99$5.99"
    },
    {
        "id": 188,
        "name": "Cranberry Lemonade Cocktail",
        "price": "1.89 l, $0.24/100ml",
        "brand": "Ocean Spray",
        "image_url": "https://assets.shop.loblaws.ca/products/20702319/b3/en/front/20702319_front_a06_@2.png",
        "image_alt": "Ocean Spray Cranberry Lemonade Cocktail 1.89 l, $0.24/100ml",
        "price_product_tile": "$4.49$4.49"
    },
    {
        "id": 189,
        "name": "Sparkling Raspberry Grape Juice",
        "price": "750 ml, $0.64/100ml",
        "brand": "Duche de Longueville",
        "image_url": "https://assets.shop.loblaws.ca/products/20298554/b3/en/front/20298554_front_a06_@2.png",
        "image_alt": "Duche de Longueville Sparkling Raspberry Grape Juice 750 ml, $0.64/100ml",
        "price_product_tile": "$4.79$4.79"
    },
    {
        "id": 190,
        "name": "Orange Juice No Pulp",
        "price": "1.54 l, $0.37/100ml",
        "brand": "Tropicana",
        "image_url": "https://assets.shop.loblaws.ca/products/21209836/b3/en/front/21209836_front_a06_@2.png",
        "image_alt": "Tropicana Orange Juice No Pulp\u00a0 1.54 l, $0.37/100ml",
        "price_product_tile": "$5.69$5.69"
    },
    {
        "id": 191,
        "name": "Real Fruit Beverage With Mango Pineapple",
        "price": "1.54 l, $0.29/100ml",
        "brand": "Simply",
        "image_url": "https://assets.shop.loblaws.ca/products/21592206/b3/en/front/21592206_front_a06_@2.png",
        "image_alt": "Simply Real Fruit Beverage With Mango Pineapple 1.54 l, $0.29/100ml",
        "price_product_tile": "$4.49$4.49$4.99$4.99SAVE $0.50"
    },
    {
        "id": 192,
        "name": "Diet Cranberry Cocktail",
        "price": "3 l, $0.23/100ml",
        "brand": "Ocean Spray",
        "image_url": "https://assets.shop.loblaws.ca/products/20574433002/b3/en/front/20574433002_front_a06_@2.png",
        "image_alt": "Ocean Spray Diet Cranberry Cocktail 3 l, $0.23/100ml",
        "price_product_tile": "$6.99$6.99"
    },
    {
        "id": 193,
        "name": "100% Juice Morning Sunshine Orange With Pulp",
        "price": "2.5 l, $0.24/100ml",
        "brand": "Del Monte",
        "image_url": "https://assets.shop.loblaws.ca/products/21595698/b3/en/front/21595698_front_a06_@2.png",
        "image_alt": "Del Monte 100% Juice Morning Sunshine Orange With Pulp 2.5 l, $0.24/100ml",
        "price_product_tile": "$5.99$5.99"
    },
    {
        "id": 194,
        "name": "Hydrafruit Peach Beverage",
        "price": "960 ml, $0.16/100ml",
        "brand": "Oasis",
        "image_url": "https://assets.shop.loblaws.ca/products/21518462/b3/en/front/21518462_front_a06_@2.png",
        "image_alt": "Oasis Hydrafruit Peach Beverage 960 ml, $0.16/100ml",
        "price_product_tile": "$1.49$1.49$1.99$1.99SAVE $0.50"
    },
    {
        "id": 195,
        "name": "Watermelon Drink",
        "price": "1 l, $0.20/100ml",
        "brand": "Minute Maid",
        "image_url": "https://assets.shop.loblaws.ca/products/21237977/b3/en/front/21237977_front_a06_@2.png",
        "image_alt": "Minute Maid Watermelon Drink 1 l, $0.20/100ml",
        "price_product_tile": "$1.99$1.99"
    },
    {
        "id": 196,
        "name": "Daily Greens",
        "price": "946 ml, $0.69/100ml",
        "brand": "Bolthouse",
        "image_url": "https://assets.shop.loblaws.ca/products/21290793/b3/en/front/21290793_front_a06_@2.png",
        "image_alt": "Bolthouse Daily Greens 946 ml, $0.69/100ml",
        "price_product_tile": "$6.49$6.49"
    },
    {
        "id": 197,
        "name": "Smoothie Strawberry Banana",
        "price": "1.6 l, $0.28/100ml",
        "brand": "Oasis",
        "image_url": "https://assets.shop.loblaws.ca/products/21529910/b3/en/front/21529910_front_a06_@2.png",
        "image_alt": "Oasis Smoothie Strawberry Banana 1.6 l, $0.28/100ml",
        "price_product_tile": "$4.49$4.49"
    },
    {
        "id": 198,
        "name": "Cranberry Pineapple Cocktail",
        "price": "1.89 l, $0.24/100ml",
        "brand": "Ocean Spray",
        "image_url": "https://assets.shop.loblaws.ca/products/21004750/b3/en/front/21004750_front_a06_@2.png",
        "image_alt": "Ocean Spray Cranberry Pineapple Cocktail 1.89 l, $0.24/100ml",
        "price_product_tile": "$4.49$4.49"
    },
    {
        "id": 199,
        "name": "Cranberry Cocktail, Light",
        "price": "1.89 l, $0.24/100ml",
        "brand": "Ocean Spray",
        "image_url": "https://assets.shop.loblaws.ca/products/20300006005/b3/en/front/20300006005_front_a06_@2.png",
        "image_alt": "Ocean Spray Cranberry Cocktail, Light 1.89 l, $0.24/100ml",
        "price_product_tile": "$4.49$4.49"
    },
    {
        "id": 200,
        "name": "Protein Shake Chocolate Organic",
        "price": "300 ml, $2.00/100ml",
        "brand": "Greenhouse",
        "image_url": "https://assets.shop.loblaws.ca/products/21600669/b3/en/front/21600669_front_a06_@2.png",
        "image_alt": "Greenhouse Protein Shake Chocolate Organic 300 ml, $2.00/100ml",
        "price_product_tile": "$5.99$5.99"
    },
    {
        "id": 201,
        "name": "Guava-Mango\u00a0Fruit Juice Cocktail\u00a0Blend",
        "price": "2.5 l, $0.24/100ml",
        "brand": "Del Monte",
        "image_url": "https://assets.shop.loblaws.ca/products/21437381/b3/en/front/21437381_front_a06_@2.png",
        "image_alt": "Del Monte Guava-Mango\u00a0Fruit Juice Cocktail\u00a0Blend 2.5 l, $0.24/100ml",
        "price_product_tile": "$5.99$5.99"
    },
    {
        "id": 202,
        "name": "Passionate Peach Citrus Juice",
        "price": "1.75 l, $0.22/100ml",
        "brand": "Five Alive",
        "image_url": "https://assets.shop.loblaws.ca/products/20348331001/b3/en/front/20348331001_front_a06_@2.png",
        "image_alt": "Five Alive Passionate Peach Citrus Juice 1.75 l, $0.22/100ml",
        "price_product_tile": "$3.79$3.79$3.99$3.99SAVE $0.20"
    },
    {
        "id": 203,
        "name": "Grape Punch Juice Beverage, 10 Pack",
        "price": "10x200.0 ml, $0.20/100ml",
        "brand": "Minute Maid",
        "image_url": "https://assets.shop.loblaws.ca/products/20500372005/b3/en/front/20500372005_front_a06_@2.png",
        "image_alt": "Minute Maid Grape Punch Juice Beverage, 10 Pack 10x200.0 ml, $0.20/100ml",
        "price_product_tile": "$3.99$3.99"
    },
    {
        "id": 204,
        "name": "Cranberry Cocktail",
        "price": "1 l, $0.15/100ml",
        "brand": "Allen's",
        "image_url": "https://assets.shop.loblaws.ca/products/21222633/b3/en/front/21222633_front_a06_@2.png",
        "image_alt": "Allen's Cranberry Cocktail 1 l, $0.15/100ml",
        "price_product_tile": "$1.49$1.49"
    },
    {
        "id": 205,
        "name": "Strawberry Banana Juice Boxes",
        "price": "8x200.0 ml, $0.28/100ml",
        "brand": "Oasis",
        "image_url": "https://assets.shop.loblaws.ca/products/20315764008/b3/en/front/20315764008_front_a06_@2.png",
        "image_alt": "Oasis Strawberry Banana Juice Boxes 8x200.0 ml, $0.28/100ml",
        "price_product_tile": "$4.49$4.49"
    },
    {
        "id": 206,
        "name": "Gold Peak Iced Tea (Natural Lemon Flavour)",
        "price": "1.75 l, $0.26/100ml",
        "brand": "Minute Maid",
        "image_url": "https://assets.shop.loblaws.ca/products/21013891/b3/en/front/21013891_front_a06_@2.png",
        "image_alt": "Minute Maid Gold Peak Iced Tea (Natural Lemon Flavour) 1.75 l, $0.26/100ml",
        "price_product_tile": "$4.49$4.49"
    },
    {
        "id": 207,
        "name": "Tropics Orange Strawberry",
        "price": "1.75 l, $0.26/100ml",
        "brand": "Tropicana",
        "image_url": "https://assets.shop.loblaws.ca/products/20315635001/b3/en/front/20315635001_front_a06_@2.png",
        "image_alt": "Tropicana Tropics Orange Strawberry 1.75 l, $0.26/100ml",
        "price_product_tile": "$4.49$4.49"
    },
    {
        "id": 208,
        "name": "Dark Roast Black Cold Brew Coffee",
        "price": "900 ml, $0.50/100ml",
        "brand": "President's Choice",
        "image_url": "https://assets.shop.loblaws.ca/products/21022542/b3/en/front/21022542_front_a06_@2.png",
        "image_alt": "President's Choice Dark Roast Black Cold Brew Coffee 900 ml, $0.50/100ml",
        "price_product_tile": "$4.49$4.49"
    },
    {
        "id": 209,
        "name": "100% Carrot",
        "price": "946 ml, $0.69/100ml",
        "brand": "Bolthouse",
        "image_url": "https://assets.shop.loblaws.ca/products/20164122/b3/en/front/20164122_front_a06_@2.png",
        "image_alt": "Bolthouse 100% Carrot 946 ml, $0.69/100ml",
        "price_product_tile": "$6.49$6.49"
    },
    {
        "id": 210,
        "name": "Pineapple",
        "price": "1.5 l, $0.21/100ml",
        "brand": "No brand",
        "image_url": "https://assets.shop.loblaws.ca/products/20252018003/b3/en/front/20252018003_front_a06_@2.png",
        "image_alt": "null Pineapple 1.5 l, $0.21/100ml",
        "price_product_tile": "$3.19$3.19"
    },
    {
        "id": 211,
        "name": "Single Strength Lemon Juice",
        "price": "945 ml, $0.37/100ml",
        "brand": "Real Lemon",
        "image_url": "https://assets.shop.loblaws.ca/products/20081313/b3/en/front/20081313_front_a06_@2.png",
        "image_alt": "Real Lemon Single Strength Lemon Juice 945 ml, $0.37/100ml",
        "price_product_tile": "$3.49$3.49"
    },
    {
        "id": 212,
        "name": "Tropical Rhythms, Pineapple & Ginger",
        "price": "473 ml, $0.48/100ml",
        "brand": "Grace",
        "image_url": "https://assets.shop.loblaws.ca/products/20253380004/b3/en/front/20253380004_front_a06_@2.png",
        "image_alt": "Grace Tropical Rhythms, Pineapple & Ginger 473 ml, $0.48/100ml",
        "price_product_tile": "$2.29$2.29"
    },
    {
        "id": 213,
        "name": "Ruby Red Grapefruit Juice",
        "price": "1.54 l, $0.29/100ml",
        "brand": "President's Choice",
        "image_url": "https://assets.shop.loblaws.ca/products/21430546/b3/en/front/21430546_front_a06_@2.png",
        "image_alt": "President's Choice Ruby Red Grapefruit Juice 1.54 l, $0.29/100ml",
        "price_product_tile": "$4.49$4.49"
    },
    {
        "id": 214,
        "name": "Juice Drink Aam Panna Green Mango",
        "price": "1 l, $0.28/100ml",
        "brand": "Rubicon",
        "image_url": "https://assets.shop.loblaws.ca/products/21529634/b3/en/front/21529634_front_a06_@2.png",
        "image_alt": "Rubicon Juice Drink Aam Panna Green Mango 1 l, $0.28/100ml",
        "price_product_tile": "$2.79$2.79"
    },
    {
        "id": 215,
        "name": "100% Pure Royal Gala Apple Juice",
        "price": "2 l, $0.17/100ml",
        "brand": "Rougemont",
        "image_url": "https://assets.shop.loblaws.ca/products/20185265006/b3/en/front/20185265006_front_a06_@2.png",
        "image_alt": "Rougemont 100% Pure Royal Gala Apple Juice 2 l, $0.17/100ml",
        "price_product_tile": "$3.49$3.49"
    },
    {
        "id": 216,
        "name": "Lemonade",
        "price": "1.75 l, $0.17/100ml",
        "brand": "No Name",
        "image_url": "https://assets.shop.loblaws.ca/products/20782771/b3/en/front/20782771_front_a06_@2.png",
        "image_alt": "No Name Lemonade 1.75 l, $0.17/100ml",
        "price_product_tile": "$2.99$2.99"
    },
    {
        "id": 217,
        "name": "100% Cranberry & Pomegranate Juice Blend",
        "price": "1.89 l, $0.23/100ml",
        "brand": "President's Choice",
        "image_url": "https://assets.shop.loblaws.ca/products/20501279/b3/en/front/20501279_front_a06_@2.png",
        "image_alt": "President's Choice 100% Cranberry & Pomegranate Juice Blend 1.89 l, $0.23/100ml",
        "price_product_tile": "$4.29$4.29"
    },
    {
        "id": 218,
        "name": "Real Fruit Beverage Pomegranate",
        "price": "1.75 l, $0.25/100ml",
        "brand": "Alphonso",
        "image_url": "https://assets.shop.loblaws.ca/products/21154289/b3/en/front/21154289_front_a06_@2.png",
        "image_alt": "Alphonso Real Fruit Beverage Pomegranate 1.75 l, $0.25/100ml",
        "price_product_tile": "$4.29$4.29"
    },
    {
        "id": 219,
        "name": "Matt & Steve's Caesar Rimmer",
        "price": "150 g, $2.99/100g",
        "brand": "Matt & Steve's",
        "image_url": "https://assets.shop.loblaws.ca/products/20650841/b3/en/front/20650841_front_a06_@2.png",
        "image_alt": "Matt & Steve's Matt & Steve's Caesar Rimmer 150 g, $2.99/100g",
        "price_product_tile": "$4.49$4.49$4.99$4.99SAVE $0.50"
    },
    {
        "id": 220,
        "name": "Iced Tea",
        "price": "1.75 l, $0.13/100ml",
        "brand": "No Name",
        "image_url": "https://assets.shop.loblaws.ca/products/20860677/b3/en/front/20860677_front_a06_@2.png",
        "image_alt": "No Name Iced Tea 1.75 l, $0.13/100ml",
        "price_product_tile": "$2.29$2.29"
    },
    {
        "id": 221,
        "name": "Juice Carton, Citrus Flavour",
        "price": "1.75 l, $0.22/100ml",
        "brand": "Five Alive",
        "image_url": "https://assets.shop.loblaws.ca/products/20348331002/b3/en/front/20348331002_front_a06_@2.png",
        "image_alt": "Five Alive Juice Carton, Citrus Flavour 1.75 l, $0.22/100ml",
        "price_product_tile": "$3.79$3.79$3.99$3.99SAVE $0.20"
    },
    {
        "id": 222,
        "name": "Medium Roast Black Cold Brew Coffee",
        "price": "900 ml, $0.50/100ml",
        "brand": "President's Choice",
        "image_url": "https://assets.shop.loblaws.ca/products/21397831/b3/en/front/21397831_front_a06_@2.png",
        "image_alt": "President's Choice Medium Roast Black Cold Brew Coffee 900 ml, $0.50/100ml",
        "price_product_tile": "$4.49$4.49"
    },
    {
        "id": 223,
        "name": "Berry Juice",
        "price": "8x200.0 ml, $0.28/100ml",
        "brand": "Oasis",
        "image_url": "https://assets.shop.loblaws.ca/products/21382154/b3/en/front/21382154_front_a06_@2.png",
        "image_alt": "Oasis Berry Juice 8x200.0 ml, $0.28/100ml",
        "price_product_tile": "$4.49$4.49"
    },
    {
        "id": 224,
        "name": "Berry Punch Juice Beverage, 10 Pack",
        "price": "10x200.0 ml, $0.20/100ml",
        "brand": "Minute Maid",
        "image_url": "https://assets.shop.loblaws.ca/products/20500372003/b3/en/front/20500372003_front_a06_@2.png",
        "image_alt": "Minute Maid Berry Punch Juice Beverage, 10 Pack 10x200.0 ml, $0.20/100ml",
        "price_product_tile": "$3.99$3.99"
    },
    {
        "id": 225,
        "name": "Lime Juice",
        "price": "445 ml, $0.45/100ml",
        "brand": "No Name",
        "image_url": "https://assets.shop.loblaws.ca/products/20971992/b3/en/front/20971992_front_a06_@2.png",
        "image_alt": "No Name Lime Juice 445 ml, $0.45/100ml",
        "price_product_tile": "$2.00$2.00"
    },
    {
        "id": 226,
        "name": "Trop50 Orange Juice, No Pulp",
        "price": "1.54 l, $0.37/100ml",
        "brand": "Tropicana",
        "image_url": "https://assets.shop.loblaws.ca/products/21106112/b3/en/front/21106112_front_a06_@2.png",
        "image_alt": "Tropicana Trop50 Orange Juice, No Pulp 1.54 l, $0.37/100ml",
        "price_product_tile": "$5.69$5.69"
    },
    {
        "id": 227,
        "name": "Fruit Punch Juice Boxes",
        "price": "10x200.0 ml, $0.17/100ml",
        "brand": "No Name",
        "image_url": "https://assets.shop.loblaws.ca/products/20503035003/b3/en/front/20503035003_front_a06_@2.png",
        "image_alt": "No Name Fruit Punch Juice Boxes 10x200.0 ml, $0.17/100ml",
        "price_product_tile": "$3.49$3.49"
    },
    {
        "id": 228,
        "name": "Tropics Orange Peach Mang",
        "price": "1.75 l, $0.26/100ml",
        "brand": "Tropicana",
        "image_url": "https://assets.shop.loblaws.ca/products/20315635002/b3/en/front/20315635002_front_a06_@2.png",
        "image_alt": "Tropicana Tropics Orange Peach Mang 1.75 l, $0.26/100ml",
        "price_product_tile": "$4.49$4.49"
    },
    {
        "id": 229,
        "name": "Juice Drink, Diet Cranberry Cherry",
        "price": "1.89 l, $0.24/100ml",
        "brand": "Ocean Spray",
        "image_url": "https://assets.shop.loblaws.ca/products/20679626/b3/en/front/20679626_front_a06_@2.png",
        "image_alt": "Ocean Spray Juice Drink, Diet Cranberry Cherry 1.89 l, $0.24/100ml",
        "price_product_tile": "$4.49$4.49"
    },
    {
        "id": 230,
        "name": "100% Juice Blends 100% Juice, Cranberry and Raspberry",
        "price": "1.77 l, $0.28/100ml",
        "brand": "Ocean Spray",
        "image_url": "https://assets.shop.loblaws.ca/products/20982379/b3/en/front/20982379_front_a06_@2.png",
        "image_alt": "Ocean Spray 100% Juice Blends 100% Juice, Cranberry and Raspberry 1.77 l, $0.28/100ml",
        "price_product_tile": "$4.99$4.99"
    },
    {
        "id": 231,
        "name": "Cranberry Cocktail",
        "price": "1.89 l, $0.16/100ml",
        "brand": "PC Blue Menu",
        "image_url": "https://assets.shop.loblaws.ca/products/20307025002/b3/en/front/20307025002_front_a06_@2.png",
        "image_alt": "PC Blue Menu Cranberry Cocktail 1.89 l, $0.16/100ml",
        "price_product_tile": "$2.99$2.99$3.49$3.49SAVE $0.50"
    },
    {
        "id": 232,
        "name": "Peach Nectar",
        "price": "960 ml, $0.16/100ml",
        "brand": "Del Monte",
        "image_url": "https://assets.shop.loblaws.ca/products/20894117001/b3/en/front/20894117001_front_a06_@2.png",
        "image_alt": "Del Monte Peach Nectar 960 ml, $0.16/100ml",
        "price_product_tile": "$1.49$1.49$1.99$1.99SAVE $0.50"
    },
    {
        "id": 233,
        "name": "C-Boost",
        "price": "946 ml, $0.69/100ml",
        "brand": "Bolthouse",
        "image_url": "https://assets.shop.loblaws.ca/products/20311201/b3/en/front/20311201_front_a06_@2.png",
        "image_alt": "Bolthouse C-Boost 946 ml, $0.69/100ml",
        "price_product_tile": "$6.49$6.49"
    },
    {
        "id": 234,
        "name": "100% Carrot",
        "price": "1.54 l, $0.55/100ml",
        "brand": "Bolthouse",
        "image_url": "https://assets.shop.loblaws.ca/products/20036041/b3/en/front/20036041_front_a06_@2.png",
        "image_alt": "Bolthouse 100% Carrot 1.54 l, $0.55/100ml",
        "price_product_tile": "$8.49$8.49"
    },
    {
        "id": 235,
        "name": "Real Fruit Beverage From Concentrate Lemonade Zero Sugar",
        "price": "2.63 l, $0.28/100ml",
        "brand": "Minute Maid",
        "image_url": "https://assets.shop.loblaws.ca/products/21592079/b3/en/front/21592079_front_a06_@2.png",
        "image_alt": "Minute Maid Real Fruit Beverage From Concentrate Lemonade Zero Sugar 2.63 l, $0.28/100ml",
        "price_product_tile": "$7.29$7.29"
    },
    {
        "id": 236,
        "name": "100% Orange Mango Juice",
        "price": "1 l, $0.20/100ml",
        "brand": "President's Choice",
        "image_url": "https://assets.shop.loblaws.ca/products/21080961/b3/en/front/21080961_front_a06_@2.png",
        "image_alt": "President's Choice 100% Orange Mango Juice 1 l, $0.20/100ml",
        "price_product_tile": "$2.00$2.00"
    },
    {
        "id": 237,
        "name": "Lemonade",
        "price": "1.54 l, $0.29/100ml",
        "brand": "Tropicana",
        "image_url": "https://assets.shop.loblaws.ca/products/21354968/b3/en/front/21354968_front_a06_@2.png",
        "image_alt": "Tropicana Lemonade       1.54 l, $0.29/100ml",
        "price_product_tile": "$4.49$4.49"
    },
    {
        "id": 238,
        "name": "Cran Tropical Cocktail",
        "price": "1.89 l, $0.24/100ml",
        "brand": "Ocean Spray",
        "image_url": "https://assets.shop.loblaws.ca/products/21218675/b3/en/front/21218675_front_a06_@2.png",
        "image_alt": "Ocean Spray Cran Tropical Cocktail 1.89 l, $0.24/100ml",
        "price_product_tile": "$4.49$4.49"
    },
    {
        "id": 239,
        "name": "Watermelon Beverage",
        "price": "1.54 l, $0.28/100ml",
        "brand": "Tropicana",
        "image_url": "https://assets.shop.loblaws.ca/products/21354941/b3/en/front/21354941_front_a06_@2.png",
        "image_alt": "Tropicana Watermelon Beverage      1.54 l, $0.28/100ml",
        "price_product_tile": "$4.29$4.29"
    },
    {
        "id": 240,
        "name": "Cranberry",
        "price": "1.75 l, $0.31/100ml",
        "brand": "Tropicana",
        "image_url": "https://assets.shop.loblaws.ca/products/20315789003/b3/en/front/20315789003_front_a06_@2.png",
        "image_alt": "Tropicana Cranberry 1.75 l, $0.31/100ml",
        "price_product_tile": "$5.49$5.49$5.79$5.79SAVE $0.30"
    },
    {
        "id": 241,
        "name": "Smoothie Green Activ",
        "price": "1.6 l, $0.28/100ml",
        "brand": "Oasis",
        "image_url": "https://assets.shop.loblaws.ca/products/21529938/b3/en/front/21529938_front_a06_@2.png",
        "image_alt": "Oasis Smoothie Green Activ 1.6 l, $0.28/100ml",
        "price_product_tile": "$4.49$4.49"
    },
    {
        "id": 242,
        "name": "Razzleberry",
        "price": "1.75 l, $0.16/100ml",
        "brand": "Peace Tea",
        "image_url": "https://assets.shop.loblaws.ca/products/21170670/b3/en/front/21170670_front_a06_@2.png",
        "image_alt": "Peace Tea Razzleberry 1.75 l, $0.16/100ml",
        "price_product_tile": "$2.79$2.79"
    },
    {
        "id": 243,
        "name": "Lemon Juice",
        "price": "946 ml, $0.24/100ml",
        "brand": "No Name",
        "image_url": "https://assets.shop.loblaws.ca/products/20642581/b3/en/front/20642581_front_a06_@2.png",
        "image_alt": "No Name Lemon Juice 946 ml, $0.24/100ml",
        "price_product_tile": "$2.29$2.29"
    },
    {
        "id": 244,
        "name": "Hydrafruit Strawberry Kiwi Fruit Juice Boxes",
        "price": "8x200.0 ml, $0.28/100ml",
        "brand": "Oasis",
        "image_url": "https://assets.shop.loblaws.ca/products/21004487/b3/en/front/21004487_front_a06_@2.png",
        "image_alt": "Oasis Hydrafruit Strawberry Kiwi Fruit Juice Boxes 8x200.0 ml, $0.28/100ml",
        "price_product_tile": "$4.49$4.49"
    },
    {
        "id": 245,
        "name": "Tangy",
        "price": "1.89 l, $0.13/100ml",
        "brand": "Sunny Delight",
        "image_url": "https://assets.shop.loblaws.ca/products/21102504/b3/en/front/21102504_front_a06_@2.png",
        "image_alt": "Sunny Delight Tangy 1.89 l, $0.13/100ml",
        "price_product_tile": "$2.49$2.49$3.49$3.49SAVE $1.00"
    },
    {
        "id": 246,
        "name": "Fruit Punch Juice Beverage, Carton",
        "price": "1 l, $0.20/100ml",
        "brand": "Minute Maid",
        "image_url": "https://assets.shop.loblaws.ca/products/21237894/b3/en/front/21237894_front_a06_@2.png",
        "image_alt": "Minute Maid Fruit Punch Juice Beverage, Carton 1 l, $0.20/100ml",
        "price_product_tile": "$1.99$1.99"
    },
    {
        "id": 247,
        "name": "Jalapeno Lemonade",
        "price": "1.54 l, $0.29/100ml",
        "brand": "President's Choice",
        "image_url": "https://assets.shop.loblaws.ca/products/21430650/b3/en/front/21430650_front_a06_@2.png",
        "image_alt": "President's Choice Jalapeno Lemonade 1.54 l, $0.29/100ml",
        "price_product_tile": "$4.49$4.49"
    },
    {
        "id": 248,
        "name": "Orange Juice Some Pulp",
        "price": "1.54 l, $0.37/100ml",
        "brand": "Tropicana",
        "image_url": "https://assets.shop.loblaws.ca/products/21209835/b3/en/front/21209835_front_a06_@2.png",
        "image_alt": "Tropicana Orange Juice Some Pulp 1.54 l, $0.37/100ml",
        "price_product_tile": "$5.69$5.69"
    },
    {
        "id": 249,
        "name": "Strawberry Passion Awareness",
        "price": "1 l, $0.20/100ml",
        "brand": "Fruitopia",
        "image_url": "https://assets.shop.loblaws.ca/products/21237911/b3/en/front/21237911_front_a06_@2.png",
        "image_alt": "Fruitopia Strawberry Passion Awareness 1 l, $0.20/100ml",
        "price_product_tile": "$1.99$1.99"
    },
    {
        "id": 250,
        "name": "100% Apple Juice From Concentrate, Carton",
        "price": "1 l, $0.20/100ml",
        "brand": "Minute Maid",
        "image_url": "https://assets.shop.loblaws.ca/products/20336726001/b3/en/front/20336726001_front_a06_@2.png",
        "image_alt": "Minute Maid 100% Apple Juice From Concentrate, Carton 1 l, $0.20/100ml",
        "price_product_tile": "$1.99$1.99"
    },
    {
        "id": 251,
        "name": "Cran-Pom Cocktail",
        "price": "1.89 l, $0.24/100ml",
        "brand": "Ocean Spray",
        "image_url": "https://assets.shop.loblaws.ca/products/20300006002/b3/en/front/20300006002_front_a06_@2.png",
        "image_alt": "Ocean Spray Cran-Pom Cocktail 1.89 l, $0.24/100ml",
        "price_product_tile": "$4.49$4.49"
    },
    {
        "id": 252,
        "name": "100% Pure Coconut Water",
        "price": "500 ml, $0.30/100ml",
        "brand": "Grace",
        "image_url": "https://assets.shop.loblaws.ca/products/21027754/b3/en/front/21027754_front_a06_@2.png",
        "image_alt": "Grace 100% Pure Coconut Water 500 ml, $0.30/100ml",
        "price_product_tile": "$1.49$1.49"
    },
    {
        "id": 253,
        "name": "Low Acid 100% Orange Juice Nutri Pulp Free",
        "price": "1.75 l, $0.31/100ml",
        "brand": "Minute Maid",
        "image_url": "https://assets.shop.loblaws.ca/products/20345605001/b3/en/front/20345605001_front_a06_@2.png",
        "image_alt": "Minute Maid Low Acid 100% Orange Juice Nutri Pulp Free 1.75 l, $0.31/100ml",
        "price_product_tile": "$5.49$5.49$5.79$5.79SAVE $0.30"
    },
    {
        "id": 254,
        "name": "Apple Juice Cocktail",
        "price": "24x200.0 ml, $0.17/100ml",
        "brand": "Allen's",
        "image_url": "https://assets.shop.loblaws.ca/products/20340520/b3/en/front/20340520_front_a06_@2.png",
        "image_alt": "Allen's Apple Juice Cocktail 24x200.0 ml, $0.17/100ml",
        "price_product_tile": "$7.99$7.99"
    },
    {
        "id": 255,
        "name": "Orange Juice Lots of Pulp",
        "price": "1.54 l, $0.37/100ml",
        "brand": "Tropicana",
        "image_url": "https://assets.shop.loblaws.ca/products/21209834/b3/en/front/21209834_front_a06_@2.png",
        "image_alt": "Tropicana Orange Juice Lots of Pulp 1.54 l, $0.37/100ml",
        "price_product_tile": "$5.69$5.69"
    },
    {
        "id": 256,
        "name": "No Sugar Watermelon Blueberry Juice Beverage, 8 Pack",
        "price": "8x200.0 ml, $0.25/100ml",
        "brand": "Minute Maid",
        "image_url": "https://assets.shop.loblaws.ca/products/21175257/b3/en/front/21175257_front_a06_@2.png",
        "image_alt": "Minute Maid No Sugar Watermelon Blueberry Juice Beverage, 8 Pack 8x200.0 ml, $0.25/100ml",
        "price_product_tile": "$3.99$3.99"
    },
    {
        "id": 257,
        "name": "Apple Juice Boxes",
        "price": "10x200.0 ml, $0.17/100ml",
        "brand": "No Name",
        "image_url": "https://assets.shop.loblaws.ca/products/20038043/b3/en/front/20038043_front_a06_@2.png",
        "image_alt": "No Name Apple Juice Boxes 10x200.0 ml, $0.17/100ml",
        "price_product_tile": "$3.49$3.49"
    },
    {
        "id": 258,
        "name": "Coconut Water, With Pulp",
        "price": "310 ml, $0.48/100ml",
        "brand": "Grace",
        "image_url": "https://assets.shop.loblaws.ca/products/20426568/b3/en/front/20426568_front_a06_@2.png",
        "image_alt": "Grace Coconut Water, With Pulp 310 ml, $0.48/100ml",
        "price_product_tile": "$1.49$1.49"
    },
    {
        "id": 259,
        "name": "Pure Coconut Water",
        "price": "500 ml, $0.54/100ml",
        "brand": "Grace",
        "image_url": "https://assets.shop.loblaws.ca/products/20882244/b3/en/front/20882244_front_a06_@2.png",
        "image_alt": "Grace Pure Coconut Water 500 ml, $0.54/100ml",
        "price_product_tile": "$2.69$2.69"
    },
    {
        "id": 260,
        "name": "Tomato Juice",
        "price": "1.36 l, $0.33/100ml",
        "brand": "Heinz",
        "image_url": "https://assets.shop.loblaws.ca/products/20173906/b3/en/front/20173906_front_a06_@2.png",
        "image_alt": "Heinz Tomato Juice 1.36 l, $0.33/100ml",
        "price_product_tile": "$4.49$4.49"
    },
    {
        "id": 261,
        "name": "100% Apple Juice Boxes 10-Pack",
        "price": "10x200.0 ml, $0.25/100ml",
        "brand": "President's Choice",
        "image_url": "https://assets.shop.loblaws.ca/products/21061913/b3/en/front/21061913_front_a06_@2.png",
        "image_alt": "President's Choice 100% Apple Juice Boxes 10-Pack 10x200.0 ml, $0.25/100ml",
        "price_product_tile": "$4.99$4.99"
    },
    {
        "id": 262,
        "name": "No Sugar Added Low Acid Mellow Apple Juice",
        "price": "2 l, $0.17/100ml",
        "brand": "Rougemont",
        "image_url": "https://assets.shop.loblaws.ca/products/20185265001/b3/en/front/20185265001_front_a06_@2.png",
        "image_alt": "Rougemont No Sugar Added Low Acid Mellow Apple Juice 2 l, $0.17/100ml",
        "price_product_tile": "$3.49$3.49"
    },
    {
        "id": 263,
        "name": "Tomato Clam Cocktail Original Light",
        "price": "1.89 l, $0.23/100ml",
        "brand": "Mott's",
        "image_url": "https://assets.shop.loblaws.ca/products/21575320/b3/en/front/21575320_front_a06_@2.png",
        "image_alt": "Mott's Tomato Clam Cocktail Original Light 1.89 l, $0.23/100ml",
        "price_product_tile": "$4.29$4.29"
    },
    {
        "id": 264,
        "name": "Cherry Peach Fruit Juice Beverage Boxes",
        "price": "10x200.0 ml, $2.50/100ml",
        "brand": "PC Blue Menu",
        "image_url": "https://assets.shop.loblaws.ca/products/21358302/b3/en/front/21358302_front_a06_@2.png",
        "image_alt": "PC Blue Menu Cherry Peach Fruit Juice Beverage Boxes 10x200.0 ml, $2.50/100ml",
        "price_product_tile": "$4.99$4.99"
    },
    {
        "id": 265,
        "name": "Jasmine Tea Drink Honey Flavour",
        "price": "500 ml, $0.40/100ml",
        "brand": "Kang Shi Fu",
        "image_url": "https://assets.shop.loblaws.ca/products/21528499/b3/en/front/21528499_front_a06_@2.png",
        "image_alt": "Kang Shi Fu Jasmine Tea Drink Honey Flavour 500 ml, $0.40/100ml",
        "price_product_tile": "$1.99$1.99"
    },
    {
        "id": 266,
        "name": "Iced Tea Drink Boxes",
        "price": "10x200.0 ml, $0.17/100ml",
        "brand": "No Name",
        "image_url": "https://assets.shop.loblaws.ca/products/21084957/b3/en/front/21084957_front_a06_@2.png",
        "image_alt": "No Name Iced Tea Drink Boxes 10x200.0 ml, $0.17/100ml",
        "price_product_tile": "$3.49$3.49"
    },
    {
        "id": 267,
        "name": "Mango Carrot Nectar Drink",
        "price": "473 ml, $0.27/100ml",
        "brand": "Cool Runnings",
        "image_url": "https://assets.shop.loblaws.ca/products/20703097/b3/en/front/20703097_front_a06_@2.png",
        "image_alt": "Cool Runnings Mango Carrot Nectar Drink 473 ml, $0.27/100ml",
        "price_product_tile": "$1.29$1.29"
    },
    {
        "id": 268,
        "name": "Ruby Red Grapefruit Cocktail",
        "price": "2 l, $0.16/100ml",
        "brand": "PC Blue Menu",
        "image_url": "https://assets.shop.loblaws.ca/products/20184617002/b3/en/front/20184617002_front_a06_@2.png",
        "image_alt": "PC Blue Menu Ruby Red Grapefruit Cocktail 2 l, $0.16/100ml",
        "price_product_tile": "$2.99$2.99$3.49$3.49SAVE $0.50"
    },
    {
        "id": 269,
        "name": "100% Apple Grape Juice",
        "price": "1 l, $0.20/100ml",
        "brand": "President's Choice",
        "image_url": "https://assets.shop.loblaws.ca/products/21080953/b3/en/front/21080953_front_a06_@2.png",
        "image_alt": "President's Choice 100% Apple Grape Juice 1 l, $0.20/100ml",
        "price_product_tile": "$2.00$2.00"
    },
    {
        "id": 270,
        "name": "8-Vegetable Cocktail",
        "price": "1.89 l, $0.16/100ml",
        "brand": "PC Blue Menu",
        "image_url": "https://assets.shop.loblaws.ca/products/20506849005/b3/en/front/20506849005_front_a06_@2.png",
        "image_alt": "PC Blue Menu 8-Vegetable Cocktail 1.89 l, $0.16/100ml",
        "price_product_tile": "$2.99$2.99$3.29$3.29SAVE $0.30"
    },
    {
        "id": 271,
        "name": "Peach Cocktail",
        "price": "24x200.0 ml, $0.17/100ml",
        "brand": "Allen's",
        "image_url": "https://assets.shop.loblaws.ca/products/21446816/b3/en/front/21446816_front_a06_@2.png",
        "image_alt": "Allen's Peach Cocktail 24x200.0 ml, $0.17/100ml",
        "price_product_tile": "$7.99$7.99"
    },
    {
        "id": 272,
        "name": "Grape Cocktail Juice Boxes",
        "price": "8x200.0 ml, $0.19/100ml",
        "brand": "Allen's",
        "image_url": "https://assets.shop.loblaws.ca/products/21435672/b3/en/front/21435672_front_a06_@2.png",
        "image_alt": "Allen's Grape Cocktail Juice Boxes 8x200.0 ml, $0.19/100ml",
        "price_product_tile": "$2.99$2.99"
    },
    {
        "id": 273,
        "name": "Orange Juice Boxes",
        "price": "10x200.0 ml, $0.26/100ml",
        "brand": "No Name",
        "image_url": "https://assets.shop.loblaws.ca/products/20148495/b3/en/front/20148495_front_a06_@2.png",
        "image_alt": "No Name Orange Juice Boxes 10x200.0 ml, $0.26/100ml",
        "price_product_tile": "$5.29$5.29"
    },
    {
        "id": 274,
        "name": "Orange Juice Boxes",
        "price": "10x200.0 ml, $0.25/100ml",
        "brand": "President's Choice",
        "image_url": "https://assets.shop.loblaws.ca/products/21347398/b3/en/front/21347398_front_a06_@2.png",
        "image_alt": "President's Choice Orange Juice Boxes  10x200.0 ml, $0.25/100ml",
        "price_product_tile": "$4.99$4.99"
    },
    {
        "id": 275,
        "name": "Sparkling Peach Grape Juice",
        "price": "750 ml, $0.64/100ml",
        "brand": "Duche de Longueville",
        "image_url": "https://assets.shop.loblaws.ca/products/20718847/b3/en/front/20718847_front_a06_@2.png",
        "image_alt": "Duche de Longueville Sparkling Peach Grape Juice 750 ml, $0.64/100ml",
        "price_product_tile": "$4.79$4.79"
    },
    {
        "id": 276,
        "name": "Fruit Punch Juice Boxes",
        "price": "10x200.0 ml, $0.25/100ml",
        "brand": "President's Choice",
        "image_url": "https://assets.shop.loblaws.ca/products/21061943/b3/en/front/21061943_front_a06_@2.png",
        "image_alt": "President's Choice Fruit Punch Juice Boxes  10x200.0 ml, $0.25/100ml",
        "price_product_tile": "$4.99$4.99"
    },
    {
        "id": 277,
        "name": "Vegetable Cocktail, Original",
        "price": "340 ml, $0.59/100ml",
        "brand": "V8",
        "image_url": "https://assets.shop.loblaws.ca/products/20502975/b3/en/front/20502975_front_a06_@2.png",
        "image_alt": "V8 Vegetable Cocktail, Original 340 ml, $0.59/100ml",
        "price_product_tile": "$1.99$1.99"
    },
    {
        "id": 278,
        "name": "Garden Cocktail",
        "price": "1.89 l, $0.23/100ml",
        "brand": "Mott's",
        "image_url": "https://assets.shop.loblaws.ca/products/20182121002/b3/en/front/20182121002_front_a06_@2.png",
        "image_alt": "Mott's Garden Cocktail 1.89 l, $0.23/100ml",
        "price_product_tile": "$4.29$4.29"
    },
    {
        "id": 279,
        "name": "V-Go Vegetable Cocktail, Original",
        "price": "1.89 l, $0.24/100ml",
        "brand": "V8",
        "image_url": "https://assets.shop.loblaws.ca/products/20077351001/b3/en/front/20077351001_front_a06_@2.png",
        "image_alt": "V8 V-Go Vegetable Cocktail, Original 1.89 l, $0.24/100ml",
        "price_product_tile": "$4.49$4.49"
    },
    {
        "id": 280,
        "name": "Ice Black Tea Drink Lemon Flavour",
        "price": "2 l, $0.32/100ml",
        "brand": "Kang Shi Fu",
        "image_url": "https://assets.shop.loblaws.ca/products/21574854/b3/en/front/21574854_front_a06_@2.png",
        "image_alt": "Kang Shi Fu Ice Black Tea Drink Lemon Flavour 2 l, $0.32/100ml",
        "price_product_tile": "$6.49$6.49"
    },
    {
        "id": 281,
        "name": "Green Goodness",
        "price": "946 ml, $0.69/100ml",
        "brand": "Bolthouse",
        "image_url": "https://assets.shop.loblaws.ca/products/20301788/b3/en/front/20301788_front_a06_@2.png",
        "image_alt": "Bolthouse Green Goodness 946 ml, $0.69/100ml",
        "price_product_tile": "$6.49$6.49"
    },
    {
        "id": 282,
        "name": "Strawberry Banana",
        "price": "1.54 l, $0.55/100ml",
        "brand": "Bolthouse",
        "image_url": "https://assets.shop.loblaws.ca/products/20288525/b3/en/front/20288525_front_a06_@2.png",
        "image_alt": "Bolthouse Strawberry Banana 1.54 l, $0.55/100ml",
        "price_product_tile": "$8.49$8.49"
    },
    {
        "id": 283,
        "name": "Cold Brew Coffee, Black, Extra Bold, Unsweetened, No Cream",
        "price": "1.42 l, $0.56/100ml",
        "brand": "SToK",
        "image_url": "https://assets.shop.loblaws.ca/products/21475792/b3/en/front/21475792_front_a06_@2.png",
        "image_alt": "SToK Cold Brew Coffee, Black, Extra Bold, Unsweetened, No Cream 1.42 l, $0.56/100ml",
        "price_product_tile": "$7.99$7.99$8.29$8.29SAVE $0.30"
    },
    {
        "id": 284,
        "name": "Citrus Juice, 8 Pack",
        "price": "8x200.0 ml, $0.25/100ml",
        "brand": "Five Alive",
        "image_url": "https://assets.shop.loblaws.ca/products/21093553/b3/en/front/21093553_front_a06_@2.png",
        "image_alt": "Five Alive Citrus Juice, 8 Pack 8x200.0 ml, $0.25/100ml",
        "price_product_tile": "$3.99$3.99"
    },
    {
        "id": 285,
        "name": "100% Tropical Juice",
        "price": "1 l, $0.20/100ml",
        "brand": "President's Choice",
        "image_url": "https://assets.shop.loblaws.ca/products/21080947/b3/en/front/21080947_front_a06_@2.png",
        "image_alt": "President's Choice 100% Tropical Juice 1 l, $0.20/100ml",
        "price_product_tile": "$2.00$2.00"
    },
    {
        "id": 286,
        "name": "Rose Dealcoholized Wine",
        "price": "750 ml, $1.07/100ml",
        "brand": "President's Choice",
        "image_url": "https://assets.shop.loblaws.ca/products/21305907/b3/en/front/21305907_front_a06_@2.png",
        "image_alt": "President's Choice Rose Dealcoholized Wine 750 ml, $1.07/100ml",
        "price_product_tile": "$7.99$7.99"
    },
    {
        "id": 287,
        "name": "Cranberry Cocktail",
        "price": "3 l, $0.23/100ml",
        "brand": "Ocean Spray",
        "image_url": "https://assets.shop.loblaws.ca/products/20574433001/b3/en/front/20574433001_front_a06_@2.png",
        "image_alt": "Ocean Spray Cranberry Cocktail 3 l, $0.23/100ml",
        "price_product_tile": "$6.99$6.99"
    },
    {
        "id": 288,
        "name": "Premium Pineapple Juice",
        "price": "4x250.0 ml, $0.48/100ml",
        "brand": "Dole",
        "image_url": "https://assets.shop.loblaws.ca/products/21104434/b3/en/front/21104434_front_a06_@2.png",
        "image_alt": "Dole Premium Pineapple Juice  4x250.0 ml, $0.48/100ml",
        "price_product_tile": "$4.79$4.79"
    },
    {
        "id": 289,
        "name": "Strawberry Banana Cocktail",
        "price": "8x200.0 ml, $0.19/100ml",
        "brand": "Allen's",
        "image_url": "https://assets.shop.loblaws.ca/products/20315996004/b3/en/front/20315996004_front_a06_@2.png",
        "image_alt": "Allen's Strawberry Banana Cocktail 8x200.0 ml, $0.19/100ml",
        "price_product_tile": "$2.99$2.99"
    },
    {
        "id": 290,
        "name": "Apple Juice",
        "price": "8x200.0 ml, $0.28/100ml",
        "brand": "Oasis",
        "image_url": "https://assets.shop.loblaws.ca/products/20315764002/b3/en/front/20315764002_front_a06_@2.png",
        "image_alt": "Oasis Apple Juice 8x200.0 ml, $0.28/100ml",
        "price_product_tile": "$4.49$4.49"
    },
    {
        "id": 291,
        "name": "100% Juice Morning Sunshine",
        "price": "2.5 l, $0.24/100ml",
        "brand": "Del Monte",
        "image_url": "https://assets.shop.loblaws.ca/products/21595736/b3/en/front/21595736_front_a06_@2.png",
        "image_alt": "Del Monte 100% Juice Morning Sunshine 2.5 l, $0.24/100ml",
        "price_product_tile": "$5.99$5.99"
    },
    {
        "id": 292,
        "name": "Fruit Punch",
        "price": "2 l, $0.10/100ml",
        "brand": "No Name",
        "image_url": "https://assets.shop.loblaws.ca/products/20320439003/b3/en/front/20320439003_front_a06_@2.png",
        "image_alt": "No Name Fruit Punch 2 l, $0.10/100ml",
        "price_product_tile": "$2.00$2.00"
    },
    {
        "id": 293,
        "name": "Cold Brew Coffee, Black, Lightly Sweetened",
        "price": "1.42 l, $0.56/100ml",
        "brand": "SToK",
        "image_url": "https://assets.shop.loblaws.ca/products/21203737/b3/en/front/21203737_front_a06_@2.png",
        "image_alt": "SToK Cold Brew Coffee, Black, Lightly Sweetened 1.42 l, $0.56/100ml",
        "price_product_tile": "$7.99$7.99"
    },
    {
        "id": 294,
        "name": "Grape Drink",
        "price": "2 l, $0.14/100ml",
        "brand": "Fruite",
        "image_url": "https://assets.shop.loblaws.ca/products/20302606/b3/en/front/20302606_front_a06_@2.png",
        "image_alt": "Fruite Grape Drink 2 l, $0.14/100ml",
        "price_product_tile": "$2.79$2.79"
    },
    {
        "id": 295,
        "name": "100% Juice Blends 100% Juice, Cranberry",
        "price": "1.77 l, $0.28/100ml",
        "brand": "Ocean Spray",
        "image_url": "https://assets.shop.loblaws.ca/products/20982463/b3/en/front/20982463_front_a06_@2.png",
        "image_alt": "Ocean Spray 100% Juice Blends 100% Juice, Cranberry 1.77 l, $0.28/100ml",
        "price_product_tile": "$4.99$4.99"
    },
    {
        "id": 296,
        "name": "Tropical Passion Fruit Juice",
        "price": "8x200.0 ml, $0.28/100ml",
        "brand": "Oasis",
        "image_url": "https://assets.shop.loblaws.ca/products/20315764001/b3/en/front/20315764001_front_a06_@2.png",
        "image_alt": "Oasis Tropical Passion Fruit Juice 8x200.0 ml, $0.28/100ml",
        "price_product_tile": "$4.49$4.49"
    },
    {
        "id": 297,
        "name": "Strawberry Banana Cocktail (Case)",
        "price": "24x200.0 ml, $0.17/100ml",
        "brand": "Allen's",
        "image_url": "https://assets.shop.loblaws.ca/products/20822506002/b3/en/front/20822506002_front_a06_@2.png",
        "image_alt": "Allen's Strawberry Banana Cocktail (Case) 24x200.0 ml, $0.17/100ml",
        "price_product_tile": "$7.99$7.99"
    },
    {
        "id": 298,
        "name": "Limited Edition PineaColada",
        "price": "2 l, $0.14/100ml",
        "brand": "Fruite",
        "image_url": "https://assets.shop.loblaws.ca/products/21433564/b3/en/front/21433564_front_a06_@2.png",
        "image_alt": "Fruite Limited Edition PineaColada 2 l, $0.14/100ml",
        "price_product_tile": "$2.79$2.79"
    },
    {
        "id": 299,
        "name": "Lavender Flavour White Tea",
        "price": "1.54 l, $0.26/100ml",
        "brand": "President's Choice",
        "image_url": "https://assets.shop.loblaws.ca/products/21430637/b3/en/front/21430637_front_a06_@2.png",
        "image_alt": "President's Choice Lavender Flavour White Tea 1.54 l, $0.26/100ml",
        "price_product_tile": "$3.99$3.99"
    },
    {
        "id": 300,
        "name": "Cranberry Cherry Cocktail",
        "price": "1.89 l, $0.24/100ml",
        "brand": "Ocean Spray",
        "image_url": "https://assets.shop.loblaws.ca/products/20679625/b3/en/front/20679625_front_a06_@2.png",
        "image_alt": "Ocean Spray Cranberry Cherry Cocktail 1.89 l, $0.24/100ml",
        "price_product_tile": "$4.49$4.49"
    },
    {
        "id": 301,
        "name": "100% Apple Juice",
        "price": "1 l, $0.20/100ml",
        "brand": "President's Choice",
        "image_url": "https://assets.shop.loblaws.ca/products/20501952/b3/en/front/20501952_front_a06_@2.png",
        "image_alt": "President's Choice 100% Apple Juice 1 l, $0.20/100ml",
        "price_product_tile": "$2.00$2.00"
    },
    {
        "id": 302,
        "name": "Vanilla Chai Tea",
        "price": "946 ml, $0.69/100ml",
        "brand": "Bolthouse",
        "image_url": "https://assets.shop.loblaws.ca/products/20322371/b3/en/front/20322371_front_a06_@2.png",
        "image_alt": "Bolthouse Vanilla Chai Tea 946 ml, $0.69/100ml",
        "price_product_tile": "$6.49$6.49"
    },
    {
        "id": 303,
        "name": "Jammers",
        "price": "10x180.0 ml, $0.16/100ml",
        "brand": "Kool-Aid",
        "image_url": "https://assets.shop.loblaws.ca/products/20079976003/b3/en/front/20079976003_front_a06_@2.png",
        "image_alt": "Kool-Aid Jammers 10x180.0 ml, $0.16/100ml",
        "price_product_tile": "$2.79$2.79$3.29$3.29SAVE $0.50"
    },
    {
        "id": 304,
        "name": "Honey Yuzu Citrus Flavoured Lemonade",
        "price": "1.89 l, $0.17/100ml",
        "brand": "President's Choice",
        "image_url": "https://assets.shop.loblaws.ca/products/21371826/b3/en/front/21371826_front_a06_@2.png",
        "image_alt": "President's Choice Honey Yuzu Citrus Flavoured Lemonade 1.89 l, $0.17/100ml",
        "price_product_tile": "$3.29$3.29"
    },
    {
        "id": 305,
        "name": "100% Juice Blends 100% Juice, Cranberry and Grape",
        "price": "1.77 l, $0.28/100ml",
        "brand": "Ocean Spray",
        "image_url": "https://assets.shop.loblaws.ca/products/20982405/b3/en/front/20982405_front_a06_@2.png",
        "image_alt": "Ocean Spray 100% Juice Blends 100% Juice, Cranberry and Grape 1.77 l, $0.28/100ml",
        "price_product_tile": "$4.99$4.99"
    },
    {
        "id": 306,
        "name": "Cold Brew Coffee, Black, Extra Bold, Unsweetened, No Cream",
        "price": "1.42 l, $0.56/100ml",
        "brand": "SToK",
        "image_url": "https://assets.shop.loblaws.ca/products/21475792/b3/en/front/21475792_front_a06_@2.png",
        "image_alt": "SToK Cold Brew Coffee, Black, Extra Bold, Unsweetened, No Cream 1.42 l, $0.56/100ml",
        "price_product_tile": "$7.99$7.99$8.29$8.29SAVE $0.30"
    },
    {
        "id": 307,
        "name": "Citrus Juice, 8 Pack",
        "price": "8x200.0 ml, $0.25/100ml",
        "brand": "Five Alive",
        "image_url": "https://assets.shop.loblaws.ca/products/21093553/b3/en/front/21093553_front_a06_@2.png",
        "image_alt": "Five Alive Citrus Juice, 8 Pack 8x200.0 ml, $0.25/100ml",
        "price_product_tile": "$3.99$3.99"
    },
    {
        "id": 308,
        "name": "Peach Party",
        "price": "1.75 l, $0.16/100ml",
        "brand": "Peace Tea",
        "image_url": "https://assets.shop.loblaws.ca/products/21170681/b3/en/front/21170681_front_a06_@2.png",
        "image_alt": "Peace Tea Peach Party 1.75 l, $0.16/100ml",
        "price_product_tile": "$2.79$2.79"
    },
    {
        "id": 309,
        "name": "Lemonade with Raspberry",
        "price": "2.63 l, $0.26/100ml",
        "brand": "Simply",
        "image_url": "https://assets.shop.loblaws.ca/products/21592098/b3/en/front/21592098_front_a06_@2.png",
        "image_alt": "Simply Lemonade with Raspberry 2.63 l, $0.26/100ml",
        "price_product_tile": "$6.79$6.79"
    },
    {
        "id": 310,
        "name": "Mango Raspberry Lemonade",
        "price": "1.54 l, $0.29/100ml",
        "brand": "President's Choice",
        "image_url": "https://assets.shop.loblaws.ca/products/21430694/b3/en/front/21430694_front_a06_@2.png",
        "image_alt": "President's Choice Mango Raspberry Lemonade 1.54 l, $0.29/100ml",
        "price_product_tile": "$4.49$4.49"
    },
    {
        "id": 311,
        "name": "Mango & Peach Real Fruit Beverage",
        "price": "1.75 l, $0.25/100ml",
        "brand": "Alphonso",
        "image_url": "https://assets.shop.loblaws.ca/products/21154106/b3/en/front/21154106_front_a06_@2.png",
        "image_alt": "Alphonso Mango & Peach Real Fruit Beverage 1.75 l, $0.25/100ml",
        "price_product_tile": "$4.29$4.29"
    },
    {
        "id": 312,
        "name": "Passion Fruit Nectar",
        "price": "960 ml, $0.16/100ml",
        "brand": "Del Monte",
        "image_url": "https://assets.shop.loblaws.ca/products/21402977/b3/en/front/21402977_front_a06_@2.png",
        "image_alt": "Del Monte Passion Fruit Nectar 960 ml, $0.16/100ml",
        "price_product_tile": "$1.49$1.49$1.99$1.99SAVE $0.50"
    },
    {
        "id": 313,
        "name": "100% Mango Juice",
        "price": "1 l, $0.20/100ml",
        "brand": "President's Choice",
        "image_url": "https://assets.shop.loblaws.ca/products/21080954/b3/en/front/21080954_front_a06_@2.png",
        "image_alt": "President's Choice 100% Mango Juice  1 l, $0.20/100ml",
        "price_product_tile": "$2.00$2.00"
    },
    {
        "id": 314,
        "name": "Fruit Punch Cocktail",
        "price": "1 l, $0.15/100ml",
        "brand": "Allen's",
        "image_url": "https://assets.shop.loblaws.ca/products/20307424002/b3/en/front/20307424002_front_a06_@2.png",
        "image_alt": "Allen's Fruit Punch Cocktail 1 l, $0.15/100ml",
        "price_product_tile": "$1.49$1.49"
    },
    {
        "id": 315,
        "name": "Real Fruit Beverage From Concentrate Strawberry Lemonade Zero Sugar",
        "price": "1.54 l, $0.26/100ml",
        "brand": "Minute Maid",
        "image_url": "https://assets.shop.loblaws.ca/products/21592037/b3/en/front/21592037_front_a06_@2.png",
        "image_alt": "Minute Maid Real Fruit Beverage From Concentrate Strawberry Lemonade Zero Sugar 1.54 l, $0.26/100ml",
        "price_product_tile": "$3.99$3.99"
    },
    {
        "id": 316,
        "name": "100% Apple Juice From Concentrate, 8 Pack",
        "price": "8x200.0 ml, $0.25/100ml",
        "brand": "Minute Maid",
        "image_url": "https://assets.shop.loblaws.ca/products/21092667/b3/en/front/21092667_front_a06_@2.png",
        "image_alt": "Minute Maid 100% Apple Juice From Concentrate, 8 Pack 8x200.0 ml, $0.25/100ml",
        "price_product_tile": "$3.99$3.99"
    },
    {
        "id": 317,
        "name": "Cranberry Cocktail",
        "price": "1.89 l, $0.16/100ml",
        "brand": "President's Choice",
        "image_url": "https://assets.shop.loblaws.ca/products/20307025001/b3/en/front/20307025001_front_a06_@2.png",
        "image_alt": "President's Choice Cranberry Cocktail 1.89 l, $0.16/100ml",
        "price_product_tile": "$2.99$2.99$3.49$3.49SAVE $0.50"
    },
    {
        "id": 318,
        "name": "Lemon Tea, Bottle",
        "price": "1.89 l, $0.18/100ml",
        "brand": "Nestea",
        "image_url": "https://assets.shop.loblaws.ca/products/20861192/b3/en/front/20861192_front_a06_@2.png",
        "image_alt": "Nestea Lemon Tea, Bottle 1.89 l, $0.18/100ml",
        "price_product_tile": "$3.49$3.49"
    },
    {
        "id": 319,
        "name": "Realime Single Strength Lime Juice",
        "price": "125 ml, $0.80/100ml",
        "brand": "Real Lemon",
        "image_url": "https://assets.shop.loblaws.ca/products/20298903002/b3/en/front/20298903002_front_a06_@2.png",
        "image_alt": "Real Lemon Realime Single Strength Lime Juice 125 ml, $0.80/100ml",
        "price_product_tile": "$1.00$1.00"
    },
    {
        "id": 320,
        "name": "Strawberry Dragon Fruit Refreshing Beverage",
        "price": "1.89 l, $0.18/100ml",
        "brand": "Del Monte",
        "image_url": "https://assets.shop.loblaws.ca/products/21574983/b3/en/front/21574983_front_a06_@2.png",
        "image_alt": "Del Monte Strawberry Dragon Fruit Refreshing Beverage 1.89 l, $0.18/100ml",
        "price_product_tile": "$3.49$3.49"
    },
    {
        "id": 321,
        "name": "Mango Lemonade",
        "price": "1.89 l, $0.17/100ml",
        "brand": "President's Choice",
        "image_url": "https://assets.shop.loblaws.ca/products/21002907/b3/en/front/21002907_front_a06_@2.png",
        "image_alt": "President's Choice Mango Lemonade 1.89 l, $0.17/100ml",
        "price_product_tile": "$3.29$3.29"
    },
    {
        "id": 322,
        "name": "Mocha Cappuccino",
        "price": "946 ml, $0.69/100ml",
        "brand": "Bolthouse",
        "image_url": "https://assets.shop.loblaws.ca/products/20312999/b3/en/front/20312999_front_a06_@2.png",
        "image_alt": "Bolthouse Mocha Cappuccino 946 ml, $0.69/100ml",
        "price_product_tile": "$6.49$6.49"
    },
    {
        "id": 323,
        "name": "Strawberry Peach Beverage",
        "price": "1.54 l, $0.28/100ml",
        "brand": "Tropicana",
        "image_url": "https://assets.shop.loblaws.ca/products/21354962/b3/en/front/21354962_front_a06_@2.png",
        "image_alt": "Tropicana Strawberry Peach Beverage     1.54 l, $0.28/100ml",
        "price_product_tile": "$4.29$4.29"
    }
]