<div data-testid="product-grid" class="css-epcqr3"><div class="css-0"><div class="css-f5i5wc"><div class="chakra-linkbox css-vhnn8v"><div data-testid="product-image" class="css-16dr4ly"><img alt="Farmer's Market Banana Chocolate Chunk Muffins 600 g, $1.00/100g" src="https://assets.shop.loblaws.ca/products/21283357/b3/en/front/21283357_front_a06_@2.png" srcset="https://assets.shop.loblaws.ca/products/21283357/b3/en/front/21283357_front_a06_@2.png 1x, https://assets.shop.loblaws.ca/products/21283357/b3/en/front/21283357_front_a06_@2.png 2x" loading="lazy" class="chakra-image css-oguq8l" aria-hidden="true"></div><div class="css-qoklea"><div class="css-12dchmx"></div><div data-testid="price-product-tile" class="css-8atqhb"><p class="chakra-text css-0"><span class="chakra-text css-pwnbcb" data-testid="regular-price"><span class="css-idkz9h">$6.00</span>$6.00</span></p></div><a href="/banana-chocolate-chunk-muffins/p/21283357_EA?source=nspt" class="chakra-linkbox__overlay css-1hnz6hu"><div class="css-0"><p class="chakra-text css-1ecdp9w" data-testid="product-brand">Farmer's Market</p><h3 class="chakra-heading css-6qrhwc" id="21283357_EA" data-testid="product-title">Banana Chocolate Chunk Muffins</h3><p class="chakra-text css-1yftjin" data-testid="product-package-size">600 g, $1.00/100g</p></div></a><div class="css-8keand"></div></div><div class="css-1q5omjq"><div class="css-fcebb8"><div data-testid="atc-compact" class="css-y94ivq" style="width: 45px;"><button type="button" class="chakra-button css-mudsm6" data-testid="atc-button"><svg stroke="currentColor" fill="currentColor" stroke-width="0" viewBox="0 0 24 24" focusable="false" class="chakra-icon css-1g3sp7a" data-testid="btn-icon" aria-hidden="true" height="1em" width="1em" xmlns="http://www.w3.org/2000/svg"><path d="M19 13h-6v6h-2v-6H5v-2h6V5h2v6h6v2z"></path></svg><span class="css-idkz9h">Add Banana Chocolate Chunk Muffins to cart</span></button></div></div></div></div></div></div><div class="css-0"><div class="css-f5i5wc"><div class="chakra-linkbox css-vhnn8v"><div data-testid="product-image" class="css-16dr4ly"><img alt="Farmer's Market Chocolate Chip Muffins 600 g, $1.00/100g" src="https://assets.shop.loblaws.ca/products/21283358/b3/en/front/21283358_front_a06_@2.png" srcset="https://assets.shop.loblaws.ca/products/21283358/b3/en/front/21283358_front_a06_@2.png 1x, https://assets.shop.loblaws.ca/products/21283358/b3/en/front/21283358_front_a06_@2.png 2x" loading="lazy" class="chakra-image css-oguq8l" aria-hidden="true"></div><div class="css-qoklea"><div class="css-12dchmx"></div><div data-testid="price-product-tile" class="css-8atqhb"><p class="chakra-text css-0"><span class="chakra-text css-pwnbcb" data-testid="regular-price"><span class="css-idkz9h">$6.00</span>$6.00</span></p></div><a href="/chocolate-chip-muffins/p/21283358_EA?source=nspt" class="chakra-linkbox__overlay css-1hnz6hu"><div class="css-0"><p class="chakra-text css-1ecdp9w" data-testid="product-brand">Farmer's Market</p><h3 class="chakra-heading css-6qrhwc" id="21283358_EA" data-testid="product-title">Chocolate Chip Muffins</h3><p class="chakra-text css-1yftjin" data-testid="product-package-size">600 g, $1.00/100g</p></div></a><div class="css-8keand"></div></div><div class="css-1q5omjq"><div class="css-fcebb8"><div data-testid="atc-compact" class="css-y94ivq" style="width: 45px;"><button type="button" class="chakra-button css-mudsm6" data-testid="atc-button"><svg stroke="currentColor" fill="currentColor" stroke-width="0" viewBox="0 0 24 24" focusable="false" class="chakra-icon css-1g3sp7a" data-testid="btn-icon" aria-hidden="true" height="1em" width="1em" xmlns="http://www.w3.org/2000/svg"><path d="M19 13h-6v6h-2v-6H5v-2h6V5h2v6h6v2z"></path></svg><span class="css-idkz9h">Add Chocolate Chip Muffins to cart</span></button></div></div></div></div></div></div><div class="css-0"><div class="css-f5i5wc"><div class="chakra-linkbox css-vhnn8v"><div data-testid="product-image" class="css-16dr4ly"><img alt="Farmer's Market Blueberry Muffins 570 g, $1.05/100g" src="https://assets.shop.loblaws.ca/products/21283356/b3/en/front/21283356_front_a06_@2.png" srcset="https://assets.shop.loblaws.ca/products/21283356/b3/en/front/21283356_front_a06_@2.png 1x, https://assets.shop.loblaws.ca/products/21283356/b3/en/front/21283356_front_a06_@2.png 2x" loading="lazy" class="chakra-image css-oguq8l" aria-hidden="true"></div><div class="css-qoklea"><div class="css-12dchmx"></div><div data-testid="price-product-tile" class="css-8atqhb"><p class="chakra-text css-0"><span class="chakra-text css-pwnbcb" data-testid="regular-price"><span class="css-idkz9h">$6.00</span>$6.00</span></p></div><a href="/blueberry-muffins/p/21283356_EA?source=nspt" class="chakra-linkbox__overlay css-1hnz6hu"><div class="css-0"><p class="chakra-text css-1ecdp9w" data-testid="product-brand">Farmer's Market</p><h3 class="chakra-heading css-6qrhwc" id="21283356_EA" data-testid="product-title">Blueberry Muffins</h3><p class="chakra-text css-1yftjin" data-testid="product-package-size">570 g, $1.05/100g</p></div></a><div class="css-8keand"></div></div><div class="css-1q5omjq"><div class="css-fcebb8"><div data-testid="atc-compact" class="css-y94ivq" style="width: 45px;"><button type="button" class="chakra-button css-mudsm6" data-testid="atc-button"><svg stroke="currentColor" fill="currentColor" stroke-width="0" viewBox="0 0 24 24" focusable="false" class="chakra-icon css-1g3sp7a" data-testid="btn-icon" aria-hidden="true" height="1em" width="1em" xmlns="http://www.w3.org/2000/svg"><path d="M19 13h-6v6h-2v-6H5v-2h6V5h2v6h6v2z"></path></svg><span class="css-idkz9h">Add Blueberry Muffins to cart</span></button></div></div></div></div></div></div><div class="css-0"><div class="css-f5i5wc"><div class="chakra-linkbox css-vhnn8v"><div data-testid="product-image" class="css-16dr4ly"><img alt="Farmer's Market Carrot Muffins 600 g, $1.00/100g" src="https://assets.shop.loblaws.ca/products/21283360/b3/en/front/21283360_front_a06_@2.png" srcset="https://assets.shop.loblaws.ca/products/21283360/b3/en/front/21283360_front_a06_@2.png 1x, https://assets.shop.loblaws.ca/products/21283360/b3/en/front/21283360_front_a06_@2.png 2x" loading="lazy" class="chakra-image css-oguq8l" aria-hidden="true"></div><div class="css-qoklea"><div class="css-12dchmx"></div><div data-testid="price-product-tile" class="css-8atqhb"><p class="chakra-text css-0"><span class="chakra-text css-pwnbcb" data-testid="regular-price"><span class="css-idkz9h">$6.00</span>$6.00</span></p></div><a href="/carrot-muffins/p/21283360_EA?source=nspt" class="chakra-linkbox__overlay css-1hnz6hu"><div class="css-0"><p class="chakra-text css-1ecdp9w" data-testid="product-brand">Farmer's Market</p><h3 class="chakra-heading css-6qrhwc" id="21283360_EA" data-testid="product-title">Carrot Muffins</h3><p class="chakra-text css-1yftjin" data-testid="product-package-size">600 g, $1.00/100g</p></div></a><div class="css-8keand"></div></div><div class="css-1q5omjq"><div class="css-fcebb8"><div data-testid="atc-compact" class="css-y94ivq" style="width: 45px;"><button type="button" class="chakra-button css-mudsm6" data-testid="atc-button"><svg stroke="currentColor" fill="currentColor" stroke-width="0" viewBox="0 0 24 24" focusable="false" class="chakra-icon css-1g3sp7a" data-testid="btn-icon" aria-hidden="true" height="1em" width="1em" xmlns="http://www.w3.org/2000/svg"><path d="M19 13h-6v6h-2v-6H5v-2h6V5h2v6h6v2z"></path></svg><span class="css-idkz9h">Add Carrot Muffins to cart</span></button></div></div></div></div></div></div><div class="css-0"><div class="css-f5i5wc"><div class="chakra-linkbox css-vhnn8v"><div data-testid="product-image" class="css-16dr4ly"><img alt="Farmer's Market Muffins Double Chocolate     570 g, $1.05/100g" src="https://assets.shop.loblaws.ca/products/21283361/b3/en/front/21283361_front_a06_@2.png" srcset="https://assets.shop.loblaws.ca/products/21283361/b3/en/front/21283361_front_a06_@2.png 1x, https://assets.shop.loblaws.ca/products/21283361/b3/en/front/21283361_front_a06_@2.png 2x" loading="lazy" class="chakra-image css-oguq8l" aria-hidden="true"></div><div class="css-qoklea"><div class="css-12dchmx"></div><div data-testid="price-product-tile" class="css-8atqhb"><p class="chakra-text css-0"><span class="chakra-text css-pwnbcb" data-testid="regular-price"><span class="css-idkz9h">$6.00</span>$6.00</span></p></div><a href="/muffins-double-chocolate/p/21283361_EA?source=nspt" class="chakra-linkbox__overlay css-1hnz6hu"><div class="css-0"><p class="chakra-text css-1ecdp9w" data-testid="product-brand">Farmer's Market</p><h3 class="chakra-heading css-6qrhwc" id="21283361_EA" data-testid="product-title">Muffins Double Chocolate    </h3><p class="chakra-text css-1yftjin" data-testid="product-package-size">570 g, $1.05/100g</p></div></a><div class="css-8keand"></div></div><div class="css-1q5omjq"><div class="css-fcebb8"><div data-testid="atc-compact" class="css-y94ivq" style="width: 45px;"><button type="button" class="chakra-button css-mudsm6" data-testid="atc-button"><svg stroke="currentColor" fill="currentColor" stroke-width="0" viewBox="0 0 24 24" focusable="false" class="chakra-icon css-1g3sp7a" data-testid="btn-icon" aria-hidden="true" height="1em" width="1em" xmlns="http://www.w3.org/2000/svg"><path d="M19 13h-6v6h-2v-6H5v-2h6V5h2v6h6v2z"></path></svg><span class="css-idkz9h">Add Muffins Double Chocolate     to cart</span></button></div></div></div></div></div></div><div class="css-0"><div class="css-f5i5wc"><div class="chakra-linkbox css-vhnn8v"><div data-testid="product-image" class="css-16dr4ly"><img alt="Farmer's Market Raisin Bran Muffins 600 g, $1.00/100g" src="https://assets.shop.loblaws.ca/products/21283359/b3/en/front/21283359_front_a06_@2.png" srcset="https://assets.shop.loblaws.ca/products/21283359/b3/en/front/21283359_front_a06_@2.png 1x, https://assets.shop.loblaws.ca/products/21283359/b3/en/front/21283359_front_a06_@2.png 2x" loading="lazy" class="chakra-image css-oguq8l" aria-hidden="true"></div><div class="css-qoklea"><div class="css-12dchmx"></div><div data-testid="price-product-tile" class="css-8atqhb"><p class="chakra-text css-0"><span class="chakra-text css-pwnbcb" data-testid="regular-price"><span class="css-idkz9h">$6.00</span>$6.00</span></p></div><a href="/raisin-bran-muffins/p/21283359_EA?source=nspt" class="chakra-linkbox__overlay css-1hnz6hu"><div class="css-0"><p class="chakra-text css-1ecdp9w" data-testid="product-brand">Farmer's Market</p><h3 class="chakra-heading css-6qrhwc" id="21283359_EA" data-testid="product-title">Raisin Bran Muffins</h3><p class="chakra-text css-1yftjin" data-testid="product-package-size">600 g, $1.00/100g</p></div></a><div class="css-8keand"></div></div><div class="css-1q5omjq"><div class="css-fcebb8"><div data-testid="atc-compact" class="css-y94ivq" style="width: 45px;"><button type="button" class="chakra-button css-mudsm6" data-testid="atc-button"><svg stroke="currentColor" fill="currentColor" stroke-width="0" viewBox="0 0 24 24" focusable="false" class="chakra-icon css-1g3sp7a" data-testid="btn-icon" aria-hidden="true" height="1em" width="1em" xmlns="http://www.w3.org/2000/svg"><path d="M19 13h-6v6h-2v-6H5v-2h6V5h2v6h6v2z"></path></svg><span class="css-idkz9h">Add Raisin Bran Muffins to cart</span></button></div></div></div></div></div></div><div class="css-0"><div class="css-f5i5wc"><div class="chakra-linkbox css-vhnn8v"><div data-testid="product-image" class="css-16dr4ly"><img alt="Farmer's Market Berry Medley Muffins 570 g, $1.05/100g" src="https://assets.shop.loblaws.ca/products/21283355/b3/en/front/21283355_front_a06_@2.png" srcset="https://assets.shop.loblaws.ca/products/21283355/b3/en/front/21283355_front_a06_@2.png 1x, https://assets.shop.loblaws.ca/products/21283355/b3/en/front/21283355_front_a06_@2.png 2x" loading="lazy" class="chakra-image css-oguq8l" aria-hidden="true"></div><div class="css-qoklea"><div class="css-12dchmx"></div><div data-testid="price-product-tile" class="css-8atqhb"><p class="chakra-text css-0"><span class="chakra-text css-pwnbcb" data-testid="regular-price"><span class="css-idkz9h">$6.00</span>$6.00</span></p></div><a href="/berry-medley-muffins/p/21283355_EA?source=nspt" class="chakra-linkbox__overlay css-1hnz6hu"><div class="css-0"><p class="chakra-text css-1ecdp9w" data-testid="product-brand">Farmer's Market</p><h3 class="chakra-heading css-6qrhwc" id="21283355_EA" data-testid="product-title">Berry Medley Muffins</h3><p class="chakra-text css-1yftjin" data-testid="product-package-size">570 g, $1.05/100g</p></div></a><div class="css-8keand"></div></div><div class="css-1q5omjq"><div class="css-fcebb8"><div data-testid="atc-compact" class="css-y94ivq" style="width: 45px;"><button type="button" class="chakra-button css-mudsm6" data-testid="atc-button"><svg stroke="currentColor" fill="currentColor" stroke-width="0" viewBox="0 0 24 24" focusable="false" class="chakra-icon css-1g3sp7a" data-testid="btn-icon" aria-hidden="true" height="1em" width="1em" xmlns="http://www.w3.org/2000/svg"><path d="M19 13h-6v6h-2v-6H5v-2h6V5h2v6h6v2z"></path></svg><span class="css-idkz9h">Add Berry Medley Muffins to cart</span></button></div></div></div></div></div></div><div class="css-0"><div class="css-f5i5wc"><div class="chakra-linkbox css-vhnn8v"><div data-testid="product-image" class="css-16dr4ly"><img alt="Farmer's Market Lemon Cranberry Muffins 600 g, $1.00/100g" src="https://assets.shop.loblaws.ca/products/21283354/b3/en/front/21283354_front_a06_@2.png" srcset="https://assets.shop.loblaws.ca/products/21283354/b3/en/front/21283354_front_a06_@2.png 1x, https://assets.shop.loblaws.ca/products/21283354/b3/en/front/21283354_front_a06_@2.png 2x" loading="lazy" class="chakra-image css-oguq8l" aria-hidden="true"></div><div class="css-qoklea"><div class="css-12dchmx"></div><div data-testid="price-product-tile" class="css-8atqhb"><p class="chakra-text css-0"><span class="chakra-text css-pwnbcb" data-testid="regular-price"><span class="css-idkz9h">$6.00</span>$6.00</span></p></div><a href="/lemon-cranberry-muffins/p/21283354_EA?source=nspt" class="chakra-linkbox__overlay css-1hnz6hu"><div class="css-0"><p class="chakra-text css-1ecdp9w" data-testid="product-brand">Farmer's Market</p><h3 class="chakra-heading css-6qrhwc" id="21283354_EA" data-testid="product-title">Lemon Cranberry Muffins</h3><p class="chakra-text css-1yftjin" data-testid="product-package-size">600 g, $1.00/100g</p></div></a><div class="css-8keand"></div></div><div class="css-1q5omjq"><div class="css-fcebb8"><div data-testid="atc-compact" class="css-y94ivq" style="width: 45px;"><button type="button" class="chakra-button css-mudsm6" data-testid="atc-button"><svg stroke="currentColor" fill="currentColor" stroke-width="0" viewBox="0 0 24 24" focusable="false" class="chakra-icon css-1g3sp7a" data-testid="btn-icon" aria-hidden="true" height="1em" width="1em" xmlns="http://www.w3.org/2000/svg"><path d="M19 13h-6v6h-2v-6H5v-2h6V5h2v6h6v2z"></path></svg><span class="css-idkz9h">Add Lemon Cranberry Muffins to cart</span></button></div></div></div></div></div></div><div class="css-0"><div class="css-f5i5wc"><div class="chakra-linkbox css-vhnn8v"><div data-testid="product-image" class="css-16dr4ly"><img alt="Farmer's Market Morning Glory Muffins 600 g, $1.00/100g" src="https://assets.shop.loblaws.ca/products/21283353/b3/en/front/21283353_front_a06_@2.png" srcset="https://assets.shop.loblaws.ca/products/21283353/b3/en/front/21283353_front_a06_@2.png 1x, https://assets.shop.loblaws.ca/products/21283353/b3/en/front/21283353_front_a06_@2.png 2x" loading="lazy" class="chakra-image css-oguq8l" aria-hidden="true"></div><div class="css-qoklea"><div class="css-12dchmx"></div><div data-testid="price-product-tile" class="css-8atqhb"><p class="chakra-text css-0"><span class="chakra-text css-pwnbcb" data-testid="regular-price"><span class="css-idkz9h">$6.00</span>$6.00</span></p></div><a href="/morning-glory-muffins/p/21283353_EA?source=nspt" class="chakra-linkbox__overlay css-1hnz6hu"><div class="css-0"><p class="chakra-text css-1ecdp9w" data-testid="product-brand">Farmer's Market</p><h3 class="chakra-heading css-6qrhwc" id="21283353_EA" data-testid="product-title">Morning Glory Muffins</h3><p class="chakra-text css-1yftjin" data-testid="product-package-size">600 g, $1.00/100g</p></div></a><div class="css-8keand"></div></div><div class="css-1q5omjq"><div class="css-fcebb8"><div data-testid="atc-compact" class="css-y94ivq" style="width: 45px;"><button type="button" class="chakra-button css-mudsm6" data-testid="atc-button"><svg stroke="currentColor" fill="currentColor" stroke-width="0" viewBox="0 0 24 24" focusable="false" class="chakra-icon css-1g3sp7a" data-testid="btn-icon" aria-hidden="true" height="1em" width="1em" xmlns="http://www.w3.org/2000/svg"><path d="M19 13h-6v6h-2v-6H5v-2h6V5h2v6h6v2z"></path></svg><span class="css-idkz9h">Add Morning Glory Muffins to cart</span></button></div></div></div></div></div></div><div class="css-0"><div class="css-f5i5wc"><div class="chakra-linkbox css-vhnn8v"><div data-testid="product-image" class="css-16dr4ly"><img alt="Farmer's Market Glazed Doughnuts 552 g, $0.63/100g" src="https://assets.shop.loblaws.ca/products/21559294/b3/en/front/21559294_front_a06_@2.png" srcset="https://assets.shop.loblaws.ca/products/21559294/b3/en/front/21559294_front_a06_@2.png 1x, https://assets.shop.loblaws.ca/products/21559294/b3/en/front/21559294_front_a06_@2.png 2x" loading="lazy" class="chakra-image css-oguq8l" aria-hidden="true"></div><div class="css-qoklea"><div class="css-12dchmx"></div><div data-testid="price-product-tile" class="css-8atqhb"><p class="chakra-text css-0"><span class="chakra-text css-pwnbcb" data-testid="regular-price"><span class="css-idkz9h">$3.50</span>$3.50</span></p></div><a href="/glazed-doughnuts/p/21559294_EA?source=nspt" class="chakra-linkbox__overlay css-1hnz6hu"><div class="css-0"><p class="chakra-text css-1ecdp9w" data-testid="product-brand">Farmer's Market</p><h3 class="chakra-heading css-6qrhwc" id="21559294_EA" data-testid="product-title">Glazed Doughnuts</h3><p class="chakra-text css-1yftjin" data-testid="product-package-size">552 g, $0.63/100g</p></div></a><div class="css-8keand"></div></div><div class="css-1q5omjq"><div class="css-fcebb8"><div data-testid="atc-compact" class="css-y94ivq" style="width: 45px;"><button type="button" class="chakra-button css-mudsm6" data-testid="atc-button"><svg stroke="currentColor" fill="currentColor" stroke-width="0" viewBox="0 0 24 24" focusable="false" class="chakra-icon css-1g3sp7a" data-testid="btn-icon" aria-hidden="true" height="1em" width="1em" xmlns="http://www.w3.org/2000/svg"><path d="M19 13h-6v6h-2v-6H5v-2h6V5h2v6h6v2z"></path></svg><span class="css-idkz9h">Add Glazed Doughnuts to cart</span></button></div></div></div></div></div></div><div class="css-0"><div class="css-f5i5wc"><div class="chakra-linkbox css-vhnn8v"><div data-testid="product-image" class="css-16dr4ly"><img alt="Hostess Twinkies Cakes 202 g, $1.24/100g" src="https://assets.shop.loblaws.ca/products/21283752/b3/en/front/21283752_front_a06_@2.png" srcset="https://assets.shop.loblaws.ca/products/21283752/b3/en/front/21283752_front_a06_@2.png 1x, https://assets.shop.loblaws.ca/products/21283752/b3/en/front/21283752_front_a06_@2.png 2x" loading="lazy" class="chakra-image css-oguq8l" aria-hidden="true"></div><div class="css-qoklea"><div class="css-12dchmx"><div class="chakra-badge css-1esrteb" data-testid="product-badge"><div class="css-u4p24i">Hit of the Month</div></div></div><div data-testid="price-product-tile" class="css-8atqhb"><p class="chakra-text css-0"><span class="chakra-text css-o93gbd" data-testid="sale-price"><span class="css-idkz9h">$2.00</span>$2.00</span><span class="chakra-text css-623q5h" data-testid="was-price"><span class="css-idkz9h"></span></span></p><p class="chakra-text css-1m5a6y8" data-testid="price-descriptor">Limit 6, after limit $2.50</p></div><a href="/twinkies-cakes/p/21283752_EA?source=nspt" class="chakra-linkbox__overlay css-1hnz6hu"><div class="css-0"><p class="chakra-text css-1ecdp9w" data-testid="product-brand">Hostess</p><h3 class="chakra-heading css-6qrhwc" id="21283752_EA" data-testid="product-title">Twinkies Cakes</h3><p class="chakra-text css-1yftjin" data-testid="product-package-size">202 g, $1.24/100g</p></div></a><div class="css-8keand"></div></div><div class="css-1q5omjq"><div class="css-fcebb8"><div data-testid="atc-compact" class="css-y94ivq" style="width: 45px;"><button type="button" class="chakra-button css-mudsm6" data-testid="atc-button"><svg stroke="currentColor" fill="currentColor" stroke-width="0" viewBox="0 0 24 24" focusable="false" class="chakra-icon css-1g3sp7a" data-testid="btn-icon" aria-hidden="true" height="1em" width="1em" xmlns="http://www.w3.org/2000/svg"><path d="M19 13h-6v6h-2v-6H5v-2h6V5h2v6h6v2z"></path></svg><span class="css-idkz9h">Add Twinkies Cakes to cart</span></button></div></div></div></div></div></div><div class="css-0"><div class="css-f5i5wc"><div class="chakra-linkbox css-vhnn8v"><div data-testid="product-image" class="css-16dr4ly"><img alt="President's Choice Chocolate Chip Mini Muffins 336 g, $1.34/100g" src="https://assets.shop.loblaws.ca/products/21488839/b3/en/front/21488839_front_a06_@2.png" srcset="https://assets.shop.loblaws.ca/products/21488839/b3/en/front/21488839_front_a06_@2.png 1x, https://assets.shop.loblaws.ca/products/21488839/b3/en/front/21488839_front_a06_@2.png 2x" loading="lazy" class="chakra-image css-oguq8l" aria-hidden="true"></div><div class="css-qoklea"><div class="css-12dchmx"></div><div data-testid="price-product-tile" class="css-8atqhb"><p class="chakra-text css-0"><span class="chakra-text css-pwnbcb" data-testid="regular-price"><span class="css-idkz9h">$4.50</span>$4.50</span></p></div><a href="/chocolate-chip-mini-muffins/p/21488839_EA?source=nspt" class="chakra-linkbox__overlay css-1hnz6hu"><div class="css-0"><p class="chakra-text css-1ecdp9w" data-testid="product-brand">President's Choice</p><h3 class="chakra-heading css-6qrhwc" id="21488839_EA" data-testid="product-title">Chocolate Chip Mini Muffins</h3><p class="chakra-text css-1yftjin" data-testid="product-package-size">336 g, $1.34/100g</p></div></a><div class="css-8keand"></div></div><div class="css-1q5omjq"><div class="css-fcebb8"><div data-testid="atc-compact" class="css-y94ivq" style="width: 45px;"><button type="button" class="chakra-button css-mudsm6" data-testid="atc-button"><svg stroke="currentColor" fill="currentColor" stroke-width="0" viewBox="0 0 24 24" focusable="false" class="chakra-icon css-1g3sp7a" data-testid="btn-icon" aria-hidden="true" height="1em" width="1em" xmlns="http://www.w3.org/2000/svg"><path d="M19 13h-6v6h-2v-6H5v-2h6V5h2v6h6v2z"></path></svg><span class="css-idkz9h">Add Chocolate Chip Mini Muffins to cart</span></button></div></div></div></div></div></div><div class="css-0"><div class="css-f5i5wc"><div class="chakra-linkbox css-vhnn8v"><div data-testid="product-image" class="css-16dr4ly"><img alt="Hostess Cupcakes Chocolate Cakes 206 g, $1.21/100g" src="https://assets.shop.loblaws.ca/products/21283746/b3/en/front/21283746_front_a06_@2.png" srcset="https://assets.shop.loblaws.ca/products/21283746/b3/en/front/21283746_front_a06_@2.png 1x, https://assets.shop.loblaws.ca/products/21283746/b3/en/front/21283746_front_a06_@2.png 2x" loading="lazy" class="chakra-image css-oguq8l" aria-hidden="true"></div><div class="css-qoklea"><div class="css-12dchmx"><div class="chakra-badge css-1esrteb" data-testid="product-badge"><div class="css-u4p24i">Hit of the Month</div></div></div><div data-testid="price-product-tile" class="css-8atqhb"><p class="chakra-text css-0"><span class="chakra-text css-o93gbd" data-testid="sale-price"><span class="css-idkz9h">$2.00</span>$2.00</span><span class="chakra-text css-623q5h" data-testid="was-price"><span class="css-idkz9h"></span></span></p><p class="chakra-text css-1m5a6y8" data-testid="price-descriptor">Limit 6, after limit $2.50</p></div><a href="/cupcakes-chocolate-cakes/p/21283746_EA?source=nspt" class="chakra-linkbox__overlay css-1hnz6hu"><div class="css-0"><p class="chakra-text css-1ecdp9w" data-testid="product-brand">Hostess</p><h3 class="chakra-heading css-6qrhwc" id="21283746_EA" data-testid="product-title">Cupcakes Chocolate Cakes</h3><p class="chakra-text css-1yftjin" data-testid="product-package-size">206 g, $1.21/100g</p></div></a><div class="css-8keand"></div></div><div class="css-1q5omjq"><div class="css-fcebb8"><div data-testid="atc-compact" class="css-y94ivq" style="width: 45px;"><button type="button" class="chakra-button css-mudsm6" data-testid="atc-button"><svg stroke="currentColor" fill="currentColor" stroke-width="0" viewBox="0 0 24 24" focusable="false" class="chakra-icon css-1g3sp7a" data-testid="btn-icon" aria-hidden="true" height="1em" width="1em" xmlns="http://www.w3.org/2000/svg"><path d="M19 13h-6v6h-2v-6H5v-2h6V5h2v6h6v2z"></path></svg><span class="css-idkz9h">Add Cupcakes Chocolate Cakes to cart</span></button></div></div></div></div></div></div><div class="css-0"><div class="css-f5i5wc"><div class="chakra-linkbox css-vhnn8v"><div data-testid="product-image" class="css-16dr4ly"><img alt="President's Choice Banana Chocolate Chip Mini Muffins 336 g, $1.34/100g" src="https://assets.shop.loblaws.ca/products/21488853/b3/en/front/21488853_front_a06_@2.png" srcset="https://assets.shop.loblaws.ca/products/21488853/b3/en/front/21488853_front_a06_@2.png 1x, https://assets.shop.loblaws.ca/products/21488853/b3/en/front/21488853_front_a06_@2.png 2x" loading="lazy" class="chakra-image css-oguq8l" aria-hidden="true"></div><div class="css-qoklea"><div class="css-12dchmx"></div><div data-testid="price-product-tile" class="css-8atqhb"><p class="chakra-text css-0"><span class="chakra-text css-pwnbcb" data-testid="regular-price"><span class="css-idkz9h">$4.50</span>$4.50</span></p></div><a href="/banana-chocolate-chip-mini-muffins/p/21488853_EA?source=nspt" class="chakra-linkbox__overlay css-1hnz6hu"><div class="css-0"><p class="chakra-text css-1ecdp9w" data-testid="product-brand">President's Choice</p><h3 class="chakra-heading css-6qrhwc" id="21488853_EA" data-testid="product-title">Banana Chocolate Chip Mini Muffins</h3><p class="chakra-text css-1yftjin" data-testid="product-package-size">336 g, $1.34/100g</p></div></a><div class="css-8keand"></div></div><div class="css-1q5omjq"><div class="css-fcebb8"><div data-testid="atc-compact" class="css-y94ivq" style="width: 45px;"><button type="button" class="chakra-button css-mudsm6" data-testid="atc-button"><svg stroke="currentColor" fill="currentColor" stroke-width="0" viewBox="0 0 24 24" focusable="false" class="chakra-icon css-1g3sp7a" data-testid="btn-icon" aria-hidden="true" height="1em" width="1em" xmlns="http://www.w3.org/2000/svg"><path d="M19 13h-6v6h-2v-6H5v-2h6V5h2v6h6v2z"></path></svg><span class="css-idkz9h">Add Banana Chocolate Chip Mini Muffins to cart</span></button></div></div></div></div></div></div><div class="css-0"><div class="css-f5i5wc"><div class="chakra-linkbox css-vhnn8v"><div data-testid="product-image" class="css-16dr4ly"><img alt="President's Choice Mini Muffins, Chocolate &amp; Double Chocolate 336 g, $1.34/100g" src="https://assets.shop.loblaws.ca/products/21561610/b3/en/front/21561610_front_a06_@2.png" srcset="https://assets.shop.loblaws.ca/products/21561610/b3/en/front/21561610_front_a06_@2.png 1x, https://assets.shop.loblaws.ca/products/21561610/b3/en/front/21561610_front_a06_@2.png 2x" loading="lazy" class="chakra-image css-oguq8l" aria-hidden="true"></div><div class="css-qoklea"><div class="css-12dchmx"></div><div data-testid="price-product-tile" class="css-8atqhb"><p class="chakra-text css-0"><span class="chakra-text css-pwnbcb" data-testid="regular-price"><span class="css-idkz9h">$4.50</span>$4.50</span></p></div><a href="/mini-muffins-chocolate-double-chocolate/p/21561610_EA?source=nspt" class="chakra-linkbox__overlay css-1hnz6hu"><div class="css-0"><p class="chakra-text css-1ecdp9w" data-testid="product-brand">President's Choice</p><h3 class="chakra-heading css-6qrhwc" id="21561610_EA" data-testid="product-title">Mini Muffins, Chocolate &amp; Double Chocolate</h3><p class="chakra-text css-1yftjin" data-testid="product-package-size">336 g, $1.34/100g</p></div></a><div class="css-8keand"></div></div><div class="css-1q5omjq"><div class="css-fcebb8"><div data-testid="atc-compact" class="css-y94ivq" style="width: 45px;"><button type="button" class="chakra-button css-mudsm6" data-testid="atc-button"><svg stroke="currentColor" fill="currentColor" stroke-width="0" viewBox="0 0 24 24" focusable="false" class="chakra-icon css-1g3sp7a" data-testid="btn-icon" aria-hidden="true" height="1em" width="1em" xmlns="http://www.w3.org/2000/svg"><path d="M19 13h-6v6h-2v-6H5v-2h6V5h2v6h6v2z"></path></svg><span class="css-idkz9h">Add Mini Muffins, Chocolate &amp; Double Chocolate to cart</span></button></div></div></div></div></div></div><div class="css-0"><div class="css-f5i5wc"><div class="chakra-linkbox css-vhnn8v"><div data-testid="product-image" class="css-16dr4ly"><img alt="President's Choice Blueberry Mini Muffins 336 g, $1.34/100g" src="https://assets.shop.loblaws.ca/products/21488821/b3/en/front/21488821_front_a06_@2.png" srcset="https://assets.shop.loblaws.ca/products/21488821/b3/en/front/21488821_front_a06_@2.png 1x, https://assets.shop.loblaws.ca/products/21488821/b3/en/front/21488821_front_a06_@2.png 2x" loading="lazy" class="chakra-image css-oguq8l" aria-hidden="true"></div><div class="css-qoklea"><div class="css-12dchmx"></div><div data-testid="price-product-tile" class="css-8atqhb"><p class="chakra-text css-0"><span class="chakra-text css-pwnbcb" data-testid="regular-price"><span class="css-idkz9h">$4.50</span>$4.50</span></p></div><a href="/blueberry-mini-muffins/p/21488821_EA?source=nspt" class="chakra-linkbox__overlay css-1hnz6hu"><div class="css-0"><p class="chakra-text css-1ecdp9w" data-testid="product-brand">President's Choice</p><h3 class="chakra-heading css-6qrhwc" id="21488821_EA" data-testid="product-title">Blueberry Mini Muffins</h3><p class="chakra-text css-1yftjin" data-testid="product-package-size">336 g, $1.34/100g</p></div></a><div class="css-8keand"></div></div><div class="css-1q5omjq"><div class="css-fcebb8"><div data-testid="atc-compact" class="css-y94ivq" style="width: 45px;"><button type="button" class="chakra-button css-mudsm6" data-testid="atc-button"><svg stroke="currentColor" fill="currentColor" stroke-width="0" viewBox="0 0 24 24" focusable="false" class="chakra-icon css-1g3sp7a" data-testid="btn-icon" aria-hidden="true" height="1em" width="1em" xmlns="http://www.w3.org/2000/svg"><path d="M19 13h-6v6h-2v-6H5v-2h6V5h2v6h6v2z"></path></svg><span class="css-idkz9h">Add Blueberry Mini Muffins to cart</span></button></div></div></div></div></div></div><div class="css-0"><div class="css-f5i5wc"><div class="chakra-linkbox css-vhnn8v"><div data-testid="product-image" class="css-16dr4ly"><img alt="Farmer's Market Powdered Mini Doughnuts 600 g, $0.74/100g" src="https://assets.shop.loblaws.ca/products/21559343/b3/en/front/21559343_front_a06_@2.png" srcset="https://assets.shop.loblaws.ca/products/21559343/b3/en/front/21559343_front_a06_@2.png 1x, https://assets.shop.loblaws.ca/products/21559343/b3/en/front/21559343_front_a06_@2.png 2x" loading="lazy" class="chakra-image css-oguq8l" aria-hidden="true"></div><div class="css-qoklea"><div class="css-12dchmx"></div><div data-testid="price-product-tile" class="css-8atqhb"><p class="chakra-text css-0"><span class="chakra-text css-pwnbcb" data-testid="regular-price"><span class="css-idkz9h">$4.44</span>$4.44</span></p></div><a href="/powdered-mini-doughnuts/p/21559343_EA?source=nspt" class="chakra-linkbox__overlay css-1hnz6hu"><div class="css-0"><p class="chakra-text css-1ecdp9w" data-testid="product-brand">Farmer's Market</p><h3 class="chakra-heading css-6qrhwc" id="21559343_EA" data-testid="product-title">Powdered Mini Doughnuts</h3><p class="chakra-text css-1yftjin" data-testid="product-package-size">600 g, $0.74/100g</p></div></a><div class="css-8keand"></div></div><div class="css-1q5omjq"><div class="css-fcebb8"><div data-testid="atc-compact" class="css-y94ivq" style="width: 45px;"><button type="button" class="chakra-button css-mudsm6" data-testid="atc-button"><svg stroke="currentColor" fill="currentColor" stroke-width="0" viewBox="0 0 24 24" focusable="false" class="chakra-icon css-1g3sp7a" data-testid="btn-icon" aria-hidden="true" height="1em" width="1em" xmlns="http://www.w3.org/2000/svg"><path d="M19 13h-6v6h-2v-6H5v-2h6V5h2v6h6v2z"></path></svg><span class="css-idkz9h">Add Powdered Mini Doughnuts to cart</span></button></div></div></div></div></div></div><div class="css-0"><div class="css-f5i5wc"><div class="chakra-linkbox css-vhnn8v"><div data-testid="product-image" class="css-16dr4ly"><img alt="President's Choice Carrot Mini Muffins 336 g, $1.34/100g" src="https://assets.shop.loblaws.ca/products/21488913/b3/en/front/21488913_front_a06_@2.png" srcset="https://assets.shop.loblaws.ca/products/21488913/b3/en/front/21488913_front_a06_@2.png 1x, https://assets.shop.loblaws.ca/products/21488913/b3/en/front/21488913_front_a06_@2.png 2x" loading="lazy" class="chakra-image css-oguq8l" aria-hidden="true"></div><div class="css-qoklea"><div class="css-12dchmx"></div><div data-testid="price-product-tile" class="css-8atqhb"><p class="chakra-text css-0"><span class="chakra-text css-pwnbcb" data-testid="regular-price"><span class="css-idkz9h">$4.50</span>$4.50</span></p></div><a href="/carrot-mini-muffins/p/21488913_EA?source=nspt" class="chakra-linkbox__overlay css-1hnz6hu"><div class="css-0"><p class="chakra-text css-1ecdp9w" data-testid="product-brand">President's Choice</p><h3 class="chakra-heading css-6qrhwc" id="21488913_EA" data-testid="product-title">Carrot Mini Muffins</h3><p class="chakra-text css-1yftjin" data-testid="product-package-size">336 g, $1.34/100g</p></div></a><div class="css-8keand"></div></div><div class="css-1q5omjq"><div class="css-fcebb8"><div data-testid="atc-compact" class="css-y94ivq" style="width: 45px;"><button type="button" class="chakra-button css-mudsm6" data-testid="atc-button"><svg stroke="currentColor" fill="currentColor" stroke-width="0" viewBox="0 0 24 24" focusable="false" class="chakra-icon css-1g3sp7a" data-testid="btn-icon" aria-hidden="true" height="1em" width="1em" xmlns="http://www.w3.org/2000/svg"><path d="M19 13h-6v6h-2v-6H5v-2h6V5h2v6h6v2z"></path></svg><span class="css-idkz9h">Add Carrot Mini Muffins to cart</span></button></div></div></div></div></div></div><div class="css-0"><div class="css-f5i5wc"><div class="chakra-linkbox css-vhnn8v"><div data-testid="product-image" class="css-16dr4ly"><img alt="Farmer's Market Oatmeal &amp; Chocolate Cookies 456 g, $1.32/100g" src="https://assets.shop.loblaws.ca/products/20566294/b3/en/front/20566294_front_a06_@2.png" srcset="https://assets.shop.loblaws.ca/products/20566294/b3/en/front/20566294_front_a06_@2.png 1x, https://assets.shop.loblaws.ca/products/20566294/b3/en/front/20566294_front_a06_@2.png 2x" loading="lazy" class="chakra-image css-oguq8l" aria-hidden="true"></div><div class="css-qoklea"><div class="css-12dchmx"></div><div data-testid="price-product-tile" class="css-8atqhb"><p class="chakra-text css-0"><span class="chakra-text css-pwnbcb" data-testid="regular-price"><span class="css-idkz9h">$6.00</span>$6.00</span></p></div><a href="/oatmeal-chocolate-cookies/p/20566294_EA?source=nspt" class="chakra-linkbox__overlay css-1hnz6hu"><div class="css-0"><p class="chakra-text css-1ecdp9w" data-testid="product-brand">Farmer's Market</p><h3 class="chakra-heading css-6qrhwc" id="20566294_EA" data-testid="product-title">Oatmeal &amp; Chocolate Cookies</h3><p class="chakra-text css-1yftjin" data-testid="product-package-size">456 g, $1.32/100g</p></div></a><div class="css-8keand"></div></div><div class="css-1q5omjq"><div class="css-fcebb8"><div data-testid="atc-compact" class="css-y94ivq" style="width: 45px;"><button type="button" class="chakra-button css-mudsm6" data-testid="atc-button"><svg stroke="currentColor" fill="currentColor" stroke-width="0" viewBox="0 0 24 24" focusable="false" class="chakra-icon css-1g3sp7a" data-testid="btn-icon" aria-hidden="true" height="1em" width="1em" xmlns="http://www.w3.org/2000/svg"><path d="M19 13h-6v6h-2v-6H5v-2h6V5h2v6h6v2z"></path></svg><span class="css-idkz9h">Add Oatmeal &amp; Chocolate Cookies to cart</span></button></div></div></div></div></div></div><div class="css-0"><div class="css-f5i5wc"><div class="chakra-linkbox css-vhnn8v"><div data-testid="product-image" class="css-16dr4ly"><img alt="Farmer's Market Brownies  608 g, $1.04/100g" src="https://assets.shop.loblaws.ca/products/21450067/b3/en/front/21450067_front_a06_@2.png" srcset="https://assets.shop.loblaws.ca/products/21450067/b3/en/front/21450067_front_a06_@2.png 1x, https://assets.shop.loblaws.ca/products/21450067/b3/en/front/21450067_front_a06_@2.png 2x" loading="lazy" class="chakra-image css-oguq8l" aria-hidden="true"></div><div class="css-qoklea"><div class="css-12dchmx"></div><div data-testid="price-product-tile" class="css-8atqhb"><p class="chakra-text css-0"><span class="chakra-text css-pwnbcb" data-testid="regular-price"><span class="css-idkz9h">$6.00</span>$6.00</span></p></div><a href="/brownies/p/21450067_EA?source=nspt" class="chakra-linkbox__overlay css-1hnz6hu"><div class="css-0"><p class="chakra-text css-1ecdp9w" data-testid="product-brand">Farmer's Market</p><h3 class="chakra-heading css-6qrhwc" id="21450067_EA" data-testid="product-title">Brownies </h3><p class="chakra-text css-1yftjin" data-testid="product-package-size">608 g, $1.04/100g</p></div></a><div class="css-8keand"></div></div><div class="css-1q5omjq"><div class="css-fcebb8"><div data-testid="atc-compact" class="css-y94ivq" style="width: 45px;"><button type="button" class="chakra-button css-mudsm6" data-testid="atc-button"><svg stroke="currentColor" fill="currentColor" stroke-width="0" viewBox="0 0 24 24" focusable="false" class="chakra-icon css-1g3sp7a" data-testid="btn-icon" aria-hidden="true" height="1em" width="1em" xmlns="http://www.w3.org/2000/svg"><path d="M19 13h-6v6h-2v-6H5v-2h6V5h2v6h6v2z"></path></svg><span class="css-idkz9h">Add Brownies  to cart</span></button></div></div></div></div></div></div><div class="css-0"><div class="css-f5i5wc"><div class="chakra-linkbox css-vhnn8v"><div data-testid="product-image" class="css-16dr4ly"><img alt="Vachon Jos Louis The Original Cakes 324 g, $1.08/100g" src="https://assets.shop.loblaws.ca/products/20963606/b3/en/front/20963606_front_a06_@2.png" srcset="https://assets.shop.loblaws.ca/products/20963606/b3/en/front/20963606_front_a06_@2.png 1x, https://assets.shop.loblaws.ca/products/20963606/b3/en/front/20963606_front_a06_@2.png 2x" loading="lazy" class="chakra-image css-oguq8l" aria-hidden="true"></div><div class="css-qoklea"><div class="css-12dchmx"></div><div data-testid="price-product-tile" class="css-8atqhb"><p class="chakra-text css-0"><span class="chakra-text css-pwnbcb" data-testid="regular-price"><span class="css-idkz9h">$3.49</span>$3.49</span></p></div><a href="/jos-louis-the-original-cakes/p/20963606_EA?source=nspt" class="chakra-linkbox__overlay css-1hnz6hu"><div class="css-0"><p class="chakra-text css-1ecdp9w" data-testid="product-brand">Vachon</p><h3 class="chakra-heading css-6qrhwc" id="20963606_EA" data-testid="product-title">Jos Louis The Original Cakes</h3><p class="chakra-text css-1yftjin" data-testid="product-package-size">324 g, $1.08/100g</p></div></a><div class="css-8keand"></div></div><div class="css-1q5omjq"><div class="css-fcebb8"><div data-testid="atc-compact" class="css-y94ivq" style="width: 45px;"><button type="button" class="chakra-button css-mudsm6" data-testid="atc-button"><svg stroke="currentColor" fill="currentColor" stroke-width="0" viewBox="0 0 24 24" focusable="false" class="chakra-icon css-1g3sp7a" data-testid="btn-icon" aria-hidden="true" height="1em" width="1em" xmlns="http://www.w3.org/2000/svg"><path d="M19 13h-6v6h-2v-6H5v-2h6V5h2v6h6v2z"></path></svg><span class="css-idkz9h">Add Jos Louis The Original Cakes to cart</span></button></div></div></div></div></div></div><div class="css-0"><div class="css-f5i5wc"><div class="chakra-linkbox css-vhnn8v"><div data-testid="product-image" class="css-16dr4ly"><img alt="Farmer's Market Old Fashioned Mini Doughnuts 600 g, $0.74/100g" src="https://assets.shop.loblaws.ca/products/21559169/b3/en/front/21559169_front_a06_@2.png" srcset="https://assets.shop.loblaws.ca/products/21559169/b3/en/front/21559169_front_a06_@2.png 1x, https://assets.shop.loblaws.ca/products/21559169/b3/en/front/21559169_front_a06_@2.png 2x" loading="lazy" class="chakra-image css-oguq8l" aria-hidden="true"></div><div class="css-qoklea"><div class="css-12dchmx"></div><div data-testid="price-product-tile" class="css-8atqhb"><p class="chakra-text css-0"><span class="chakra-text css-pwnbcb" data-testid="regular-price"><span class="css-idkz9h">$4.44</span>$4.44</span></p></div><a href="/old-fashioned-mini-doughnuts/p/21559169_EA?source=nspt" class="chakra-linkbox__overlay css-1hnz6hu"><div class="css-0"><p class="chakra-text css-1ecdp9w" data-testid="product-brand">Farmer's Market</p><h3 class="chakra-heading css-6qrhwc" id="21559169_EA" data-testid="product-title">Old Fashioned Mini Doughnuts</h3><p class="chakra-text css-1yftjin" data-testid="product-package-size">600 g, $0.74/100g</p></div></a><div class="css-8keand"></div></div><div class="css-1q5omjq"><div class="css-fcebb8"><div data-testid="atc-compact" class="css-y94ivq" style="width: 45px;"><button type="button" class="chakra-button css-mudsm6" data-testid="atc-button"><svg stroke="currentColor" fill="currentColor" stroke-width="0" viewBox="0 0 24 24" focusable="false" class="chakra-icon css-1g3sp7a" data-testid="btn-icon" aria-hidden="true" height="1em" width="1em" xmlns="http://www.w3.org/2000/svg"><path d="M19 13h-6v6h-2v-6H5v-2h6V5h2v6h6v2z"></path></svg><span class="css-idkz9h">Add Old Fashioned Mini Doughnuts to cart</span></button></div></div></div></div></div></div><div class="css-0"><div class="css-f5i5wc"><div class="chakra-linkbox css-vhnn8v"><div data-testid="product-image" class="css-16dr4ly"><img alt="Farmer's Market Chocolate Chip Cookies 456 g, $1.32/100g" src="https://assets.shop.loblaws.ca/products/20566774/b3/en/front/20566774_front_a06_@2.png" srcset="https://assets.shop.loblaws.ca/products/20566774/b3/en/front/20566774_front_a06_@2.png 1x, https://assets.shop.loblaws.ca/products/20566774/b3/en/front/20566774_front_a06_@2.png 2x" loading="lazy" class="chakra-image css-oguq8l" aria-hidden="true"></div><div class="css-qoklea"><div class="css-12dchmx"></div><div data-testid="price-product-tile" class="css-8atqhb"><p class="chakra-text css-0"><span class="chakra-text css-pwnbcb" data-testid="regular-price"><span class="css-idkz9h">$6.00</span>$6.00</span></p></div><a href="/chocolate-chip-cookies/p/20566774_EA?source=nspt" class="chakra-linkbox__overlay css-1hnz6hu"><div class="css-0"><p class="chakra-text css-1ecdp9w" data-testid="product-brand">Farmer's Market</p><h3 class="chakra-heading css-6qrhwc" id="20566774_EA" data-testid="product-title">Chocolate Chip Cookies</h3><p class="chakra-text css-1yftjin" data-testid="product-package-size">456 g, $1.32/100g</p></div></a><div class="css-8keand"></div></div><div class="css-1q5omjq"><div class="css-fcebb8"><div data-testid="atc-compact" class="css-y94ivq" style="width: 45px;"><button type="button" class="chakra-button css-mudsm6" data-testid="atc-button"><svg stroke="currentColor" fill="currentColor" stroke-width="0" viewBox="0 0 24 24" focusable="false" class="chakra-icon css-1g3sp7a" data-testid="btn-icon" aria-hidden="true" height="1em" width="1em" xmlns="http://www.w3.org/2000/svg"><path d="M19 13h-6v6h-2v-6H5v-2h6V5h2v6h6v2z"></path></svg><span class="css-idkz9h">Add Chocolate Chip Cookies to cart</span></button></div></div></div></div></div></div><div class="css-0"><div class="css-f5i5wc"><div class="chakra-linkbox css-vhnn8v"><div data-testid="product-image" class="css-16dr4ly"><img alt="President's Choice Double Chocolate Mini Muffins 336 g, $1.34/100g" src="https://assets.shop.loblaws.ca/products/21561694/b3/en/front/21561694_front_a06_@2.png" srcset="https://assets.shop.loblaws.ca/products/21561694/b3/en/front/21561694_front_a06_@2.png 1x, https://assets.shop.loblaws.ca/products/21561694/b3/en/front/21561694_front_a06_@2.png 2x" loading="lazy" class="chakra-image css-oguq8l" aria-hidden="true"></div><div class="css-qoklea"><div class="css-12dchmx"></div><div data-testid="price-product-tile" class="css-8atqhb"><p class="chakra-text css-0"><span class="chakra-text css-pwnbcb" data-testid="regular-price"><span class="css-idkz9h">$4.50</span>$4.50</span></p></div><a href="/double-chocolate-mini-muffins/p/21561694_EA?source=nspt" class="chakra-linkbox__overlay css-1hnz6hu"><div class="css-0"><p class="chakra-text css-1ecdp9w" data-testid="product-brand">President's Choice</p><h3 class="chakra-heading css-6qrhwc" id="21561694_EA" data-testid="product-title">Double Chocolate Mini Muffins</h3><p class="chakra-text css-1yftjin" data-testid="product-package-size">336 g, $1.34/100g</p></div></a><div class="css-8keand"></div></div><div class="css-1q5omjq"><div class="css-fcebb8"><div data-testid="atc-compact" class="css-y94ivq" style="width: 45px;"><button type="button" class="chakra-button css-mudsm6" data-testid="atc-button"><svg stroke="currentColor" fill="currentColor" stroke-width="0" viewBox="0 0 24 24" focusable="false" class="chakra-icon css-1g3sp7a" data-testid="btn-icon" aria-hidden="true" height="1em" width="1em" xmlns="http://www.w3.org/2000/svg"><path d="M19 13h-6v6h-2v-6H5v-2h6V5h2v6h6v2z"></path></svg><span class="css-idkz9h">Add Double Chocolate Mini Muffins to cart</span></button></div></div></div></div></div></div><div class="css-0"><div class="css-f5i5wc"><div class="chakra-linkbox css-vhnn8v"><div data-testid="product-image" class="css-16dr4ly"><img alt="Farmer's Market Oatmeal Raisin Cookies 456 g, $1.32/100g" src="https://assets.shop.loblaws.ca/products/20566295/b3/en/front/20566295_front_a06_@2.png" srcset="https://assets.shop.loblaws.ca/products/20566295/b3/en/front/20566295_front_a06_@2.png 1x, https://assets.shop.loblaws.ca/products/20566295/b3/en/front/20566295_front_a06_@2.png 2x" loading="lazy" class="chakra-image css-oguq8l" aria-hidden="true"></div><div class="css-qoklea"><div class="css-12dchmx"></div><div data-testid="price-product-tile" class="css-8atqhb"><p class="chakra-text css-0"><span class="chakra-text css-pwnbcb" data-testid="regular-price"><span class="css-idkz9h">$6.00</span>$6.00</span></p></div><a href="/oatmeal-raisin-cookies/p/20566295_EA?source=nspt" class="chakra-linkbox__overlay css-1hnz6hu"><div class="css-0"><p class="chakra-text css-1ecdp9w" data-testid="product-brand">Farmer's Market</p><h3 class="chakra-heading css-6qrhwc" id="20566295_EA" data-testid="product-title">Oatmeal Raisin Cookies</h3><p class="chakra-text css-1yftjin" data-testid="product-package-size">456 g, $1.32/100g</p></div></a><div class="css-8keand"></div></div><div class="css-1q5omjq"><div class="css-fcebb8"><div data-testid="atc-compact" class="css-y94ivq" style="width: 45px;"><button type="button" class="chakra-button css-mudsm6" data-testid="atc-button"><svg stroke="currentColor" fill="currentColor" stroke-width="0" viewBox="0 0 24 24" focusable="false" class="chakra-icon css-1g3sp7a" data-testid="btn-icon" aria-hidden="true" height="1em" width="1em" xmlns="http://www.w3.org/2000/svg"><path d="M19 13h-6v6h-2v-6H5v-2h6V5h2v6h6v2z"></path></svg><span class="css-idkz9h">Add Oatmeal Raisin Cookies to cart</span></button></div></div></div></div></div></div><div class="css-0"><div class="css-f5i5wc"><div class="chakra-linkbox css-vhnn8v"><div data-testid="product-image" class="css-16dr4ly"><img alt="Farmer's Market Chocolate Chip Cookies 798 g, $1.00/100g" src="https://assets.shop.loblaws.ca/products/20566369/b3/en/front/20566369_front_a06_@2.png" srcset="https://assets.shop.loblaws.ca/products/20566369/b3/en/front/20566369_front_a06_@2.png 1x, https://assets.shop.loblaws.ca/products/20566369/b3/en/front/20566369_front_a06_@2.png 2x" loading="lazy" class="chakra-image css-oguq8l" aria-hidden="true"></div><div class="css-qoklea"><div class="css-12dchmx"></div><div data-testid="price-product-tile" class="css-8atqhb"><p class="chakra-text css-0"><span class="chakra-text css-pwnbcb" data-testid="regular-price"><span class="css-idkz9h">$8.00</span>$8.00</span></p></div><a href="/chocolate-chip-cookies/p/20566369_EA?source=nspt" class="chakra-linkbox__overlay css-1hnz6hu"><div class="css-0"><p class="chakra-text css-1ecdp9w" data-testid="product-brand">Farmer's Market</p><h3 class="chakra-heading css-6qrhwc" id="20566369_EA" data-testid="product-title">Chocolate Chip Cookies</h3><p class="chakra-text css-1yftjin" data-testid="product-package-size">798 g, $1.00/100g</p></div></a><div class="css-8keand"></div></div><div class="css-1q5omjq"><div class="css-fcebb8"><div data-testid="atc-compact" class="css-y94ivq" style="width: 45px;"><button type="button" class="chakra-button css-mudsm6" data-testid="atc-button"><svg stroke="currentColor" fill="currentColor" stroke-width="0" viewBox="0 0 24 24" focusable="false" class="chakra-icon css-1g3sp7a" data-testid="btn-icon" aria-hidden="true" height="1em" width="1em" xmlns="http://www.w3.org/2000/svg"><path d="M19 13h-6v6h-2v-6H5v-2h6V5h2v6h6v2z"></path></svg><span class="css-idkz9h">Add Chocolate Chip Cookies to cart</span></button></div></div></div></div></div></div><div class="css-0"><div class="css-f5i5wc"><div class="chakra-linkbox css-vhnn8v"><div data-testid="product-image" class="css-16dr4ly"><img alt="Hostess Vanilla Cupcakes 232 g, $1.08/100g" src="https://assets.shop.loblaws.ca/products/21311232/b3/en/front/21311232_front_a06_@2.png" srcset="https://assets.shop.loblaws.ca/products/21311232/b3/en/front/21311232_front_a06_@2.png 1x, https://assets.shop.loblaws.ca/products/21311232/b3/en/front/21311232_front_a06_@2.png 2x" loading="lazy" class="chakra-image css-oguq8l" aria-hidden="true"></div><div class="css-qoklea"><div class="css-12dchmx"><div class="chakra-badge css-1esrteb" data-testid="product-badge"><div class="css-u4p24i">Hit of the Month</div></div></div><div data-testid="price-product-tile" class="css-8atqhb"><p class="chakra-text css-0"><span class="chakra-text css-o93gbd" data-testid="sale-price"><span class="css-idkz9h">$2.00</span>$2.00</span><span class="chakra-text css-623q5h" data-testid="was-price"><span class="css-idkz9h"></span></span></p><p class="chakra-text css-1m5a6y8" data-testid="price-descriptor">Limit 6, after limit $2.50</p></div><a href="/vanilla-cupcakes/p/21311232_EA?source=nspt" class="chakra-linkbox__overlay css-1hnz6hu"><div class="css-0"><p class="chakra-text css-1ecdp9w" data-testid="product-brand">Hostess</p><h3 class="chakra-heading css-6qrhwc" id="21311232_EA" data-testid="product-title">Vanilla Cupcakes</h3><p class="chakra-text css-1yftjin" data-testid="product-package-size">232 g, $1.08/100g</p></div></a><div class="css-8keand"></div></div><div class="css-1q5omjq"><div class="css-fcebb8"><div data-testid="atc-compact" class="css-y94ivq" style="width: 45px;"><button type="button" class="chakra-button css-mudsm6" data-testid="atc-button"><svg stroke="currentColor" fill="currentColor" stroke-width="0" viewBox="0 0 24 24" focusable="false" class="chakra-icon css-1g3sp7a" data-testid="btn-icon" aria-hidden="true" height="1em" width="1em" xmlns="http://www.w3.org/2000/svg"><path d="M19 13h-6v6h-2v-6H5v-2h6V5h2v6h6v2z"></path></svg><span class="css-idkz9h">Add Vanilla Cupcakes to cart</span></button></div></div></div></div></div></div><div class="css-0"><div class="css-f5i5wc"><div class="chakra-linkbox css-vhnn8v"><div data-testid="product-image" class="css-16dr4ly"><img alt="President's Choice Flake Outs Churro Croissant Donuts 224 g, $3.13/100g" src="https://assets.shop.loblaws.ca/products/21590246/b3/en/front/21590246_front_a06_@2.png" srcset="https://assets.shop.loblaws.ca/products/21590246/b3/en/front/21590246_front_a06_@2.png 1x, https://assets.shop.loblaws.ca/products/21590246/b3/en/front/21590246_front_a06_@2.png 2x" loading="lazy" class="chakra-image css-oguq8l" aria-hidden="true"></div><div class="css-qoklea"><div class="css-12dchmx"></div><div data-testid="price-product-tile" class="css-8atqhb"><p class="chakra-text css-0"><span class="chakra-text css-pwnbcb" data-testid="regular-price"><span class="css-idkz9h">$7.00</span>$7.00</span></p></div><a href="/flake-outs-churro-croissant-donuts/p/21590246_EA?source=nspt" class="chakra-linkbox__overlay css-1hnz6hu"><div class="css-0"><p class="chakra-text css-1ecdp9w" data-testid="product-brand">President's Choice</p><h3 class="chakra-heading css-6qrhwc" id="21590246_EA" data-testid="product-title">Flake Outs Churro Croissant Donuts</h3><p class="chakra-text css-1yftjin" data-testid="product-package-size">224 g, $3.13/100g</p></div></a><div class="css-8keand"></div></div><div class="css-1q5omjq"><div class="css-fcebb8"><div data-testid="atc-compact" class="css-y94ivq" style="width: 45px;"><button type="button" class="chakra-button css-mudsm6" data-testid="atc-button"><svg stroke="currentColor" fill="currentColor" stroke-width="0" viewBox="0 0 24 24" focusable="false" class="chakra-icon css-1g3sp7a" data-testid="btn-icon" aria-hidden="true" height="1em" width="1em" xmlns="http://www.w3.org/2000/svg"><path d="M19 13h-6v6h-2v-6H5v-2h6V5h2v6h6v2z"></path></svg><span class="css-idkz9h">Add Flake Outs Churro Croissant Donuts to cart</span></button></div></div><div class="css-4saf4a"><p class="chakra-text css-py8788" data-testid="inventory-badge-text">Low Stock</p></div></div></div></div></div><div class="css-0"><div class="css-f5i5wc"><div class="chakra-linkbox css-vhnn8v"><div data-testid="product-image" class="css-16dr4ly"><img alt="null Chocolate Croissants  423 g, $1.42/100g" src="https://assets.shop.loblaws.ca/products/21416726/b3/en/front/21416726_front_a06_@2.png" srcset="https://assets.shop.loblaws.ca/products/21416726/b3/en/front/21416726_front_a06_@2.png 1x, https://assets.shop.loblaws.ca/products/21416726/b3/en/front/21416726_front_a06_@2.png 2x" loading="lazy" class="chakra-image css-oguq8l" aria-hidden="true"></div><div class="css-qoklea"><div class="css-12dchmx"></div><div data-testid="price-product-tile" class="css-8atqhb"><p class="chakra-text css-0"><span class="chakra-text css-pwnbcb" data-testid="regular-price"><span class="css-idkz9h">$6.00</span>$6.00</span></p></div><a href="/chocolate-croissants/p/21416726_EA?source=nspt" class="chakra-linkbox__overlay css-1hnz6hu"><div class="css-0"><h3 class="chakra-heading css-6qrhwc" id="21416726_EA" data-testid="product-title">Chocolate Croissants </h3><p class="chakra-text css-1yftjin" data-testid="product-package-size">423 g, $1.42/100g</p></div></a><div class="css-8keand"></div></div><div class="css-1q5omjq"><div class="css-fcebb8"><div data-testid="atc-compact" class="css-y94ivq" style="width: 45px;"><button type="button" class="chakra-button css-mudsm6" data-testid="atc-button"><svg stroke="currentColor" fill="currentColor" stroke-width="0" viewBox="0 0 24 24" focusable="false" class="chakra-icon css-1g3sp7a" data-testid="btn-icon" aria-hidden="true" height="1em" width="1em" xmlns="http://www.w3.org/2000/svg"><path d="M19 13h-6v6h-2v-6H5v-2h6V5h2v6h6v2z"></path></svg><span class="css-idkz9h">Add Chocolate Croissants  to cart</span></button></div></div></div></div></div></div><div class="css-0"><div class="css-f5i5wc"><div class="chakra-linkbox css-vhnn8v"><div data-testid="product-image" class="css-16dr4ly"><img alt="Kimberley's Bakeshoppe Canada Day Sugar Cookie Vanilla, 10 Pack 383 g, $1.04/100g" src="https://assets.shop.loblaws.ca/products/21184368/b3/en/front/21184368_front_a06_@2.png" srcset="https://assets.shop.loblaws.ca/products/21184368/b3/en/front/21184368_front_a06_@2.png 1x, https://assets.shop.loblaws.ca/products/21184368/b3/en/front/21184368_front_a06_@2.png 2x" loading="lazy" class="chakra-image css-oguq8l" aria-hidden="true"></div><div class="css-qoklea"><div class="css-12dchmx"></div><div data-testid="price-product-tile" class="css-8atqhb"><p class="chakra-text css-0"><span class="chakra-text css-pwnbcb" data-testid="regular-price"><span class="css-idkz9h">$4.00</span>$4.00</span></p></div><a href="/canada-day-sugar-cookie-vanilla-10-pack/p/21184368_EA?source=nspt" class="chakra-linkbox__overlay css-1hnz6hu"><div class="css-0"><p class="chakra-text css-1ecdp9w" data-testid="product-brand">Kimberley's Bakeshoppe</p><h3 class="chakra-heading css-6qrhwc" id="21184368_EA" data-testid="product-title">Canada Day Sugar Cookie Vanilla, 10 Pack</h3><p class="chakra-text css-1yftjin" data-testid="product-package-size">383 g, $1.04/100g</p></div></a><div class="css-8keand"></div></div><div class="css-1q5omjq"><div class="css-fcebb8"><div data-testid="atc-compact" class="css-y94ivq" style="width: 45px;"><button disabled="" type="button" class="chakra-button css-mudsm6" data-testid="atc-button"><svg stroke="currentColor" fill="currentColor" stroke-width="0" viewBox="0 0 24 24" focusable="false" class="chakra-icon css-1g3sp7a" data-testid="btn-icon" aria-hidden="true" height="1em" width="1em" xmlns="http://www.w3.org/2000/svg"><path d="M19 13h-6v6h-2v-6H5v-2h6V5h2v6h6v2z"></path></svg><span class="css-idkz9h">Add Canada Day Sugar Cookie Vanilla, 10 Pack to cart</span></button></div></div><div class="css-4saf4a"><p class="chakra-text css-py8788" data-testid="inventory-badge-text">Out of Stock</p></div></div></div></div></div><div class="css-0"><div class="css-f5i5wc"><div class="chakra-linkbox css-vhnn8v"><div data-testid="product-image" class="css-16dr4ly"><img alt="Farmer's Market Brownies 265 g, $1.70/100g" src="https://assets.shop.loblaws.ca/products/21450055/b3/en/front/21450055_front_a06_@2.png" srcset="https://assets.shop.loblaws.ca/products/21450055/b3/en/front/21450055_front_a06_@2.png 1x, https://assets.shop.loblaws.ca/products/21450055/b3/en/front/21450055_front_a06_@2.png 2x" loading="lazy" class="chakra-image css-oguq8l" aria-hidden="true"></div><div class="css-qoklea"><div class="css-12dchmx"></div><div data-testid="price-product-tile" class="css-8atqhb"><p class="chakra-text css-0"><span class="chakra-text css-pwnbcb" data-testid="regular-price"><span class="css-idkz9h">$4.50</span>$4.50</span></p></div><a href="/brownies/p/21450055_EA?source=nspt" class="chakra-linkbox__overlay css-1hnz6hu"><div class="css-0"><p class="chakra-text css-1ecdp9w" data-testid="product-brand">Farmer's Market</p><h3 class="chakra-heading css-6qrhwc" id="21450055_EA" data-testid="product-title">Brownies</h3><p class="chakra-text css-1yftjin" data-testid="product-package-size">265 g, $1.70/100g</p></div></a><div class="css-8keand"></div></div><div class="css-1q5omjq"><div class="css-fcebb8"><div data-testid="atc-compact" class="css-y94ivq" style="width: 45px;"><button type="button" class="chakra-button css-mudsm6" data-testid="atc-button"><svg stroke="currentColor" fill="currentColor" stroke-width="0" viewBox="0 0 24 24" focusable="false" class="chakra-icon css-1g3sp7a" data-testid="btn-icon" aria-hidden="true" height="1em" width="1em" xmlns="http://www.w3.org/2000/svg"><path d="M19 13h-6v6h-2v-6H5v-2h6V5h2v6h6v2z"></path></svg><span class="css-idkz9h">Add Brownies to cart</span></button></div></div></div></div></div></div><div class="css-0"><div class="css-f5i5wc"><div class="chakra-linkbox css-vhnn8v"><div data-testid="product-image" class="css-16dr4ly"><img alt="President's Choice Inbetweenz Cookie Dough Dessert Squares 312 g, $1.92/100g" src="https://assets.shop.loblaws.ca/products/21592641/b3/en/front/21592641_front_a06_@2.png" srcset="https://assets.shop.loblaws.ca/products/21592641/b3/en/front/21592641_front_a06_@2.png 1x, https://assets.shop.loblaws.ca/products/21592641/b3/en/front/21592641_front_a06_@2.png 2x" loading="lazy" class="chakra-image css-oguq8l" aria-hidden="true"></div><div class="css-qoklea"><div class="css-12dchmx"></div><div data-testid="price-product-tile" class="css-8atqhb"><p class="chakra-text css-0"><span class="chakra-text css-pwnbcb" data-testid="regular-price"><span class="css-idkz9h">$6.00</span>$6.00</span></p></div><a href="/inbetweenz-cookie-dough-dessert-squares/p/21592641_EA?source=nspt" class="chakra-linkbox__overlay css-1hnz6hu"><div class="css-0"><p class="chakra-text css-1ecdp9w" data-testid="product-brand">President's Choice</p><h3 class="chakra-heading css-6qrhwc" id="21592641_EA" data-testid="product-title">Inbetweenz Cookie Dough Dessert Squares</h3><p class="chakra-text css-1yftjin" data-testid="product-package-size">312 g, $1.92/100g</p></div></a><div class="css-8keand"></div></div><div class="css-1q5omjq"><div class="css-fcebb8"><div data-testid="atc-compact" class="css-y94ivq" style="width: 45px;"><button type="button" class="chakra-button css-mudsm6" data-testid="atc-button"><svg stroke="currentColor" fill="currentColor" stroke-width="0" viewBox="0 0 24 24" focusable="false" class="chakra-icon css-1g3sp7a" data-testid="btn-icon" aria-hidden="true" height="1em" width="1em" xmlns="http://www.w3.org/2000/svg"><path d="M19 13h-6v6h-2v-6H5v-2h6V5h2v6h6v2z"></path></svg><span class="css-idkz9h">Add Inbetweenz Cookie Dough Dessert Squares to cart</span></button></div></div></div></div></div></div><div class="css-0"><div class="css-f5i5wc"><div class="chakra-linkbox css-vhnn8v"><div data-testid="product-image" class="css-16dr4ly"><img alt="Vachon Ah Caramel The Original Cakes 336 g, $1.04/100g" src="https://assets.shop.loblaws.ca/products/20005728/b3/en/front/20005728_front_a06_@2.png" srcset="https://assets.shop.loblaws.ca/products/20005728/b3/en/front/20005728_front_a06_@2.png 1x, https://assets.shop.loblaws.ca/products/20005728/b3/en/front/20005728_front_a06_@2.png 2x" loading="lazy" class="chakra-image css-oguq8l" aria-hidden="true"></div><div class="css-qoklea"><div class="css-12dchmx"></div><div data-testid="price-product-tile" class="css-8atqhb"><p class="chakra-text css-0"><span class="chakra-text css-pwnbcb" data-testid="regular-price"><span class="css-idkz9h">$3.49</span>$3.49</span></p></div><a href="/ah-caramel-the-original-cakes/p/20005728_EA?source=nspt" class="chakra-linkbox__overlay css-1hnz6hu"><div class="css-0"><p class="chakra-text css-1ecdp9w" data-testid="product-brand">Vachon</p><h3 class="chakra-heading css-6qrhwc" id="20005728_EA" data-testid="product-title">Ah Caramel The Original Cakes</h3><p class="chakra-text css-1yftjin" data-testid="product-package-size">336 g, $1.04/100g</p></div></a><div class="css-8keand"></div></div><div class="css-1q5omjq"><div class="css-fcebb8"><div data-testid="atc-compact" class="css-y94ivq" style="width: 45px;"><button type="button" class="chakra-button css-mudsm6" data-testid="atc-button"><svg stroke="currentColor" fill="currentColor" stroke-width="0" viewBox="0 0 24 24" focusable="false" class="chakra-icon css-1g3sp7a" data-testid="btn-icon" aria-hidden="true" height="1em" width="1em" xmlns="http://www.w3.org/2000/svg"><path d="M19 13h-6v6h-2v-6H5v-2h6V5h2v6h6v2z"></path></svg><span class="css-idkz9h">Add Ah Caramel The Original Cakes to cart</span></button></div></div></div></div></div></div><div class="css-0"><div class="css-f5i5wc"><div class="chakra-linkbox css-vhnn8v"><div data-testid="product-image" class="css-16dr4ly"><img alt="President's Choice Inbetweenz Peanut Butter Dessert Squares 337 g, $1.78/100g" src="https://assets.shop.loblaws.ca/products/21592554/b3/en/front/21592554_front_a06_@2.png" srcset="https://assets.shop.loblaws.ca/products/21592554/b3/en/front/21592554_front_a06_@2.png 1x, https://assets.shop.loblaws.ca/products/21592554/b3/en/front/21592554_front_a06_@2.png 2x" loading="lazy" class="chakra-image css-oguq8l" aria-hidden="true"></div><div class="css-qoklea"><div class="css-12dchmx"></div><div data-testid="price-product-tile" class="css-8atqhb"><p class="chakra-text css-0"><span class="chakra-text css-pwnbcb" data-testid="regular-price"><span class="css-idkz9h">$6.00</span>$6.00</span></p></div><a href="/inbetweenz-peanut-butter-dessert-squares/p/21592554_EA?source=nspt" class="chakra-linkbox__overlay css-1hnz6hu"><div class="css-0"><p class="chakra-text css-1ecdp9w" data-testid="product-brand">President's Choice</p><h3 class="chakra-heading css-6qrhwc" id="21592554_EA" data-testid="product-title">Inbetweenz Peanut Butter Dessert Squares</h3><p class="chakra-text css-1yftjin" data-testid="product-package-size">337 g, $1.78/100g</p></div></a><div class="css-8keand"></div></div><div class="css-1q5omjq"><div class="css-fcebb8"><div data-testid="atc-compact" class="css-y94ivq" style="width: 45px;"><button type="button" class="chakra-button css-mudsm6" data-testid="atc-button"><svg stroke="currentColor" fill="currentColor" stroke-width="0" viewBox="0 0 24 24" focusable="false" class="chakra-icon css-1g3sp7a" data-testid="btn-icon" aria-hidden="true" height="1em" width="1em" xmlns="http://www.w3.org/2000/svg"><path d="M19 13h-6v6h-2v-6H5v-2h6V5h2v6h6v2z"></path></svg><span class="css-idkz9h">Add Inbetweenz Peanut Butter Dessert Squares to cart</span></button></div></div><div class="css-4saf4a"><p class="chakra-text css-py8788" data-testid="inventory-badge-text">Low Stock</p></div></div></div></div></div><div class="css-0"><div class="css-f5i5wc"><div class="chakra-linkbox css-vhnn8v"><div data-testid="product-image" class="css-16dr4ly"><img alt="Farmer's Market Oatmeal Chocolate Chip Cookies 798 g, $1.00/100g" src="https://assets.shop.loblaws.ca/products/20565934/b3/en/front/20565934_front_a06_@2.png" srcset="https://assets.shop.loblaws.ca/products/20565934/b3/en/front/20565934_front_a06_@2.png 1x, https://assets.shop.loblaws.ca/products/20565934/b3/en/front/20565934_front_a06_@2.png 2x" loading="lazy" class="chakra-image css-oguq8l" aria-hidden="true"></div><div class="css-qoklea"><div class="css-12dchmx"></div><div data-testid="price-product-tile" class="css-8atqhb"><p class="chakra-text css-0"><span class="chakra-text css-pwnbcb" data-testid="regular-price"><span class="css-idkz9h">$8.00</span>$8.00</span></p></div><a href="/oatmeal-chocolate-chip-cookies/p/20565934_EA?source=nspt" class="chakra-linkbox__overlay css-1hnz6hu"><div class="css-0"><p class="chakra-text css-1ecdp9w" data-testid="product-brand">Farmer's Market</p><h3 class="chakra-heading css-6qrhwc" id="20565934_EA" data-testid="product-title">Oatmeal Chocolate Chip Cookies</h3><p class="chakra-text css-1yftjin" data-testid="product-package-size">798 g, $1.00/100g</p></div></a><div class="css-8keand"></div></div><div class="css-1q5omjq"><div class="css-fcebb8"><div data-testid="atc-compact" class="css-y94ivq" style="width: 45px;"><button type="button" class="chakra-button css-mudsm6" data-testid="atc-button"><svg stroke="currentColor" fill="currentColor" stroke-width="0" viewBox="0 0 24 24" focusable="false" class="chakra-icon css-1g3sp7a" data-testid="btn-icon" aria-hidden="true" height="1em" width="1em" xmlns="http://www.w3.org/2000/svg"><path d="M19 13h-6v6h-2v-6H5v-2h6V5h2v6h6v2z"></path></svg><span class="css-idkz9h">Add Oatmeal Chocolate Chip Cookies to cart</span></button></div></div></div></div></div></div><div class="css-0"><div class="css-f5i5wc"><div class="chakra-linkbox css-vhnn8v"><div data-testid="product-image" class="css-16dr4ly"><img alt="null Cinnamon Coffee Cake Muffins 400 g, $1.00/100g" src="https://assets.shop.loblaws.ca/products/21557709/b3/en/front/21557709_front_a06_@2.png" srcset="https://assets.shop.loblaws.ca/products/21557709/b3/en/front/21557709_front_a06_@2.png 1x, https://assets.shop.loblaws.ca/products/21557709/b3/en/front/21557709_front_a06_@2.png 2x" loading="lazy" class="chakra-image css-oguq8l" aria-hidden="true"></div><div class="css-qoklea"><div class="css-12dchmx"></div><div data-testid="price-product-tile" class="css-8atqhb"><p class="chakra-text css-0"><span class="chakra-text css-pwnbcb" data-testid="regular-price"><span class="css-idkz9h">$4.00</span>$4.00</span></p></div><a href="/cinnamon-coffee-cake-muffins/p/21557709_EA?source=nspt" class="chakra-linkbox__overlay css-1hnz6hu"><div class="css-0"><h3 class="chakra-heading css-6qrhwc" id="21557709_EA" data-testid="product-title">Cinnamon Coffee Cake Muffins</h3><p class="chakra-text css-1yftjin" data-testid="product-package-size">400 g, $1.00/100g</p></div></a><div class="css-8keand"></div></div><div class="css-1q5omjq"><div class="css-fcebb8"><div data-testid="atc-compact" class="css-y94ivq" style="width: 45px;"><button type="button" class="chakra-button css-mudsm6" data-testid="atc-button"><svg stroke="currentColor" fill="currentColor" stroke-width="0" viewBox="0 0 24 24" focusable="false" class="chakra-icon css-1g3sp7a" data-testid="btn-icon" aria-hidden="true" height="1em" width="1em" xmlns="http://www.w3.org/2000/svg"><path d="M19 13h-6v6h-2v-6H5v-2h6V5h2v6h6v2z"></path></svg><span class="css-idkz9h">Add Cinnamon Coffee Cake Muffins to cart</span></button></div></div></div></div></div></div><div class="css-0"><div class="css-f5i5wc"><div class="chakra-linkbox css-vhnn8v"><div data-testid="product-image" class="css-16dr4ly"><img alt="President's Choice Inbetweenz Double Chocolate Dessert Squares 312 g, $1.92/100g" src="https://assets.shop.loblaws.ca/products/21592622/b3/en/front/21592622_front_a06_@2.png" srcset="https://assets.shop.loblaws.ca/products/21592622/b3/en/front/21592622_front_a06_@2.png 1x, https://assets.shop.loblaws.ca/products/21592622/b3/en/front/21592622_front_a06_@2.png 2x" loading="lazy" class="chakra-image css-oguq8l" aria-hidden="true"></div><div class="css-qoklea"><div class="css-12dchmx"></div><div data-testid="price-product-tile" class="css-8atqhb"><p class="chakra-text css-0"><span class="chakra-text css-pwnbcb" data-testid="regular-price"><span class="css-idkz9h">$6.00</span>$6.00</span></p></div><a href="/inbetweenz-double-chocolate-dessert-squares/p/21592622_EA?source=nspt" class="chakra-linkbox__overlay css-1hnz6hu"><div class="css-0"><p class="chakra-text css-1ecdp9w" data-testid="product-brand">President's Choice</p><h3 class="chakra-heading css-6qrhwc" id="21592622_EA" data-testid="product-title">Inbetweenz Double Chocolate Dessert Squares</h3><p class="chakra-text css-1yftjin" data-testid="product-package-size">312 g, $1.92/100g</p></div></a><div class="css-8keand"></div></div><div class="css-1q5omjq"><div class="css-fcebb8"><div data-testid="atc-compact" class="css-y94ivq" style="width: 45px;"><button type="button" class="chakra-button css-mudsm6" data-testid="atc-button"><svg stroke="currentColor" fill="currentColor" stroke-width="0" viewBox="0 0 24 24" focusable="false" class="chakra-icon css-1g3sp7a" data-testid="btn-icon" aria-hidden="true" height="1em" width="1em" xmlns="http://www.w3.org/2000/svg"><path d="M19 13h-6v6h-2v-6H5v-2h6V5h2v6h6v2z"></path></svg><span class="css-idkz9h">Add Inbetweenz Double Chocolate Dessert Squares to cart</span></button></div></div></div></div></div></div><div class="css-0"><div class="css-f5i5wc"><div class="chakra-linkbox css-vhnn8v"><div data-testid="product-image" class="css-16dr4ly"><img alt="President's Choice Flake Outs Madagascar Vanilla Croissant Donuts 224 g, $3.13/100g" src="https://assets.shop.loblaws.ca/products/21590412/b3/en/front/21590412_front_a06_@2.png" srcset="https://assets.shop.loblaws.ca/products/21590412/b3/en/front/21590412_front_a06_@2.png 1x, https://assets.shop.loblaws.ca/products/21590412/b3/en/front/21590412_front_a06_@2.png 2x" loading="lazy" class="chakra-image css-oguq8l" aria-hidden="true"></div><div class="css-qoklea"><div class="css-12dchmx"></div><div data-testid="price-product-tile" class="css-8atqhb"><p class="chakra-text css-0"><span class="chakra-text css-pwnbcb" data-testid="regular-price"><span class="css-idkz9h">$7.00</span>$7.00</span></p></div><a href="/flake-outs-madagascar-vanilla-croissant-donuts/p/21590412_EA?source=nspt" class="chakra-linkbox__overlay css-1hnz6hu"><div class="css-0"><p class="chakra-text css-1ecdp9w" data-testid="product-brand">President's Choice</p><h3 class="chakra-heading css-6qrhwc" id="21590412_EA" data-testid="product-title">Flake Outs Madagascar Vanilla Croissant Donuts</h3><p class="chakra-text css-1yftjin" data-testid="product-package-size">224 g, $3.13/100g</p></div></a><div class="css-8keand"></div></div><div class="css-1q5omjq"><div class="css-fcebb8"><div data-testid="atc-compact" class="css-y94ivq" style="width: 45px;"><button disabled="" type="button" class="chakra-button css-mudsm6" data-testid="atc-button"><svg stroke="currentColor" fill="currentColor" stroke-width="0" viewBox="0 0 24 24" focusable="false" class="chakra-icon css-1g3sp7a" data-testid="btn-icon" aria-hidden="true" height="1em" width="1em" xmlns="http://www.w3.org/2000/svg"><path d="M19 13h-6v6h-2v-6H5v-2h6V5h2v6h6v2z"></path></svg><span class="css-idkz9h">Add Flake Outs Madagascar Vanilla Croissant Donuts to cart</span></button></div></div><div class="css-4saf4a"><p class="chakra-text css-py8788" data-testid="inventory-badge-text">Out of Stock</p></div></div></div></div></div><div class="css-0"><div class="css-f5i5wc"><div class="chakra-linkbox css-vhnn8v"><div data-testid="product-image" class="css-16dr4ly"><img alt="Vachon Vanilla Flavour Cakes 1/2 Lune Moon  282 g, $1.24/100g" src="https://assets.shop.loblaws.ca/products/21027889/b3/en/front/21027889_front_a06_@2.png" srcset="https://assets.shop.loblaws.ca/products/21027889/b3/en/front/21027889_front_a06_@2.png 1x, https://assets.shop.loblaws.ca/products/21027889/b3/en/front/21027889_front_a06_@2.png 2x" loading="lazy" class="chakra-image css-oguq8l" aria-hidden="true"></div><div class="css-qoklea"><div class="css-12dchmx"></div><div data-testid="price-product-tile" class="css-8atqhb"><p class="chakra-text css-0"><span class="chakra-text css-pwnbcb" data-testid="regular-price"><span class="css-idkz9h">$3.49</span>$3.49</span></p></div><a href="/vanilla-flavour-cakes-1-2-lune-moon/p/21027889_EA?source=nspt" class="chakra-linkbox__overlay css-1hnz6hu"><div class="css-0"><p class="chakra-text css-1ecdp9w" data-testid="product-brand">Vachon</p><h3 class="chakra-heading css-6qrhwc" id="21027889_EA" data-testid="product-title">Vanilla Flavour Cakes 1/2 Lune Moon </h3><p class="chakra-text css-1yftjin" data-testid="product-package-size">282 g, $1.24/100g</p></div></a><div class="css-8keand"></div></div><div class="css-1q5omjq"><div class="css-fcebb8"><div data-testid="atc-compact" class="css-y94ivq" style="width: 45px;"><button type="button" class="chakra-button css-mudsm6" data-testid="atc-button"><svg stroke="currentColor" fill="currentColor" stroke-width="0" viewBox="0 0 24 24" focusable="false" class="chakra-icon css-1g3sp7a" data-testid="btn-icon" aria-hidden="true" height="1em" width="1em" xmlns="http://www.w3.org/2000/svg"><path d="M19 13h-6v6h-2v-6H5v-2h6V5h2v6h6v2z"></path></svg><span class="css-idkz9h">Add Vanilla Flavour Cakes 1/2 Lune Moon  to cart</span></button></div></div></div></div></div></div><div class="css-0"><div class="css-f5i5wc"><div class="chakra-linkbox css-vhnn8v"><div data-testid="product-image" class="css-16dr4ly"><img alt="Baxters Quinn's Swiss Roll Chocolate 6x67.0 g, $1.49/100g" src="https://assets.shop.loblaws.ca/products/21392547/b3/en/front/21392547_front_a06_@2.png" srcset="https://assets.shop.loblaws.ca/products/21392547/b3/en/front/21392547_front_a06_@2.png 1x, https://assets.shop.loblaws.ca/products/21392547/b3/en/front/21392547_front_a06_@2.png 2x" loading="lazy" class="chakra-image css-oguq8l" aria-hidden="true"></div><div class="css-qoklea"><div class="css-12dchmx"></div><div data-testid="price-product-tile" class="css-8atqhb"><p class="chakra-text css-0"><span class="chakra-text css-pwnbcb" data-testid="regular-price"><span class="css-idkz9h">$6.00</span>$6.00</span></p></div><a href="/quinn-s-swiss-roll-chocolate/p/21392547_EA?source=nspt" class="chakra-linkbox__overlay css-1hnz6hu"><div class="css-0"><p class="chakra-text css-1ecdp9w" data-testid="product-brand">Baxters</p><h3 class="chakra-heading css-6qrhwc" id="21392547_EA" data-testid="product-title">Quinn's Swiss Roll Chocolate</h3><p class="chakra-text css-1yftjin" data-testid="product-package-size">6x67.0 g, $1.49/100g</p></div></a><div class="css-8keand"></div></div><div class="css-1q5omjq"><div class="css-fcebb8"><div data-testid="atc-compact" class="css-y94ivq" style="width: 45px;"><button type="button" class="chakra-button css-mudsm6" data-testid="atc-button"><svg stroke="currentColor" fill="currentColor" stroke-width="0" viewBox="0 0 24 24" focusable="false" class="chakra-icon css-1g3sp7a" data-testid="btn-icon" aria-hidden="true" height="1em" width="1em" xmlns="http://www.w3.org/2000/svg"><path d="M19 13h-6v6h-2v-6H5v-2h6V5h2v6h6v2z"></path></svg><span class="css-idkz9h">Add Quinn's Swiss Roll Chocolate to cart</span></button></div></div></div></div></div></div><div class="css-0"><div class="css-f5i5wc"><div class="chakra-linkbox css-vhnn8v"><div data-testid="product-image" class="css-16dr4ly"><img alt="Anmol Biscuits, Rusk Tea 200 g, $1.00/100g" src="https://assets.shop.loblaws.ca/products/20048703/b3/en/front/20048703_front_a06_@2.png" srcset="https://assets.shop.loblaws.ca/products/20048703/b3/en/front/20048703_front_a06_@2.png 1x, https://assets.shop.loblaws.ca/products/20048703/b3/en/front/20048703_front_a06_@2.png 2x" loading="lazy" class="chakra-image css-oguq8l" aria-hidden="true"></div><div class="css-qoklea"><div class="css-12dchmx"></div><div data-testid="price-product-tile" class="css-8atqhb"><p class="chakra-text css-0"><span class="chakra-text css-pwnbcb" data-testid="regular-price"><span class="css-idkz9h">$1.99</span>$1.99</span></p></div><a href="/biscuits-rusk-tea/p/20048703_EA?source=nspt" class="chakra-linkbox__overlay css-1hnz6hu"><div class="css-0"><p class="chakra-text css-1ecdp9w" data-testid="product-brand">Anmol</p><h3 class="chakra-heading css-6qrhwc" id="20048703_EA" data-testid="product-title">Biscuits, Rusk Tea</h3><p class="chakra-text css-1yftjin" data-testid="product-package-size">200 g, $1.00/100g</p></div></a><div class="css-8keand"></div></div><div class="css-1q5omjq"><div class="css-fcebb8"><div data-testid="atc-compact" class="css-y94ivq" style="width: 45px;"><button type="button" class="chakra-button css-mudsm6" data-testid="atc-button"><svg stroke="currentColor" fill="currentColor" stroke-width="0" viewBox="0 0 24 24" focusable="false" class="chakra-icon css-1g3sp7a" data-testid="btn-icon" aria-hidden="true" height="1em" width="1em" xmlns="http://www.w3.org/2000/svg"><path d="M19 13h-6v6h-2v-6H5v-2h6V5h2v6h6v2z"></path></svg><span class="css-idkz9h">Add Biscuits, Rusk Tea to cart</span></button></div></div></div></div></div></div><div class="css-0"><div class="css-f5i5wc"><div class="chakra-linkbox css-vhnn8v"><div data-testid="product-image" class="css-16dr4ly"><img alt="McCain Deep'n Delicious Cookies and Cream Cake 510 g, $1.47/100g" src="https://assets.shop.loblaws.ca/products/21165513/b3/en/front/21165513_front_a06_@2.png" srcset="https://assets.shop.loblaws.ca/products/21165513/b3/en/front/21165513_front_a06_@2.png 1x, https://assets.shop.loblaws.ca/products/21165513/b3/en/front/21165513_front_a06_@2.png 2x" loading="lazy" class="chakra-image css-oguq8l" aria-hidden="true"></div><div class="css-qoklea"><div class="css-12dchmx"></div><div data-testid="price-product-tile" class="css-8atqhb"><p class="chakra-text css-0"><span class="chakra-text css-pwnbcb" data-testid="regular-price"><span class="css-idkz9h">$7.49</span>$7.49</span></p></div><a href="/deep-n-delicious-cookies-and-cream-cake/p/21165513_EA?source=nspt" class="chakra-linkbox__overlay css-1hnz6hu"><div class="css-0"><p class="chakra-text css-1ecdp9w" data-testid="product-brand">McCain</p><h3 class="chakra-heading css-6qrhwc" id="21165513_EA" data-testid="product-title">Deep'n Delicious Cookies and Cream Cake</h3><p class="chakra-text css-1yftjin" data-testid="product-package-size">510 g, $1.47/100g</p></div></a><div class="css-8keand"></div></div><div class="css-1q5omjq"><div class="css-fcebb8"><div data-testid="atc-compact" class="css-y94ivq" style="width: 45px;"><button type="button" class="chakra-button css-mudsm6" data-testid="atc-button"><svg stroke="currentColor" fill="currentColor" stroke-width="0" viewBox="0 0 24 24" focusable="false" class="chakra-icon css-1g3sp7a" data-testid="btn-icon" aria-hidden="true" height="1em" width="1em" xmlns="http://www.w3.org/2000/svg"><path d="M19 13h-6v6h-2v-6H5v-2h6V5h2v6h6v2z"></path></svg><span class="css-idkz9h">Add Deep'n Delicious Cookies and Cream Cake to cart</span></button></div></div></div></div></div></div><div class="css-0"><div class="css-f5i5wc"><div class="chakra-linkbox css-vhnn8v"><div data-testid="product-image" class="css-16dr4ly"><img alt="Farmer's Market Pecan Butter Tarts 6x85.0 g, $0.98/100g" src="https://assets.shop.loblaws.ca/products/20308897/b3/en/front/20308897_front_a06_@2.png" srcset="https://assets.shop.loblaws.ca/products/20308897/b3/en/front/20308897_front_a06_@2.png 1x, https://assets.shop.loblaws.ca/products/20308897/b3/en/front/20308897_front_a06_@2.png 2x" loading="lazy" class="chakra-image css-oguq8l" aria-hidden="true"></div><div class="css-qoklea"><div class="css-12dchmx"></div><div data-testid="price-product-tile" class="css-8atqhb"><p class="chakra-text css-0"><span class="chakra-text css-pwnbcb" data-testid="regular-price"><span class="css-idkz9h">$5.00</span>$5.00</span></p></div><a href="/pecan-butter-tarts/p/20308897_EA?source=nspt" class="chakra-linkbox__overlay css-1hnz6hu"><div class="css-0"><p class="chakra-text css-1ecdp9w" data-testid="product-brand">Farmer's Market</p><h3 class="chakra-heading css-6qrhwc" id="20308897_EA" data-testid="product-title">Pecan Butter Tarts</h3><p class="chakra-text css-1yftjin" data-testid="product-package-size">6x85.0 g, $0.98/100g</p></div></a><div class="css-8keand"></div></div><div class="css-1q5omjq"><div class="css-fcebb8"><div data-testid="atc-compact" class="css-y94ivq" style="width: 45px;"><button type="button" class="chakra-button css-mudsm6" data-testid="atc-button"><svg stroke="currentColor" fill="currentColor" stroke-width="0" viewBox="0 0 24 24" focusable="false" class="chakra-icon css-1g3sp7a" data-testid="btn-icon" aria-hidden="true" height="1em" width="1em" xmlns="http://www.w3.org/2000/svg"><path d="M19 13h-6v6h-2v-6H5v-2h6V5h2v6h6v2z"></path></svg><span class="css-idkz9h">Add Pecan Butter Tarts to cart</span></button></div></div></div></div></div></div><div class="css-0"><div class="css-f5i5wc"><div class="chakra-linkbox css-vhnn8v"><div data-testid="product-image" class="css-16dr4ly"><img alt="President's Choice Frozen Tiramisu 460 g, $1.74/100g" src="https://assets.shop.loblaws.ca/products/21104504/b3/en/front/21104504_front_a06_@2.png" srcset="https://assets.shop.loblaws.ca/products/21104504/b3/en/front/21104504_front_a06_@2.png 1x, https://assets.shop.loblaws.ca/products/21104504/b3/en/front/21104504_front_a06_@2.png 2x" loading="lazy" class="chakra-image css-oguq8l" aria-hidden="true"></div><div class="css-qoklea"><div class="css-12dchmx"></div><div data-testid="price-product-tile" class="css-8atqhb"><p class="chakra-text css-0"><span class="chakra-text css-pwnbcb" data-testid="regular-price"><span class="css-idkz9h">$7.99</span>$7.99</span></p></div><a href="/frozen-tiramisu/p/21104504_EA?source=nspt" class="chakra-linkbox__overlay css-1hnz6hu"><div class="css-0"><p class="chakra-text css-1ecdp9w" data-testid="product-brand">President's Choice</p><h3 class="chakra-heading css-6qrhwc" id="21104504_EA" data-testid="product-title">Frozen Tiramisu</h3><p class="chakra-text css-1yftjin" data-testid="product-package-size">460 g, $1.74/100g</p></div></a><div class="css-8keand"></div></div><div class="css-1q5omjq"><div class="css-fcebb8"><div data-testid="atc-compact" class="css-y94ivq" style="width: 45px;"><button type="button" class="chakra-button css-mudsm6" data-testid="atc-button"><svg stroke="currentColor" fill="currentColor" stroke-width="0" viewBox="0 0 24 24" focusable="false" class="chakra-icon css-1g3sp7a" data-testid="btn-icon" aria-hidden="true" height="1em" width="1em" xmlns="http://www.w3.org/2000/svg"><path d="M19 13h-6v6h-2v-6H5v-2h6V5h2v6h6v2z"></path></svg><span class="css-idkz9h">Add Frozen Tiramisu to cart</span></button></div></div></div></div></div></div><div class="css-0"><div class="css-f5i5wc"><div class="chakra-linkbox css-vhnn8v"><div data-testid="product-image" class="css-16dr4ly"><img alt="Hostess Mini Donuts Powdered 269 g, $1.67/100g" src="https://assets.shop.loblaws.ca/products/21572744/b3/en/front/21572744_front_a06_@2.png" srcset="https://assets.shop.loblaws.ca/products/21572744/b3/en/front/21572744_front_a06_@2.png 1x, https://assets.shop.loblaws.ca/products/21572744/b3/en/front/21572744_front_a06_@2.png 2x" loading="lazy" class="chakra-image css-oguq8l" aria-hidden="true"></div><div class="css-qoklea"><div class="css-12dchmx"></div><div data-testid="price-product-tile" class="css-8atqhb"><p class="chakra-text css-0"><span class="chakra-text css-pwnbcb" data-testid="regular-price"><span class="css-idkz9h">$4.49</span>$4.49</span></p></div><a href="/mini-donuts-powdered/p/21572744_EA?source=nspt" class="chakra-linkbox__overlay css-1hnz6hu"><div class="css-0"><p class="chakra-text css-1ecdp9w" data-testid="product-brand">Hostess</p><h3 class="chakra-heading css-6qrhwc" id="21572744_EA" data-testid="product-title">Mini Donuts Powdered</h3><p class="chakra-text css-1yftjin" data-testid="product-package-size">269 g, $1.67/100g</p></div></a><div class="css-8keand"></div></div><div class="css-1q5omjq"><div class="css-fcebb8"><div data-testid="atc-compact" class="css-y94ivq" style="width: 45px;"><button type="button" class="chakra-button css-mudsm6" data-testid="atc-button"><svg stroke="currentColor" fill="currentColor" stroke-width="0" viewBox="0 0 24 24" focusable="false" class="chakra-icon css-1g3sp7a" data-testid="btn-icon" aria-hidden="true" height="1em" width="1em" xmlns="http://www.w3.org/2000/svg"><path d="M19 13h-6v6h-2v-6H5v-2h6V5h2v6h6v2z"></path></svg><span class="css-idkz9h">Add Mini Donuts Powdered to cart</span></button></div></div></div></div></div></div><div class="css-0"><div class="css-f5i5wc"><div class="chakra-linkbox css-vhnn8v"><div data-testid="product-image" class="css-16dr4ly"><img alt="Charlottes Pumpkin Squares 400 g, $1.38/100g" src="https://assets.shop.loblaws.ca/products/21045706/b3/en/front/21045706_front_a06_@2.png" srcset="https://assets.shop.loblaws.ca/products/21045706/b3/en/front/21045706_front_a06_@2.png 1x, https://assets.shop.loblaws.ca/products/21045706/b3/en/front/21045706_front_a06_@2.png 2x" loading="lazy" class="chakra-image css-oguq8l" aria-hidden="true"></div><div class="css-qoklea"><div class="css-12dchmx"></div><div data-testid="price-product-tile" class="css-8atqhb"><p class="chakra-text css-0"><span class="chakra-text css-pwnbcb" data-testid="regular-price"><span class="css-idkz9h">$5.50</span>$5.50</span></p></div><a href="/pumpkin-squares/p/21045706_EA?source=nspt" class="chakra-linkbox__overlay css-1hnz6hu"><div class="css-0"><p class="chakra-text css-1ecdp9w" data-testid="product-brand">Charlottes</p><h3 class="chakra-heading css-6qrhwc" id="21045706_EA" data-testid="product-title">Pumpkin Squares</h3><p class="chakra-text css-1yftjin" data-testid="product-package-size">400 g, $1.38/100g</p></div></a><div class="css-8keand"></div></div><div class="css-1q5omjq"><div class="css-fcebb8"><div data-testid="atc-compact" class="css-y94ivq" style="width: 45px;"><button disabled="" type="button" class="chakra-button css-mudsm6" data-testid="atc-button"><svg stroke="currentColor" fill="currentColor" stroke-width="0" viewBox="0 0 24 24" focusable="false" class="chakra-icon css-1g3sp7a" data-testid="btn-icon" aria-hidden="true" height="1em" width="1em" xmlns="http://www.w3.org/2000/svg"><path d="M19 13h-6v6h-2v-6H5v-2h6V5h2v6h6v2z"></path></svg><span class="css-idkz9h">Add Pumpkin Squares to cart</span></button></div></div><div class="css-4saf4a"><p class="chakra-text css-py8788" data-testid="inventory-badge-text">Out of Stock</p></div></div></div></div></div><div class="css-0"><div class="css-f5i5wc"><div class="chakra-linkbox css-vhnn8v"><div data-testid="product-image" class="css-16dr4ly"><img alt="President's Choice Frozen Mini Eclairs 710 g, $2.11/100g" src="https://assets.shop.loblaws.ca/products/20004726/b3/en/front/20004726_front_a06_@2.png" srcset="https://assets.shop.loblaws.ca/products/20004726/b3/en/front/20004726_front_a06_@2.png 1x, https://assets.shop.loblaws.ca/products/20004726/b3/en/front/20004726_front_a06_@2.png 2x" loading="lazy" class="chakra-image css-oguq8l" aria-hidden="true"></div><div class="css-qoklea"><div class="css-12dchmx"></div><div data-testid="price-product-tile" class="css-8atqhb"><p class="chakra-text css-0"><span class="chakra-text css-pwnbcb" data-testid="regular-price"><span class="css-idkz9h">$14.99</span>$14.99</span></p></div><a href="/frozen-mini-eclairs/p/20004726_EA?source=nspt" class="chakra-linkbox__overlay css-1hnz6hu"><div class="css-0"><p class="chakra-text css-1ecdp9w" data-testid="product-brand">President's Choice</p><h3 class="chakra-heading css-6qrhwc" id="20004726_EA" data-testid="product-title">Frozen Mini Eclairs</h3><p class="chakra-text css-1yftjin" data-testid="product-package-size">710 g, $2.11/100g</p></div></a><div class="css-8keand"></div></div><div class="css-1q5omjq"><div class="css-fcebb8"><div data-testid="atc-compact" class="css-y94ivq" style="width: 45px;"><button type="button" class="chakra-button css-mudsm6" data-testid="atc-button"><svg stroke="currentColor" fill="currentColor" stroke-width="0" viewBox="0 0 24 24" focusable="false" class="chakra-icon css-1g3sp7a" data-testid="btn-icon" aria-hidden="true" height="1em" width="1em" xmlns="http://www.w3.org/2000/svg"><path d="M19 13h-6v6h-2v-6H5v-2h6V5h2v6h6v2z"></path></svg><span class="css-idkz9h">Add Frozen Mini Eclairs to cart</span></button></div></div></div></div></div></div><div class="css-0"><div class="css-f5i5wc"><div class="chakra-linkbox css-vhnn8v"><div data-testid="product-image" class="css-16dr4ly"><img alt="President's Choice The Decadent Molten Chocolate Cakes 216 g, $2.31/100g" src="https://assets.shop.loblaws.ca/products/20800613/b3/en/front/20800613_front_a06_@2.png" srcset="https://assets.shop.loblaws.ca/products/20800613/b3/en/front/20800613_front_a06_@2.png 1x, https://assets.shop.loblaws.ca/products/20800613/b3/en/front/20800613_front_a06_@2.png 2x" loading="lazy" class="chakra-image css-oguq8l" aria-hidden="true"></div><div class="css-qoklea"><div class="css-12dchmx"></div><div data-testid="price-product-tile" class="css-8atqhb"><p class="chakra-text css-0"><span class="chakra-text css-pwnbcb" data-testid="regular-price"><span class="css-idkz9h">$4.99</span>$4.99</span></p></div><a href="/the-decadent-molten-chocolate-cakes/p/20800613_EA?source=nspt" class="chakra-linkbox__overlay css-1hnz6hu"><div class="css-0"><p class="chakra-text css-1ecdp9w" data-testid="product-brand">President's Choice</p><h3 class="chakra-heading css-6qrhwc" id="20800613_EA" data-testid="product-title">The Decadent Molten Chocolate Cakes</h3><p class="chakra-text css-1yftjin" data-testid="product-package-size">216 g, $2.31/100g</p></div></a><div class="css-8keand"></div></div><div class="css-1q5omjq"><div class="css-fcebb8"><div data-testid="atc-compact" class="css-y94ivq" style="width: 45px;"><button type="button" class="chakra-button css-mudsm6" data-testid="atc-button"><svg stroke="currentColor" fill="currentColor" stroke-width="0" viewBox="0 0 24 24" focusable="false" class="chakra-icon css-1g3sp7a" data-testid="btn-icon" aria-hidden="true" height="1em" width="1em" xmlns="http://www.w3.org/2000/svg"><path d="M19 13h-6v6h-2v-6H5v-2h6V5h2v6h6v2z"></path></svg><span class="css-idkz9h">Add The Decadent Molten Chocolate Cakes to cart</span></button></div></div></div></div></div></div></div><div data-testid="product-grid" class="css-epcqr3"><div class="css-0"><div class="css-f5i5wc"><div class="chakra-linkbox css-vhnn8v"><div data-testid="product-image" class="css-16dr4ly"><img alt="null Treat Shop Cookies Thumbprint 298 g, $1.68/100g" src="https://assets.shop.loblaws.ca/products/21590405/b3/en/front/21590405_front_a06_@2.png" srcset="https://assets.shop.loblaws.ca/products/21590405/b3/en/front/21590405_front_a06_@2.png 1x, https://assets.shop.loblaws.ca/products/21590405/b3/en/front/21590405_front_a06_@2.png 2x" loading="lazy" class="chakra-image css-oguq8l" aria-hidden="true"></div><div class="css-qoklea"><div class="css-12dchmx"></div><div data-testid="price-product-tile" class="css-8atqhb"><p class="chakra-text css-0"><span class="chakra-text css-pwnbcb" data-testid="regular-price"><span class="css-idkz9h">$5.00</span>$5.00</span></p></div><a href="/treat-shop-cookies-thumbprint/p/21590405_EA?source=nspt" class="chakra-linkbox__overlay css-1hnz6hu"><div class="css-0"><h3 class="chakra-heading css-6qrhwc" id="21590405_EA" data-testid="product-title">Treat Shop Cookies Thumbprint</h3><p class="chakra-text css-1yftjin" data-testid="product-package-size">298 g, $1.68/100g</p></div></a><div class="css-8keand"></div></div><div class="css-1q5omjq"><div class="css-fcebb8"><div data-testid="atc-compact" class="css-y94ivq" style="width: 45px;"><button type="button" class="chakra-button css-mudsm6" data-testid="atc-button"><svg stroke="currentColor" fill="currentColor" stroke-width="0" viewBox="0 0 24 24" focusable="false" class="chakra-icon css-1g3sp7a" data-testid="btn-icon" aria-hidden="true" height="1em" width="1em" xmlns="http://www.w3.org/2000/svg"><path d="M19 13h-6v6h-2v-6H5v-2h6V5h2v6h6v2z"></path></svg><span class="css-idkz9h">Add Treat Shop Cookies Thumbprint to cart</span></button></div></div><div class="css-4saf4a"><p class="chakra-text css-py8788" data-testid="inventory-badge-text">Low Stock</p></div></div></div></div></div><div class="css-0"><div class="css-f5i5wc"><div class="chakra-linkbox css-vhnn8v"><div data-testid="product-image" class="css-16dr4ly"><img alt="President's Choice Chocolate Caramel Pecan Cluster New York-Style Cheesecake 600 g, $1.83/100g" src="https://assets.shop.loblaws.ca/products/21395368/b3/en/front/21395368_front_a06_@2.png" srcset="https://assets.shop.loblaws.ca/products/21395368/b3/en/front/21395368_front_a06_@2.png 1x, https://assets.shop.loblaws.ca/products/21395368/b3/en/front/21395368_front_a06_@2.png 2x" loading="lazy" class="chakra-image css-oguq8l" aria-hidden="true"></div><div class="css-qoklea"><div class="css-12dchmx"></div><div data-testid="price-product-tile" class="css-8atqhb"><p class="chakra-text css-0"><span class="chakra-text css-pwnbcb" data-testid="regular-price"><span class="css-idkz9h">$11.00</span>$11.00</span></p></div><a href="/chocolate-caramel-pecan-cluster-new-york-style-che/p/21395368_EA?source=nspt" class="chakra-linkbox__overlay css-1hnz6hu"><div class="css-0"><p class="chakra-text css-1ecdp9w" data-testid="product-brand">President's Choice</p><h3 class="chakra-heading css-6qrhwc" id="21395368_EA" data-testid="product-title">Chocolate Caramel Pecan Cluster New York-Style Cheesecake</h3><p class="chakra-text css-1yftjin" data-testid="product-package-size">600 g, $1.83/100g</p></div></a><div class="css-8keand"></div></div><div class="css-1q5omjq"><div class="css-fcebb8"><div data-testid="atc-compact" class="css-y94ivq" style="width: 45px;"><button type="button" class="chakra-button css-mudsm6" data-testid="atc-button"><svg stroke="currentColor" fill="currentColor" stroke-width="0" viewBox="0 0 24 24" focusable="false" class="chakra-icon css-1g3sp7a" data-testid="btn-icon" aria-hidden="true" height="1em" width="1em" xmlns="http://www.w3.org/2000/svg"><path d="M19 13h-6v6h-2v-6H5v-2h6V5h2v6h6v2z"></path></svg><span class="css-idkz9h">Add Chocolate Caramel Pecan Cluster New York-Style Cheesecake to cart</span></button></div></div></div></div></div></div><div class="css-0"><div class="css-f5i5wc"><div class="chakra-linkbox css-vhnn8v"><div data-testid="product-image" class="css-16dr4ly"><img alt="null Strawberry Flavoured Donuts 360 g, $1.39/100g" src="https://assets.shop.loblaws.ca/products/21608737/b3/en/front/21608737_front_a06_@2.png" srcset="https://assets.shop.loblaws.ca/products/21608737/b3/en/front/21608737_front_a06_@2.png 1x, https://assets.shop.loblaws.ca/products/21608737/b3/en/front/21608737_front_a06_@2.png 2x" loading="lazy" class="chakra-image css-oguq8l" aria-hidden="true"></div><div class="css-qoklea"><div class="css-12dchmx"><div class="chakra-badge css-34x0wr" data-testid="product-badge"><div class="css-u4p24i">New</div></div></div><div data-testid="price-product-tile" class="css-8atqhb"><p class="chakra-text css-0"><span class="chakra-text css-pwnbcb" data-testid="regular-price"><span class="css-idkz9h">$5.00</span>$5.00</span></p></div><a href="/strawberry-flavoured-donuts/p/21608737_EA?source=nspt" class="chakra-linkbox__overlay css-1hnz6hu"><div class="css-0"><h3 class="chakra-heading css-6qrhwc" id="21608737_EA" data-testid="product-title">Strawberry Flavoured Donuts</h3><p class="chakra-text css-1yftjin" data-testid="product-package-size">360 g, $1.39/100g</p></div></a><div class="css-8keand"></div></div><div class="css-1q5omjq"><div class="css-fcebb8"><div data-testid="atc-compact" class="css-y94ivq" style="width: 45px;"><button type="button" class="chakra-button css-mudsm6" data-testid="atc-button"><svg stroke="currentColor" fill="currentColor" stroke-width="0" viewBox="0 0 24 24" focusable="false" class="chakra-icon css-1g3sp7a" data-testid="btn-icon" aria-hidden="true" height="1em" width="1em" xmlns="http://www.w3.org/2000/svg"><path d="M19 13h-6v6h-2v-6H5v-2h6V5h2v6h6v2z"></path></svg><span class="css-idkz9h">Add Strawberry Flavoured Donuts to cart</span></button></div></div></div></div></div></div><div class="css-0"><div class="css-f5i5wc"><div class="chakra-linkbox css-vhnn8v"><div data-testid="product-image" class="css-16dr4ly"><img alt="United National Namak Para Snacks 360 g, $0.97/100g" src="https://assets.shop.loblaws.ca/products/20305966002/b3/en/front/20305966002_front_a06_@2.png" srcset="https://assets.shop.loblaws.ca/products/20305966002/b3/en/front/20305966002_front_a06_@2.png 1x, https://assets.shop.loblaws.ca/products/20305966002/b3/en/front/20305966002_front_a06_@2.png 2x" loading="lazy" class="chakra-image css-oguq8l" aria-hidden="true"></div><div class="css-qoklea"><div class="css-12dchmx"></div><div data-testid="price-product-tile" class="css-8atqhb"><p class="chakra-text css-0"><span class="chakra-text css-pwnbcb" data-testid="regular-price"><span class="css-idkz9h">$3.49</span>$3.49</span></p></div><a href="/namak-para-snacks/p/20305966002_EA?source=nspt" class="chakra-linkbox__overlay css-1hnz6hu"><div class="css-0"><p class="chakra-text css-1ecdp9w" data-testid="product-brand">United National</p><h3 class="chakra-heading css-6qrhwc" id="20305966002_EA" data-testid="product-title">Namak Para Snacks</h3><p class="chakra-text css-1yftjin" data-testid="product-package-size">360 g, $0.97/100g</p></div></a><div class="css-8keand"></div></div><div class="css-1q5omjq"><div class="css-fcebb8"><div data-testid="atc-compact" class="css-y94ivq" style="width: 45px;"><button type="button" class="chakra-button css-mudsm6" data-testid="atc-button"><svg stroke="currentColor" fill="currentColor" stroke-width="0" viewBox="0 0 24 24" focusable="false" class="chakra-icon css-1g3sp7a" data-testid="btn-icon" aria-hidden="true" height="1em" width="1em" xmlns="http://www.w3.org/2000/svg"><path d="M19 13h-6v6h-2v-6H5v-2h6V5h2v6h6v2z"></path></svg><span class="css-idkz9h">Add Namak Para Snacks to cart</span></button></div></div></div></div></div></div><div class="css-0"><div class="css-f5i5wc"><div class="chakra-linkbox css-vhnn8v"><div data-testid="product-image" class="css-16dr4ly"><img alt="Crispy Punjabi Cookies 1.1 kg, $0.50/100g" src="https://assets.shop.loblaws.ca/products/20180817/b3/en/front/20180817_front_a06_@2.png" srcset="https://assets.shop.loblaws.ca/products/20180817/b3/en/front/20180817_front_a06_@2.png 1x, https://assets.shop.loblaws.ca/products/20180817/b3/en/front/20180817_front_a06_@2.png 2x" loading="lazy" class="chakra-image css-oguq8l" aria-hidden="true"></div><div class="css-qoklea"><div class="css-12dchmx"></div><div data-testid="price-product-tile" class="css-8atqhb"><p class="chakra-text css-0"><span class="chakra-text css-pwnbcb" data-testid="regular-price"><span class="css-idkz9h">$5.49</span>$5.49</span></p></div><a href="/punjabi-cookies/p/20180817_EA?source=nspt" class="chakra-linkbox__overlay css-1hnz6hu"><div class="css-0"><p class="chakra-text css-1ecdp9w" data-testid="product-brand">Crispy</p><h3 class="chakra-heading css-6qrhwc" id="20180817_EA" data-testid="product-title">Punjabi Cookies</h3><p class="chakra-text css-1yftjin" data-testid="product-package-size">1.1 kg, $0.50/100g</p></div></a><div class="css-8keand"></div></div><div class="css-1q5omjq"><div class="css-fcebb8"><div data-testid="atc-compact" class="css-y94ivq" style="width: 45px;"><button type="button" class="chakra-button css-mudsm6" data-testid="atc-button"><svg stroke="currentColor" fill="currentColor" stroke-width="0" viewBox="0 0 24 24" focusable="false" class="chakra-icon css-1g3sp7a" data-testid="btn-icon" aria-hidden="true" height="1em" width="1em" xmlns="http://www.w3.org/2000/svg"><path d="M19 13h-6v6h-2v-6H5v-2h6V5h2v6h6v2z"></path></svg><span class="css-idkz9h">Add Punjabi Cookies to cart</span></button></div></div></div></div></div></div><div class="css-0"><div class="css-f5i5wc"><div class="chakra-linkbox css-vhnn8v"><div data-testid="product-image" class="css-16dr4ly"><img alt="Crispy Pistachio Short Bread Cookie 0.35 kg, $1.14/100g" src="https://assets.shop.loblaws.ca/products/20820641/b3/en/front/20820641_front_a06_@2.png" srcset="https://assets.shop.loblaws.ca/products/20820641/b3/en/front/20820641_front_a06_@2.png 1x, https://assets.shop.loblaws.ca/products/20820641/b3/en/front/20820641_front_a06_@2.png 2x" loading="lazy" class="chakra-image css-oguq8l" aria-hidden="true"></div><div class="css-qoklea"><div class="css-12dchmx"></div><div data-testid="price-product-tile" class="css-8atqhb"><p class="chakra-text css-0"><span class="chakra-text css-pwnbcb" data-testid="regular-price"><span class="css-idkz9h">$3.99</span>$3.99</span></p></div><a href="/pistachio-short-bread-cookie/p/20820641_EA?source=nspt" class="chakra-linkbox__overlay css-1hnz6hu"><div class="css-0"><p class="chakra-text css-1ecdp9w" data-testid="product-brand">Crispy</p><h3 class="chakra-heading css-6qrhwc" id="20820641_EA" data-testid="product-title">Pistachio Short Bread Cookie</h3><p class="chakra-text css-1yftjin" data-testid="product-package-size">0.35 kg, $1.14/100g</p></div></a><div class="css-8keand"></div></div><div class="css-1q5omjq"><div class="css-fcebb8"><div data-testid="atc-compact" class="css-y94ivq" style="width: 45px;"><button type="button" class="chakra-button css-mudsm6" data-testid="atc-button"><svg stroke="currentColor" fill="currentColor" stroke-width="0" viewBox="0 0 24 24" focusable="false" class="chakra-icon css-1g3sp7a" data-testid="btn-icon" aria-hidden="true" height="1em" width="1em" xmlns="http://www.w3.org/2000/svg"><path d="M19 13h-6v6h-2v-6H5v-2h6V5h2v6h6v2z"></path></svg><span class="css-idkz9h">Add Pistachio Short Bread Cookie to cart</span></button></div></div></div></div></div></div><div class="css-0"><div class="css-f5i5wc"><div class="chakra-linkbox css-vhnn8v"><div data-testid="product-image" class="css-16dr4ly"><img alt="null Cream Cheese Filled Croissant 272 g, $1.84/100g" src="https://assets.shop.loblaws.ca/products/21570691/b3/en/front/21570691_front_a06_@2.png" srcset="https://assets.shop.loblaws.ca/products/21570691/b3/en/front/21570691_front_a06_@2.png 1x, https://assets.shop.loblaws.ca/products/21570691/b3/en/front/21570691_front_a06_@2.png 2x" loading="lazy" class="chakra-image css-oguq8l" aria-hidden="true"></div><div class="css-qoklea"><div class="css-12dchmx"></div><div data-testid="price-product-tile" class="css-8atqhb"><p class="chakra-text css-0"><span class="chakra-text css-pwnbcb" data-testid="regular-price"><span class="css-idkz9h">$5.00</span>$5.00</span></p></div><a href="/cream-cheese-filled-croissant/p/21570691_EA?source=nspt" class="chakra-linkbox__overlay css-1hnz6hu"><div class="css-0"><h3 class="chakra-heading css-6qrhwc" id="21570691_EA" data-testid="product-title">Cream Cheese Filled Croissant</h3><p class="chakra-text css-1yftjin" data-testid="product-package-size">272 g, $1.84/100g</p></div></a><div class="css-8keand"></div></div><div class="css-1q5omjq"><div class="css-fcebb8"><div data-testid="atc-compact" class="css-y94ivq" style="width: 45px;"><button type="button" class="chakra-button css-mudsm6" data-testid="atc-button"><svg stroke="currentColor" fill="currentColor" stroke-width="0" viewBox="0 0 24 24" focusable="false" class="chakra-icon css-1g3sp7a" data-testid="btn-icon" aria-hidden="true" height="1em" width="1em" xmlns="http://www.w3.org/2000/svg"><path d="M19 13h-6v6h-2v-6H5v-2h6V5h2v6h6v2z"></path></svg><span class="css-idkz9h">Add Cream Cheese Filled Croissant to cart</span></button></div></div></div></div></div></div><div class="css-0"><div class="css-f5i5wc"><div class="chakra-linkbox css-vhnn8v"><div data-testid="product-image" class="css-16dr4ly"><img alt="Grandmother's Bake Shoppe Butter Tarts Plain 765 g, $0.92/100g" src="https://assets.shop.loblaws.ca/products/21493396/b3/en/front/21493396_front_a06_@2.png" srcset="https://assets.shop.loblaws.ca/products/21493396/b3/en/front/21493396_front_a06_@2.png 1x, https://assets.shop.loblaws.ca/products/21493396/b3/en/front/21493396_front_a06_@2.png 2x" loading="lazy" class="chakra-image css-oguq8l" aria-hidden="true"></div><div class="css-qoklea"><div class="css-12dchmx"></div><div data-testid="price-product-tile" class="css-8atqhb"><p class="chakra-text css-0"><span class="chakra-text css-pwnbcb" data-testid="regular-price"><span class="css-idkz9h">$7.00</span>$7.00</span></p></div><a href="/butter-tarts-plain/p/21493396_EA?source=nspt" class="chakra-linkbox__overlay css-1hnz6hu"><div class="css-0"><p class="chakra-text css-1ecdp9w" data-testid="product-brand">Grandmother's Bake Shoppe</p><h3 class="chakra-heading css-6qrhwc" id="21493396_EA" data-testid="product-title">Butter Tarts Plain</h3><p class="chakra-text css-1yftjin" data-testid="product-package-size">765 g, $0.92/100g</p></div></a><div class="css-8keand"></div></div><div class="css-1q5omjq"><div class="css-fcebb8"><div data-testid="atc-compact" class="css-y94ivq" style="width: 45px;"><button type="button" class="chakra-button css-mudsm6" data-testid="atc-button"><svg stroke="currentColor" fill="currentColor" stroke-width="0" viewBox="0 0 24 24" focusable="false" class="chakra-icon css-1g3sp7a" data-testid="btn-icon" aria-hidden="true" height="1em" width="1em" xmlns="http://www.w3.org/2000/svg"><path d="M19 13h-6v6h-2v-6H5v-2h6V5h2v6h6v2z"></path></svg><span class="css-idkz9h">Add Butter Tarts Plain to cart</span></button></div></div></div></div></div></div><div class="css-0"><div class="css-f5i5wc"><div class="chakra-linkbox css-vhnn8v"><div data-testid="product-image" class="css-16dr4ly"><img alt="Old Mill Blueberry Pie 8 Inch 550 g, $0.82/100g" src="https://assets.shop.loblaws.ca/products/21339520/b3/en/front/21339520_front_a06_@2.png" srcset="https://assets.shop.loblaws.ca/products/21339520/b3/en/front/21339520_front_a06_@2.png 1x, https://assets.shop.loblaws.ca/products/21339520/b3/en/front/21339520_front_a06_@2.png 2x" loading="lazy" class="chakra-image css-oguq8l" aria-hidden="true"></div><div class="css-qoklea"><div class="css-12dchmx"></div><div data-testid="price-product-tile" class="css-8atqhb"><p class="chakra-text css-0"><span class="chakra-text css-pwnbcb" data-testid="regular-price"><span class="css-idkz9h">$4.50</span>$4.50</span></p></div><a href="/blueberry-pie-8-inch/p/21339520_EA?source=nspt" class="chakra-linkbox__overlay css-1hnz6hu"><div class="css-0"><p class="chakra-text css-1ecdp9w" data-testid="product-brand">Old Mill</p><h3 class="chakra-heading css-6qrhwc" id="21339520_EA" data-testid="product-title">Blueberry Pie 8 Inch</h3><p class="chakra-text css-1yftjin" data-testid="product-package-size">550 g, $0.82/100g</p></div></a><div class="css-8keand"></div></div><div class="css-1q5omjq"><div class="css-fcebb8"><div data-testid="atc-compact" class="css-y94ivq" style="width: 45px;"><button type="button" class="chakra-button css-mudsm6" data-testid="atc-button"><svg stroke="currentColor" fill="currentColor" stroke-width="0" viewBox="0 0 24 24" focusable="false" class="chakra-icon css-1g3sp7a" data-testid="btn-icon" aria-hidden="true" height="1em" width="1em" xmlns="http://www.w3.org/2000/svg"><path d="M19 13h-6v6h-2v-6H5v-2h6V5h2v6h6v2z"></path></svg><span class="css-idkz9h">Add Blueberry Pie 8 Inch to cart</span></button></div></div></div></div></div></div><div class="css-0"><div class="css-f5i5wc"><div class="chakra-linkbox css-vhnn8v"><div data-testid="product-image" class="css-16dr4ly"><img alt="null Old Fashioned Cherry Pie 114 g, $1.32/100g" src="https://assets.shop.loblaws.ca/products/21345434/b3/en/front/21345434_front_a06_@2.png" srcset="https://assets.shop.loblaws.ca/products/21345434/b3/en/front/21345434_front_a06_@2.png 1x, https://assets.shop.loblaws.ca/products/21345434/b3/en/front/21345434_front_a06_@2.png 2x" loading="lazy" class="chakra-image css-oguq8l" aria-hidden="true"></div><div class="css-qoklea"><div class="css-12dchmx"></div><div data-testid="price-product-tile" class="css-8atqhb"><p class="chakra-text css-0"><span class="chakra-text css-pwnbcb" data-testid="regular-price"><span class="css-idkz9h">$1.50</span>$1.50</span></p></div><a href="/old-fashioned-cherry-pie/p/21345434_EA?source=nspt" class="chakra-linkbox__overlay css-1hnz6hu"><div class="css-0"><h3 class="chakra-heading css-6qrhwc" id="21345434_EA" data-testid="product-title">Old Fashioned Cherry Pie</h3><p class="chakra-text css-1yftjin" data-testid="product-package-size">114 g, $1.32/100g</p></div></a><div class="css-8keand"></div></div><div class="css-1q5omjq"><div class="css-fcebb8"><div data-testid="atc-compact" class="css-y94ivq" style="width: 45px;"><button type="button" class="chakra-button css-mudsm6" data-testid="atc-button"><svg stroke="currentColor" fill="currentColor" stroke-width="0" viewBox="0 0 24 24" focusable="false" class="chakra-icon css-1g3sp7a" data-testid="btn-icon" aria-hidden="true" height="1em" width="1em" xmlns="http://www.w3.org/2000/svg"><path d="M19 13h-6v6h-2v-6H5v-2h6V5h2v6h6v2z"></path></svg><span class="css-idkz9h">Add Old Fashioned Cherry Pie to cart</span></button></div></div></div></div></div></div><div class="css-0"><div class="css-f5i5wc"><div class="chakra-linkbox css-vhnn8v"><div data-testid="product-image" class="css-16dr4ly"><img alt="Baxters Quinn's Vanilla Raspberry Cream 6x67.0 g, $1.49/100g" src="https://assets.shop.loblaws.ca/products/21392536/b3/en/front/21392536_front_a06_@2.png" srcset="https://assets.shop.loblaws.ca/products/21392536/b3/en/front/21392536_front_a06_@2.png 1x, https://assets.shop.loblaws.ca/products/21392536/b3/en/front/21392536_front_a06_@2.png 2x" loading="lazy" class="chakra-image css-oguq8l" aria-hidden="true"></div><div class="css-qoklea"><div class="css-12dchmx"></div><div data-testid="price-product-tile" class="css-8atqhb"><p class="chakra-text css-0"><span class="chakra-text css-pwnbcb" data-testid="regular-price"><span class="css-idkz9h">$6.00</span>$6.00</span></p></div><a href="/quinn-s-vanilla-raspberry-cream/p/21392536_EA?source=nspt" class="chakra-linkbox__overlay css-1hnz6hu"><div class="css-0"><p class="chakra-text css-1ecdp9w" data-testid="product-brand">Baxters</p><h3 class="chakra-heading css-6qrhwc" id="21392536_EA" data-testid="product-title">Quinn's Vanilla Raspberry Cream</h3><p class="chakra-text css-1yftjin" data-testid="product-package-size">6x67.0 g, $1.49/100g</p></div></a><div class="css-8keand"></div></div><div class="css-1q5omjq"><div class="css-fcebb8"><div data-testid="atc-compact" class="css-y94ivq" style="width: 45px;"><button type="button" class="chakra-button css-mudsm6" data-testid="atc-button"><svg stroke="currentColor" fill="currentColor" stroke-width="0" viewBox="0 0 24 24" focusable="false" class="chakra-icon css-1g3sp7a" data-testid="btn-icon" aria-hidden="true" height="1em" width="1em" xmlns="http://www.w3.org/2000/svg"><path d="M19 13h-6v6h-2v-6H5v-2h6V5h2v6h6v2z"></path></svg><span class="css-idkz9h">Add Quinn's Vanilla Raspberry Cream to cart</span></button></div></div></div></div></div></div><div class="css-0"><div class="css-f5i5wc"><div class="chakra-linkbox css-vhnn8v"><div data-testid="product-image" class="css-16dr4ly"><img alt="Farmer's Market Oatmeal Raisin Cookies 798 g, $1.00/100g" src="https://assets.shop.loblaws.ca/products/20566120/b3/en/front/20566120_front_a06_@2.png" srcset="https://assets.shop.loblaws.ca/products/20566120/b3/en/front/20566120_front_a06_@2.png 1x, https://assets.shop.loblaws.ca/products/20566120/b3/en/front/20566120_front_a06_@2.png 2x" loading="lazy" class="chakra-image css-oguq8l" aria-hidden="true"></div><div class="css-qoklea"><div class="css-12dchmx"></div><div data-testid="price-product-tile" class="css-8atqhb"><p class="chakra-text css-0"><span class="chakra-text css-pwnbcb" data-testid="regular-price"><span class="css-idkz9h">$8.00</span>$8.00</span></p></div><a href="/oatmeal-raisin-cookies/p/20566120_EA?source=nspt" class="chakra-linkbox__overlay css-1hnz6hu"><div class="css-0"><p class="chakra-text css-1ecdp9w" data-testid="product-brand">Farmer's Market</p><h3 class="chakra-heading css-6qrhwc" id="20566120_EA" data-testid="product-title">Oatmeal Raisin Cookies</h3><p class="chakra-text css-1yftjin" data-testid="product-package-size">798 g, $1.00/100g</p></div></a><div class="css-8keand"></div></div><div class="css-1q5omjq"><div class="css-fcebb8"><div data-testid="atc-compact" class="css-y94ivq" style="width: 45px;"><button type="button" class="chakra-button css-mudsm6" data-testid="atc-button"><svg stroke="currentColor" fill="currentColor" stroke-width="0" viewBox="0 0 24 24" focusable="false" class="chakra-icon css-1g3sp7a" data-testid="btn-icon" aria-hidden="true" height="1em" width="1em" xmlns="http://www.w3.org/2000/svg"><path d="M19 13h-6v6h-2v-6H5v-2h6V5h2v6h6v2z"></path></svg><span class="css-idkz9h">Add Oatmeal Raisin Cookies to cart</span></button></div></div></div></div></div></div><div class="css-0"><div class="css-f5i5wc"><div class="chakra-linkbox css-vhnn8v"><div data-testid="product-image" class="css-16dr4ly"><img alt="null Apple Turnover 20x360.0 g, $0.83/100g" src="https://assets.shop.loblaws.ca/products/21549373/b3/en/front/21549373_front_a06_@2.png" srcset="https://assets.shop.loblaws.ca/products/21549373/b3/en/front/21549373_front_a06_@2.png 1x, https://assets.shop.loblaws.ca/products/21549373/b3/en/front/21549373_front_a06_@2.png 2x" loading="lazy" class="chakra-image css-oguq8l" aria-hidden="true"></div><div class="css-qoklea"><div class="css-12dchmx"></div><div data-testid="price-product-tile" class="css-8atqhb"><p class="chakra-text css-0"><span class="chakra-text css-pwnbcb" data-testid="regular-price"><span class="css-idkz9h">$3.00</span>$3.00</span></p></div><a href="/apple-turnover/p/21549373_EA?source=nspt" class="chakra-linkbox__overlay css-1hnz6hu"><div class="css-0"><h3 class="chakra-heading css-6qrhwc" id="21549373_EA" data-testid="product-title">Apple Turnover</h3><p class="chakra-text css-1yftjin" data-testid="product-package-size">20x360.0 g, $0.83/100g</p></div></a><div class="css-8keand"></div></div><div class="css-1q5omjq"><div class="css-fcebb8"><div data-testid="atc-compact" class="css-y94ivq" style="width: 45px;"><button type="button" class="chakra-button css-mudsm6" data-testid="atc-button"><svg stroke="currentColor" fill="currentColor" stroke-width="0" viewBox="0 0 24 24" focusable="false" class="chakra-icon css-1g3sp7a" data-testid="btn-icon" aria-hidden="true" height="1em" width="1em" xmlns="http://www.w3.org/2000/svg"><path d="M19 13h-6v6h-2v-6H5v-2h6V5h2v6h6v2z"></path></svg><span class="css-idkz9h">Add Apple Turnover to cart</span></button></div></div></div></div></div></div><div class="css-0"><div class="css-f5i5wc"><div class="chakra-linkbox css-vhnn8v"><div data-testid="product-image" class="css-16dr4ly"><img alt="null Treat Shop Chocolate Souffl Sweet Middles 220 g, $2.27/100g" src="https://assets.shop.loblaws.ca/products/21590230/b3/en/front/21590230_front_a06_@2.png" srcset="https://assets.shop.loblaws.ca/products/21590230/b3/en/front/21590230_front_a06_@2.png 1x, https://assets.shop.loblaws.ca/products/21590230/b3/en/front/21590230_front_a06_@2.png 2x" loading="lazy" class="chakra-image css-oguq8l" aria-hidden="true"></div><div class="css-qoklea"><div class="css-12dchmx"></div><div data-testid="price-product-tile" class="css-8atqhb"><p class="chakra-text css-0"><span class="chakra-text css-pwnbcb" data-testid="regular-price"><span class="css-idkz9h">$5.00</span>$5.00</span></p></div><a href="/treat-shop-chocolate-souffl-sweet-middles/p/21590230_EA?source=nspt" class="chakra-linkbox__overlay css-1hnz6hu"><div class="css-0"><h3 class="chakra-heading css-6qrhwc" id="21590230_EA" data-testid="product-title">Treat Shop Chocolate Souffl Sweet Middles</h3><p class="chakra-text css-1yftjin" data-testid="product-package-size">220 g, $2.27/100g</p></div></a><div class="css-8keand"></div></div><div class="css-1q5omjq"><div class="css-fcebb8"><div data-testid="atc-compact" class="css-y94ivq" style="width: 45px;"><button type="button" class="chakra-button css-mudsm6" data-testid="atc-button"><svg stroke="currentColor" fill="currentColor" stroke-width="0" viewBox="0 0 24 24" focusable="false" class="chakra-icon css-1g3sp7a" data-testid="btn-icon" aria-hidden="true" height="1em" width="1em" xmlns="http://www.w3.org/2000/svg"><path d="M19 13h-6v6h-2v-6H5v-2h6V5h2v6h6v2z"></path></svg><span class="css-idkz9h">Add Treat Shop Chocolate Souffl Sweet Middles to cart</span></button></div></div></div></div></div></div><div class="css-0"><div class="css-f5i5wc"><div class="chakra-linkbox css-vhnn8v"><div data-testid="product-image" class="css-16dr4ly"><img alt="T&amp;T Custard Bun 90 g, $1.10/100g" src="https://assets.shop.loblaws.ca/products/20334565/b3/en/front/20334565_front_a06_@2.png" srcset="https://assets.shop.loblaws.ca/products/20334565/b3/en/front/20334565_front_a06_@2.png 1x, https://assets.shop.loblaws.ca/products/20334565/b3/en/front/20334565_front_a06_@2.png 2x" loading="lazy" class="chakra-image css-oguq8l" aria-hidden="true"></div><div class="css-qoklea"><div class="css-12dchmx"></div><div data-testid="price-product-tile" class="css-8atqhb"><p class="chakra-text css-0"><span class="chakra-text css-pwnbcb" data-testid="regular-price"><span class="css-idkz9h">$0.99</span>$0.99</span></p></div><a href="/custard-bun/p/20334565_EA?source=nspt" class="chakra-linkbox__overlay css-1hnz6hu"><div class="css-0"><p class="chakra-text css-1ecdp9w" data-testid="product-brand">T&amp;T</p><h3 class="chakra-heading css-6qrhwc" id="20334565_EA" data-testid="product-title">Custard Bun</h3><p class="chakra-text css-1yftjin" data-testid="product-package-size">90 g, $1.10/100g</p></div></a><div class="css-8keand"></div></div><div class="css-1q5omjq"><div class="css-fcebb8"><div data-testid="atc-compact" class="css-y94ivq" style="width: 45px;"><button disabled="" type="button" class="chakra-button css-mudsm6" data-testid="atc-button"><svg stroke="currentColor" fill="currentColor" stroke-width="0" viewBox="0 0 24 24" focusable="false" class="chakra-icon css-1g3sp7a" data-testid="btn-icon" aria-hidden="true" height="1em" width="1em" xmlns="http://www.w3.org/2000/svg"><path d="M19 13h-6v6h-2v-6H5v-2h6V5h2v6h6v2z"></path></svg><span class="css-idkz9h">Add Custard Bun to cart</span></button></div></div><div class="css-4saf4a"><p class="chakra-text css-py8788" data-testid="inventory-badge-text">Out of Stock</p></div></div></div></div></div><div class="css-0"><div class="css-f5i5wc"><div class="chakra-linkbox css-vhnn8v"><div data-testid="product-image" class="css-16dr4ly"><img alt="T&amp;T Mini Butter Cookies 160 g, $1.78/100g" src="https://assets.shop.loblaws.ca/products/20663099/b3/en/front/20663099_front_a06_@2.png" srcset="https://assets.shop.loblaws.ca/products/20663099/b3/en/front/20663099_front_a06_@2.png 1x, https://assets.shop.loblaws.ca/products/20663099/b3/en/front/20663099_front_a06_@2.png 2x" loading="lazy" class="chakra-image css-oguq8l" aria-hidden="true"></div><div class="css-qoklea"><div class="css-12dchmx"></div><div data-testid="price-product-tile" class="css-8atqhb"><p class="chakra-text css-0"><span class="chakra-text css-pwnbcb" data-testid="regular-price"><span class="css-idkz9h">$2.99</span>$2.99</span></p></div><a href="/mini-butter-cookies/p/20663099_EA?source=nspt" class="chakra-linkbox__overlay css-1hnz6hu"><div class="css-0"><p class="chakra-text css-1ecdp9w" data-testid="product-brand">T&amp;T</p><h3 class="chakra-heading css-6qrhwc" id="20663099_EA" data-testid="product-title">Mini Butter Cookies</h3><p class="chakra-text css-1yftjin" data-testid="product-package-size">160 g, $1.78/100g</p></div></a><div class="css-8keand"></div></div><div class="css-1q5omjq"><div class="css-fcebb8"><div data-testid="atc-compact" class="css-y94ivq" style="width: 45px;"><button disabled="" type="button" class="chakra-button css-mudsm6" data-testid="atc-button"><svg stroke="currentColor" fill="currentColor" stroke-width="0" viewBox="0 0 24 24" focusable="false" class="chakra-icon css-1g3sp7a" data-testid="btn-icon" aria-hidden="true" height="1em" width="1em" xmlns="http://www.w3.org/2000/svg"><path d="M19 13h-6v6h-2v-6H5v-2h6V5h2v6h6v2z"></path></svg><span class="css-idkz9h">Add Mini Butter Cookies to cart</span></button></div></div><div class="css-4saf4a"><p class="chakra-text css-py8788" data-testid="inventory-badge-text">Out of Stock</p></div></div></div></div></div><div class="css-0"><div class="css-f5i5wc"><div class="chakra-linkbox css-vhnn8v"><div data-testid="product-image" class="css-16dr4ly"><img alt="Weight Watchers Chocolate Crme Cake 162 g, $1.85/100g" src="https://assets.shop.loblaws.ca/products/20846026/b3/en/front/20846026_front_a06_@2.png" srcset="https://assets.shop.loblaws.ca/products/20846026/b3/en/front/20846026_front_a06_@2.png 1x, https://assets.shop.loblaws.ca/products/20846026/b3/en/front/20846026_front_a06_@2.png 2x" loading="lazy" class="chakra-image css-oguq8l" aria-hidden="true"></div><div class="css-qoklea"><div class="css-12dchmx"></div><div data-testid="price-product-tile" class="css-8atqhb"><p class="chakra-text css-0"><span class="chakra-text css-pwnbcb" data-testid="regular-price"><span class="css-idkz9h">$2.99</span>$2.99</span></p></div><a href="/chocolate-cr-me-cake/p/20846026_EA?source=nspt" class="chakra-linkbox__overlay css-1hnz6hu"><div class="css-0"><p class="chakra-text css-1ecdp9w" data-testid="product-brand">Weight Watchers</p><h3 class="chakra-heading css-6qrhwc" id="20846026_EA" data-testid="product-title">Chocolate Crme Cake</h3><p class="chakra-text css-1yftjin" data-testid="product-package-size">162 g, $1.85/100g</p></div></a><div class="css-8keand"></div></div><div class="css-1q5omjq"><div class="css-fcebb8"><div data-testid="atc-compact" class="css-y94ivq" style="width: 45px;"><button disabled="" type="button" class="chakra-button css-mudsm6" data-testid="atc-button"><svg stroke="currentColor" fill="currentColor" stroke-width="0" viewBox="0 0 24 24" focusable="false" class="chakra-icon css-1g3sp7a" data-testid="btn-icon" aria-hidden="true" height="1em" width="1em" xmlns="http://www.w3.org/2000/svg"><path d="M19 13h-6v6h-2v-6H5v-2h6V5h2v6h6v2z"></path></svg><span class="css-idkz9h">Add Chocolate Crme Cake to cart</span></button></div></div><div class="css-4saf4a"><p class="chakra-text css-py8788" data-testid="inventory-badge-text">Out of Stock</p></div></div></div></div></div><div class="css-0"><div class="css-f5i5wc"><div class="chakra-linkbox css-vhnn8v"><div data-testid="product-image" class="css-16dr4ly"><img alt="Delcato Petit Fours Chocolate Seashell 345 g, $2.90/100g" src="https://assets.shop.loblaws.ca/products/21194211/b3/en/front/21194211_front_a06_@2.png" srcset="https://assets.shop.loblaws.ca/products/21194211/b3/en/front/21194211_front_a06_@2.png 1x, https://assets.shop.loblaws.ca/products/21194211/b3/en/front/21194211_front_a06_@2.png 2x" loading="lazy" class="chakra-image css-oguq8l" aria-hidden="true"></div><div class="css-qoklea"><div class="css-12dchmx"></div><div data-testid="price-product-tile" class="css-8atqhb"><p class="chakra-text css-0"><span class="chakra-text css-pwnbcb" data-testid="regular-price"><span class="css-idkz9h">$9.99</span>$9.99</span></p></div><a href="/petit-fours-chocolate-seashell/p/21194211_EA?source=nspt" class="chakra-linkbox__overlay css-1hnz6hu"><div class="css-0"><p class="chakra-text css-1ecdp9w" data-testid="product-brand">Delcato</p><h3 class="chakra-heading css-6qrhwc" id="21194211_EA" data-testid="product-title">Petit Fours Chocolate Seashell</h3><p class="chakra-text css-1yftjin" data-testid="product-package-size">345 g, $2.90/100g</p></div></a><div class="css-8keand"></div></div><div class="css-1q5omjq"><div class="css-fcebb8"><div data-testid="atc-compact" class="css-y94ivq" style="width: 45px;"><button type="button" class="chakra-button css-mudsm6" data-testid="atc-button"><svg stroke="currentColor" fill="currentColor" stroke-width="0" viewBox="0 0 24 24" focusable="false" class="chakra-icon css-1g3sp7a" data-testid="btn-icon" aria-hidden="true" height="1em" width="1em" xmlns="http://www.w3.org/2000/svg"><path d="M19 13h-6v6h-2v-6H5v-2h6V5h2v6h6v2z"></path></svg><span class="css-idkz9h">Add Petit Fours Chocolate Seashell to cart</span></button></div></div></div></div></div></div><div class="css-0"><div class="css-f5i5wc"><div class="chakra-linkbox css-vhnn8v"><div data-testid="product-image" class="css-16dr4ly"><img alt="Surati Punjabi Biscuits Gur 1.136 kg, $0.62/100g" src="https://assets.shop.loblaws.ca/products/20694637/b3/en/front/20694637_front_a06_@2.png" srcset="https://assets.shop.loblaws.ca/products/20694637/b3/en/front/20694637_front_a06_@2.png 1x, https://assets.shop.loblaws.ca/products/20694637/b3/en/front/20694637_front_a06_@2.png 2x" loading="lazy" class="chakra-image css-oguq8l" aria-hidden="true"></div><div class="css-qoklea"><div class="css-12dchmx"></div><div data-testid="price-product-tile" class="css-8atqhb"><p class="chakra-text css-0"><span class="chakra-text css-pwnbcb" data-testid="regular-price"><span class="css-idkz9h">$6.99</span>$6.99</span></p></div><a href="/punjabi-biscuits-gur/p/20694637_EA?source=nspt" class="chakra-linkbox__overlay css-1hnz6hu"><div class="css-0"><p class="chakra-text css-1ecdp9w" data-testid="product-brand">Surati</p><h3 class="chakra-heading css-6qrhwc" id="20694637_EA" data-testid="product-title">Punjabi Biscuits Gur</h3><p class="chakra-text css-1yftjin" data-testid="product-package-size">1.136 kg, $0.62/100g</p></div></a><div class="css-8keand"></div></div><div class="css-1q5omjq"><div class="css-fcebb8"><div data-testid="atc-compact" class="css-y94ivq" style="width: 45px;"><button disabled="" type="button" class="chakra-button css-mudsm6" data-testid="atc-button"><svg stroke="currentColor" fill="currentColor" stroke-width="0" viewBox="0 0 24 24" focusable="false" class="chakra-icon css-1g3sp7a" data-testid="btn-icon" aria-hidden="true" height="1em" width="1em" xmlns="http://www.w3.org/2000/svg"><path d="M19 13h-6v6h-2v-6H5v-2h6V5h2v6h6v2z"></path></svg><span class="css-idkz9h">Add Punjabi Biscuits Gur to cart</span></button></div></div><div class="css-4saf4a"><p class="chakra-text css-py8788" data-testid="inventory-badge-text">Out of Stock</p></div></div></div></div></div><div class="css-0"><div class="css-f5i5wc"><div class="chakra-linkbox css-vhnn8v"><div data-testid="product-image" class="css-16dr4ly"><img alt="McCain Deep'n Delicious Chocolate Cake 510 g, $1.47/100g" src="https://assets.shop.loblaws.ca/products/20310132002/b3/en/front/20310132002_front_a06_@2.png" srcset="https://assets.shop.loblaws.ca/products/20310132002/b3/en/front/20310132002_front_a06_@2.png 1x, https://assets.shop.loblaws.ca/products/20310132002/b3/en/front/20310132002_front_a06_@2.png 2x" loading="lazy" class="chakra-image css-oguq8l" aria-hidden="true"></div><div class="css-qoklea"><div class="css-12dchmx"></div><div data-testid="price-product-tile" class="css-8atqhb"><p class="chakra-text css-0"><span class="chakra-text css-pwnbcb" data-testid="regular-price"><span class="css-idkz9h">$7.49</span>$7.49</span></p></div><a href="/deep-n-delicious-chocolate-cake/p/20310132002_EA?source=nspt" class="chakra-linkbox__overlay css-1hnz6hu"><div class="css-0"><p class="chakra-text css-1ecdp9w" data-testid="product-brand">McCain</p><h3 class="chakra-heading css-6qrhwc" id="20310132002_EA" data-testid="product-title">Deep'n Delicious Chocolate Cake</h3><p class="chakra-text css-1yftjin" data-testid="product-package-size">510 g, $1.47/100g</p></div></a><div class="css-8keand"></div></div><div class="css-1q5omjq"><div class="css-fcebb8"><div data-testid="atc-compact" class="css-y94ivq" style="width: 45px;"><button type="button" class="chakra-button css-mudsm6" data-testid="atc-button"><svg stroke="currentColor" fill="currentColor" stroke-width="0" viewBox="0 0 24 24" focusable="false" class="chakra-icon css-1g3sp7a" data-testid="btn-icon" aria-hidden="true" height="1em" width="1em" xmlns="http://www.w3.org/2000/svg"><path d="M19 13h-6v6h-2v-6H5v-2h6V5h2v6h6v2z"></path></svg><span class="css-idkz9h">Add Deep'n Delicious Chocolate Cake to cart</span></button></div></div></div></div></div></div><div class="css-0"><div class="css-f5i5wc"><div class="chakra-linkbox css-vhnn8v"><div data-testid="product-image" class="css-16dr4ly"><img alt="President's Choice Chocolate Cupcake Filled with Chocolate Ice Cream 4x100.0 ml, $2.00/100ml" src="https://assets.shop.loblaws.ca/products/21549040/b3/en/front/21549040_front_a06_@2.png" srcset="https://assets.shop.loblaws.ca/products/21549040/b3/en/front/21549040_front_a06_@2.png 1x, https://assets.shop.loblaws.ca/products/21549040/b3/en/front/21549040_front_a06_@2.png 2x" loading="lazy" class="chakra-image css-oguq8l" aria-hidden="true"></div><div class="css-qoklea"><div class="css-12dchmx"></div><div data-testid="price-product-tile" class="css-8atqhb"><p class="chakra-text css-0"><span class="chakra-text css-pwnbcb" data-testid="regular-price"><span class="css-idkz9h">$7.99</span>$7.99</span></p></div><a href="/chocolate-cupcake-filled-with-chocolate-ice-cream/p/21549040_EA?source=nspt" class="chakra-linkbox__overlay css-1hnz6hu"><div class="css-0"><p class="chakra-text css-1ecdp9w" data-testid="product-brand">President's Choice</p><h3 class="chakra-heading css-6qrhwc" id="21549040_EA" data-testid="product-title">Chocolate Cupcake Filled with Chocolate Ice Cream</h3><p class="chakra-text css-1yftjin" data-testid="product-package-size">4x100.0 ml, $2.00/100ml</p></div></a><div class="css-8keand"></div></div><div class="css-1q5omjq"><div class="css-fcebb8"><div data-testid="atc-compact" class="css-y94ivq" style="width: 45px;"><button type="button" class="chakra-button css-mudsm6" data-testid="atc-button"><svg stroke="currentColor" fill="currentColor" stroke-width="0" viewBox="0 0 24 24" focusable="false" class="chakra-icon css-1g3sp7a" data-testid="btn-icon" aria-hidden="true" height="1em" width="1em" xmlns="http://www.w3.org/2000/svg"><path d="M19 13h-6v6h-2v-6H5v-2h6V5h2v6h6v2z"></path></svg><span class="css-idkz9h">Add Chocolate Cupcake Filled with Chocolate Ice Cream to cart</span></button></div></div></div></div></div></div><div class="css-0"><div class="css-f5i5wc"><div class="chakra-linkbox css-vhnn8v"><div data-testid="product-image" class="css-16dr4ly"><img alt="President's Choice Cherry-Topped New York-Style Cheesecake 600 g, $1.83/100g" src="https://assets.shop.loblaws.ca/products/20147627/b3/en/front/20147627_front_a06_@2.png" srcset="https://assets.shop.loblaws.ca/products/20147627/b3/en/front/20147627_front_a06_@2.png 1x, https://assets.shop.loblaws.ca/products/20147627/b3/en/front/20147627_front_a06_@2.png 2x" loading="lazy" class="chakra-image css-oguq8l" aria-hidden="true"></div><div class="css-qoklea"><div class="css-12dchmx"></div><div data-testid="price-product-tile" class="css-8atqhb"><p class="chakra-text css-0"><span class="chakra-text css-pwnbcb" data-testid="regular-price"><span class="css-idkz9h">$11.00</span>$11.00</span></p></div><a href="/cherry-topped-new-york-style-cheesecake/p/20147627_EA?source=nspt" class="chakra-linkbox__overlay css-1hnz6hu"><div class="css-0"><p class="chakra-text css-1ecdp9w" data-testid="product-brand">President's Choice</p><h3 class="chakra-heading css-6qrhwc" id="20147627_EA" data-testid="product-title">Cherry-Topped New York-Style Cheesecake</h3><p class="chakra-text css-1yftjin" data-testid="product-package-size">600 g, $1.83/100g</p></div></a><div class="css-8keand"></div></div><div class="css-1q5omjq"><div class="css-fcebb8"><div data-testid="atc-compact" class="css-y94ivq" style="width: 45px;"><button type="button" class="chakra-button css-mudsm6" data-testid="atc-button"><svg stroke="currentColor" fill="currentColor" stroke-width="0" viewBox="0 0 24 24" focusable="false" class="chakra-icon css-1g3sp7a" data-testid="btn-icon" aria-hidden="true" height="1em" width="1em" xmlns="http://www.w3.org/2000/svg"><path d="M19 13h-6v6h-2v-6H5v-2h6V5h2v6h6v2z"></path></svg><span class="css-idkz9h">Add Cherry-Topped New York-Style Cheesecake to cart</span></button></div></div></div></div></div></div><div class="css-0"><div class="css-f5i5wc"><div class="chakra-linkbox css-vhnn8v"><div data-testid="product-image" class="css-16dr4ly"><img alt="President's Choice Chocolate Brownie Cheesecake with Ganache Topping 600 g, $1.83/100g" src="https://assets.shop.loblaws.ca/products/20299699/b3/en/front/20299699_front_a06_@2.png" srcset="https://assets.shop.loblaws.ca/products/20299699/b3/en/front/20299699_front_a06_@2.png 1x, https://assets.shop.loblaws.ca/products/20299699/b3/en/front/20299699_front_a06_@2.png 2x" loading="lazy" class="chakra-image css-oguq8l" aria-hidden="true"></div><div class="css-qoklea"><div class="css-12dchmx"></div><div data-testid="price-product-tile" class="css-8atqhb"><p class="chakra-text css-0"><span class="chakra-text css-pwnbcb" data-testid="regular-price"><span class="css-idkz9h">$11.00</span>$11.00</span></p></div><a href="/chocolate-brownie-cheesecake-with-ganache-topping/p/20299699_EA?source=nspt" class="chakra-linkbox__overlay css-1hnz6hu"><div class="css-0"><p class="chakra-text css-1ecdp9w" data-testid="product-brand">President's Choice</p><h3 class="chakra-heading css-6qrhwc" id="20299699_EA" data-testid="product-title">Chocolate Brownie Cheesecake with Ganache Topping</h3><p class="chakra-text css-1yftjin" data-testid="product-package-size">600 g, $1.83/100g</p></div></a><div class="css-8keand"></div></div><div class="css-1q5omjq"><div class="css-fcebb8"><div data-testid="atc-compact" class="css-y94ivq" style="width: 45px;"><button type="button" class="chakra-button css-mudsm6" data-testid="atc-button"><svg stroke="currentColor" fill="currentColor" stroke-width="0" viewBox="0 0 24 24" focusable="false" class="chakra-icon css-1g3sp7a" data-testid="btn-icon" aria-hidden="true" height="1em" width="1em" xmlns="http://www.w3.org/2000/svg"><path d="M19 13h-6v6h-2v-6H5v-2h6V5h2v6h6v2z"></path></svg><span class="css-idkz9h">Add Chocolate Brownie Cheesecake with Ganache Topping to cart</span></button></div></div></div></div></div></div><div class="css-0"><div class="css-f5i5wc"><div class="chakra-linkbox css-vhnn8v"><div data-testid="product-image" class="css-16dr4ly"><img alt="McCain Deep'n Delicious Coconut Vanilla Cake 510 g, $1.47/100g" src="https://assets.shop.loblaws.ca/products/21165478/b3/en/front/21165478_front_a06_@2.png" srcset="https://assets.shop.loblaws.ca/products/21165478/b3/en/front/21165478_front_a06_@2.png 1x, https://assets.shop.loblaws.ca/products/21165478/b3/en/front/21165478_front_a06_@2.png 2x" loading="lazy" class="chakra-image css-oguq8l" aria-hidden="true"></div><div class="css-qoklea"><div class="css-12dchmx"></div><div data-testid="price-product-tile" class="css-8atqhb"><p class="chakra-text css-0"><span class="chakra-text css-pwnbcb" data-testid="regular-price"><span class="css-idkz9h">$7.49</span>$7.49</span></p></div><a href="/deep-n-delicious-coconut-vanilla-cake/p/21165478_EA?source=nspt" class="chakra-linkbox__overlay css-1hnz6hu"><div class="css-0"><p class="chakra-text css-1ecdp9w" data-testid="product-brand">McCain</p><h3 class="chakra-heading css-6qrhwc" id="21165478_EA" data-testid="product-title">Deep'n Delicious Coconut Vanilla Cake</h3><p class="chakra-text css-1yftjin" data-testid="product-package-size">510 g, $1.47/100g</p></div></a><div class="css-8keand"></div></div><div class="css-1q5omjq"><div class="css-fcebb8"><div data-testid="atc-compact" class="css-y94ivq" style="width: 45px;"><button type="button" class="chakra-button css-mudsm6" data-testid="atc-button"><svg stroke="currentColor" fill="currentColor" stroke-width="0" viewBox="0 0 24 24" focusable="false" class="chakra-icon css-1g3sp7a" data-testid="btn-icon" aria-hidden="true" height="1em" width="1em" xmlns="http://www.w3.org/2000/svg"><path d="M19 13h-6v6h-2v-6H5v-2h6V5h2v6h6v2z"></path></svg><span class="css-idkz9h">Add Deep'n Delicious Coconut Vanilla Cake to cart</span></button></div></div></div></div></div></div><div class="css-0"><div class="css-f5i5wc"><div class="chakra-linkbox css-vhnn8v"><div data-testid="product-image" class="css-16dr4ly"><img alt="School Safe Muffin Bars Banana Chocolate Chip 296 g, $1.69/100g" src="https://assets.shop.loblaws.ca/products/21417380/b3/en/front/21417380_front_a06_@2.png" srcset="https://assets.shop.loblaws.ca/products/21417380/b3/en/front/21417380_front_a06_@2.png 1x, https://assets.shop.loblaws.ca/products/21417380/b3/en/front/21417380_front_a06_@2.png 2x" loading="lazy" class="chakra-image css-oguq8l" aria-hidden="true"></div><div class="css-qoklea"><div class="css-12dchmx"></div><div data-testid="price-product-tile" class="css-8atqhb"><p class="chakra-text css-0"><span class="chakra-text css-pwnbcb" data-testid="regular-price"><span class="css-idkz9h">$4.99</span>$4.99</span></p></div><a href="/muffin-bars-banana-chocolate-chip/p/21417380_EA?source=nspt" class="chakra-linkbox__overlay css-1hnz6hu"><div class="css-0"><p class="chakra-text css-1ecdp9w" data-testid="product-brand">School Safe</p><h3 class="chakra-heading css-6qrhwc" id="21417380_EA" data-testid="product-title">Muffin Bars Banana Chocolate Chip</h3><p class="chakra-text css-1yftjin" data-testid="product-package-size">296 g, $1.69/100g</p></div></a><div class="css-8keand"></div></div><div class="css-1q5omjq"><div class="css-fcebb8"><div data-testid="atc-compact" class="css-y94ivq" style="width: 45px;"><button type="button" class="chakra-button css-mudsm6" data-testid="atc-button"><svg stroke="currentColor" fill="currentColor" stroke-width="0" viewBox="0 0 24 24" focusable="false" class="chakra-icon css-1g3sp7a" data-testid="btn-icon" aria-hidden="true" height="1em" width="1em" xmlns="http://www.w3.org/2000/svg"><path d="M19 13h-6v6h-2v-6H5v-2h6V5h2v6h6v2z"></path></svg><span class="css-idkz9h">Add Muffin Bars Banana Chocolate Chip to cart</span></button></div></div></div></div></div></div><div class="css-0"><div class="css-f5i5wc"><div class="chakra-linkbox css-vhnn8v"><div data-testid="product-image" class="css-16dr4ly"><img alt="Sara Lee Little Bites Party Cake Muffins 234 g, $2.13/100g" src="https://assets.shop.loblaws.ca/products/21403214/b3/en/front/21403214_front_a06_@2.png" srcset="https://assets.shop.loblaws.ca/products/21403214/b3/en/front/21403214_front_a06_@2.png 1x, https://assets.shop.loblaws.ca/products/21403214/b3/en/front/21403214_front_a06_@2.png 2x" loading="lazy" class="chakra-image css-oguq8l" aria-hidden="true"></div><div class="css-qoklea"><div class="css-12dchmx"></div><div data-testid="price-product-tile" class="css-8atqhb"><p class="chakra-text css-0"><span class="chakra-text css-pwnbcb" data-testid="regular-price"><span class="css-idkz9h">$4.99</span>$4.99</span></p></div><a href="/little-bites-party-cake-muffins/p/21403214_EA?source=nspt" class="chakra-linkbox__overlay css-1hnz6hu"><div class="css-0"><p class="chakra-text css-1ecdp9w" data-testid="product-brand">Sara Lee</p><h3 class="chakra-heading css-6qrhwc" id="21403214_EA" data-testid="product-title">Little Bites Party Cake Muffins</h3><p class="chakra-text css-1yftjin" data-testid="product-package-size">234 g, $2.13/100g</p></div></a><div class="css-8keand"></div></div><div class="css-1q5omjq"><div class="css-fcebb8"><div data-testid="atc-compact" class="css-y94ivq" style="width: 45px;"><button type="button" class="chakra-button css-mudsm6" data-testid="atc-button"><svg stroke="currentColor" fill="currentColor" stroke-width="0" viewBox="0 0 24 24" focusable="false" class="chakra-icon css-1g3sp7a" data-testid="btn-icon" aria-hidden="true" height="1em" width="1em" xmlns="http://www.w3.org/2000/svg"><path d="M19 13h-6v6h-2v-6H5v-2h6V5h2v6h6v2z"></path></svg><span class="css-idkz9h">Add Little Bites Party Cake Muffins to cart</span></button></div></div></div></div></div></div><div class="css-0"><div class="css-f5i5wc"><div class="chakra-linkbox css-vhnn8v"><div data-testid="product-image" class="css-16dr4ly"><img alt="Kimberley's Bakeshoppe Vanilla  White Frosted 383 g, $0.00/100g" src="https://assets.shop.loblaws.ca/products/21389865/b3/en/front/21389865_front_a06_@2.png" srcset="https://assets.shop.loblaws.ca/products/21389865/b3/en/front/21389865_front_a06_@2.png 1x, https://assets.shop.loblaws.ca/products/21389865/b3/en/front/21389865_front_a06_@2.png 2x" loading="lazy" class="chakra-image css-oguq8l" aria-hidden="true"></div><div class="css-qoklea"><div class="css-12dchmx"></div><div data-testid="price-product-tile" class="css-8atqhb"><p class="chakra-text css-0"><span class="chakra-text css-pwnbcb" data-testid="regular-price"><span class="css-idkz9h">$4.00</span>$4.00</span></p></div><a href="/vanilla-white-frosted/p/21389865_EA?source=nspt" class="chakra-linkbox__overlay css-1hnz6hu"><div class="css-0"><p class="chakra-text css-1ecdp9w" data-testid="product-brand">Kimberley's Bakeshoppe</p><h3 class="chakra-heading css-6qrhwc" id="21389865_EA" data-testid="product-title">Vanilla  White Frosted</h3><p class="chakra-text css-1yftjin" data-testid="product-package-size">383 g, $0.00/100g</p></div></a><div class="css-8keand"></div></div><div class="css-1q5omjq"><div class="css-fcebb8"><div data-testid="atc-compact" class="css-y94ivq" style="width: 45px;"><button disabled="" type="button" class="chakra-button css-mudsm6" data-testid="atc-button"><svg stroke="currentColor" fill="currentColor" stroke-width="0" viewBox="0 0 24 24" focusable="false" class="chakra-icon css-1g3sp7a" data-testid="btn-icon" aria-hidden="true" height="1em" width="1em" xmlns="http://www.w3.org/2000/svg"><path d="M19 13h-6v6h-2v-6H5v-2h6V5h2v6h6v2z"></path></svg><span class="css-idkz9h">Add Vanilla  White Frosted to cart</span></button></div></div><div class="css-4saf4a"><p class="chakra-text css-py8788" data-testid="inventory-badge-text">Out of Stock</p></div></div></div></div></div><div class="css-0"><div class="css-f5i5wc"><div class="chakra-linkbox css-vhnn8v"><div data-testid="product-image" class="css-16dr4ly"><img alt="Farmer's Market Rhubarb Strawberry Pie 10 Inch 1 kg, $0.75/100g" src="https://assets.shop.loblaws.ca/products/21297366/b3/en/front/21297366_front_a06_@2.png" srcset="https://assets.shop.loblaws.ca/products/21297366/b3/en/front/21297366_front_a06_@2.png 1x, https://assets.shop.loblaws.ca/products/21297366/b3/en/front/21297366_front_a06_@2.png 2x" loading="lazy" class="chakra-image css-oguq8l" aria-hidden="true"></div><div class="css-qoklea"><div class="css-12dchmx"></div><div data-testid="price-product-tile" class="css-8atqhb"><p class="chakra-text css-0"><span class="chakra-text css-pwnbcb" data-testid="regular-price"><span class="css-idkz9h">$7.50</span>$7.50</span></p></div><a href="/rhubarb-strawberry-pie-10-inch/p/21297366_EA?source=nspt" class="chakra-linkbox__overlay css-1hnz6hu"><div class="css-0"><p class="chakra-text css-1ecdp9w" data-testid="product-brand">Farmer's Market</p><h3 class="chakra-heading css-6qrhwc" id="21297366_EA" data-testid="product-title">Rhubarb Strawberry Pie 10 Inch</h3><p class="chakra-text css-1yftjin" data-testid="product-package-size">1 kg, $0.75/100g</p></div></a><div class="css-8keand"></div></div><div class="css-1q5omjq"><div class="css-fcebb8"><div data-testid="atc-compact" class="css-y94ivq" style="width: 45px;"><button type="button" class="chakra-button css-mudsm6" data-testid="atc-button"><svg stroke="currentColor" fill="currentColor" stroke-width="0" viewBox="0 0 24 24" focusable="false" class="chakra-icon css-1g3sp7a" data-testid="btn-icon" aria-hidden="true" height="1em" width="1em" xmlns="http://www.w3.org/2000/svg"><path d="M19 13h-6v6h-2v-6H5v-2h6V5h2v6h6v2z"></path></svg><span class="css-idkz9h">Add Rhubarb Strawberry Pie 10 Inch to cart</span></button></div></div></div></div></div></div><div class="css-0"><div class="css-f5i5wc"><div class="chakra-linkbox css-vhnn8v"><div data-testid="product-image" class="css-16dr4ly"><img alt="null Blueberry Muffins 400 g, $1.00/100g" src="https://assets.shop.loblaws.ca/products/21557835/b3/en/front/21557835_front_a06_@2.png" srcset="https://assets.shop.loblaws.ca/products/21557835/b3/en/front/21557835_front_a06_@2.png 1x, https://assets.shop.loblaws.ca/products/21557835/b3/en/front/21557835_front_a06_@2.png 2x" loading="lazy" class="chakra-image css-oguq8l" aria-hidden="true"></div><div class="css-qoklea"><div class="css-12dchmx"></div><div data-testid="price-product-tile" class="css-8atqhb"><p class="chakra-text css-0"><span class="chakra-text css-pwnbcb" data-testid="regular-price"><span class="css-idkz9h">$4.00</span>$4.00</span></p></div><a href="/blueberry-muffins/p/21557835_EA?source=nspt" class="chakra-linkbox__overlay css-1hnz6hu"><div class="css-0"><h3 class="chakra-heading css-6qrhwc" id="21557835_EA" data-testid="product-title">Blueberry Muffins</h3><p class="chakra-text css-1yftjin" data-testid="product-package-size">400 g, $1.00/100g</p></div></a><div class="css-8keand"></div></div><div class="css-1q5omjq"><div class="css-fcebb8"><div data-testid="atc-compact" class="css-y94ivq" style="width: 45px;"><button type="button" class="chakra-button css-mudsm6" data-testid="atc-button"><svg stroke="currentColor" fill="currentColor" stroke-width="0" viewBox="0 0 24 24" focusable="false" class="chakra-icon css-1g3sp7a" data-testid="btn-icon" aria-hidden="true" height="1em" width="1em" xmlns="http://www.w3.org/2000/svg"><path d="M19 13h-6v6h-2v-6H5v-2h6V5h2v6h6v2z"></path></svg><span class="css-idkz9h">Add Blueberry Muffins to cart</span></button></div></div></div></div></div></div><div class="css-0"><div class="css-f5i5wc"><div class="chakra-linkbox css-vhnn8v"><div data-testid="product-image" class="css-16dr4ly"><img alt="Mr. Brownie Galactic Brownies With Chocolate Candies 12x200.0 g, $1.75/100g" src="https://assets.shop.loblaws.ca/products/21522482/b3/en/front/21522482_front_a06_@2.png" srcset="https://assets.shop.loblaws.ca/products/21522482/b3/en/front/21522482_front_a06_@2.png 1x, https://assets.shop.loblaws.ca/products/21522482/b3/en/front/21522482_front_a06_@2.png 2x" loading="lazy" class="chakra-image css-oguq8l" aria-hidden="true"></div><div class="css-qoklea"><div class="css-12dchmx"></div><div data-testid="price-product-tile" class="css-8atqhb"><p class="chakra-text css-0"><span class="chakra-text css-pwnbcb" data-testid="regular-price"><span class="css-idkz9h">$3.49</span>$3.49</span></p></div><a href="/galactic-brownies-with-chocolate-candies/p/21522482_EA?source=nspt" class="chakra-linkbox__overlay css-1hnz6hu"><div class="css-0"><p class="chakra-text css-1ecdp9w" data-testid="product-brand">Mr. Brownie</p><h3 class="chakra-heading css-6qrhwc" id="21522482_EA" data-testid="product-title">Galactic Brownies With Chocolate Candies</h3><p class="chakra-text css-1yftjin" data-testid="product-package-size">12x200.0 g, $1.75/100g</p></div></a><div class="css-8keand"></div></div><div class="css-1q5omjq"><div class="css-fcebb8"><div data-testid="atc-compact" class="css-y94ivq" style="width: 45px;"><button type="button" class="chakra-button css-mudsm6" data-testid="atc-button"><svg stroke="currentColor" fill="currentColor" stroke-width="0" viewBox="0 0 24 24" focusable="false" class="chakra-icon css-1g3sp7a" data-testid="btn-icon" aria-hidden="true" height="1em" width="1em" xmlns="http://www.w3.org/2000/svg"><path d="M19 13h-6v6h-2v-6H5v-2h6V5h2v6h6v2z"></path></svg><span class="css-idkz9h">Add Galactic Brownies With Chocolate Candies to cart</span></button></div></div></div></div></div></div><div class="css-0"><div class="css-f5i5wc"><div class="chakra-linkbox css-vhnn8v"><div data-testid="product-image" class="css-16dr4ly"><img alt="School Safe Brownie Bars  296 g, $1.69/100g" src="https://assets.shop.loblaws.ca/products/21363229/b3/en/front/21363229_front_a06_@2.png" srcset="https://assets.shop.loblaws.ca/products/21363229/b3/en/front/21363229_front_a06_@2.png 1x, https://assets.shop.loblaws.ca/products/21363229/b3/en/front/21363229_front_a06_@2.png 2x" loading="lazy" class="chakra-image css-oguq8l" aria-hidden="true"></div><div class="css-qoklea"><div class="css-12dchmx"></div><div data-testid="price-product-tile" class="css-8atqhb"><p class="chakra-text css-0"><span class="chakra-text css-pwnbcb" data-testid="regular-price"><span class="css-idkz9h">$4.99</span>$4.99</span></p></div><a href="/brownie-bars/p/21363229_EA?source=nspt" class="chakra-linkbox__overlay css-1hnz6hu"><div class="css-0"><p class="chakra-text css-1ecdp9w" data-testid="product-brand">School Safe</p><h3 class="chakra-heading css-6qrhwc" id="21363229_EA" data-testid="product-title">Brownie Bars </h3><p class="chakra-text css-1yftjin" data-testid="product-package-size">296 g, $1.69/100g</p></div></a><div class="css-8keand"></div></div><div class="css-1q5omjq"><div class="css-fcebb8"><div data-testid="atc-compact" class="css-y94ivq" style="width: 45px;"><button type="button" class="chakra-button css-mudsm6" data-testid="atc-button"><svg stroke="currentColor" fill="currentColor" stroke-width="0" viewBox="0 0 24 24" focusable="false" class="chakra-icon css-1g3sp7a" data-testid="btn-icon" aria-hidden="true" height="1em" width="1em" xmlns="http://www.w3.org/2000/svg"><path d="M19 13h-6v6h-2v-6H5v-2h6V5h2v6h6v2z"></path></svg><span class="css-idkz9h">Add Brownie Bars  to cart</span></button></div></div></div></div></div></div><div class="css-0"><div class="css-f5i5wc"><div class="chakra-linkbox css-vhnn8v"><div data-testid="product-image" class="css-16dr4ly"><img alt="Paneriso Oatmeal Raisin Cookies Gluten Free 350 g, $2.00/100g" src="https://assets.shop.loblaws.ca/products/21516741/b3/en/front/21516741_front_a06_@2.png" srcset="https://assets.shop.loblaws.ca/products/21516741/b3/en/front/21516741_front_a06_@2.png 1x, https://assets.shop.loblaws.ca/products/21516741/b3/en/front/21516741_front_a06_@2.png 2x" loading="lazy" class="chakra-image css-oguq8l" aria-hidden="true"></div><div class="css-qoklea"><div class="css-12dchmx"></div><div data-testid="price-product-tile" class="css-8atqhb"><p class="chakra-text css-0"><span class="chakra-text css-pwnbcb" data-testid="regular-price"><span class="css-idkz9h">$6.99</span>$6.99</span></p></div><a href="/oatmeal-raisin-cookies-gluten-free/p/21516741_EA?source=nspt" class="chakra-linkbox__overlay css-1hnz6hu"><div class="css-0"><p class="chakra-text css-1ecdp9w" data-testid="product-brand">Paneriso</p><h3 class="chakra-heading css-6qrhwc" id="21516741_EA" data-testid="product-title">Oatmeal Raisin Cookies Gluten Free</h3><p class="chakra-text css-1yftjin" data-testid="product-package-size">350 g, $2.00/100g</p></div></a><div class="css-8keand"></div></div><div class="css-1q5omjq"><div class="css-fcebb8"><div data-testid="atc-compact" class="css-y94ivq" style="width: 45px;"><button type="button" class="chakra-button css-mudsm6" data-testid="atc-button"><svg stroke="currentColor" fill="currentColor" stroke-width="0" viewBox="0 0 24 24" focusable="false" class="chakra-icon css-1g3sp7a" data-testid="btn-icon" aria-hidden="true" height="1em" width="1em" xmlns="http://www.w3.org/2000/svg"><path d="M19 13h-6v6h-2v-6H5v-2h6V5h2v6h6v2z"></path></svg><span class="css-idkz9h">Add Oatmeal Raisin Cookies Gluten Free to cart</span></button></div></div></div></div></div></div><div class="css-0"><div class="css-f5i5wc"><div class="chakra-linkbox css-vhnn8v"><div data-testid="product-image" class="css-16dr4ly"><img alt="School Safe Bursting Blueberry 280 g, $1.78/100g" src="https://assets.shop.loblaws.ca/products/21529216/b3/en/front/21529216_front_a06_@2.png" srcset="https://assets.shop.loblaws.ca/products/21529216/b3/en/front/21529216_front_a06_@2.png 1x, https://assets.shop.loblaws.ca/products/21529216/b3/en/front/21529216_front_a06_@2.png 2x" loading="lazy" class="chakra-image css-oguq8l" aria-hidden="true"></div><div class="css-qoklea"><div class="css-12dchmx"></div><div data-testid="price-product-tile" class="css-8atqhb"><p class="chakra-text css-0"><span class="chakra-text css-pwnbcb" data-testid="regular-price"><span class="css-idkz9h">$4.99</span>$4.99</span></p></div><a href="/bursting-blueberry/p/21529216_EA?source=nspt" class="chakra-linkbox__overlay css-1hnz6hu"><div class="css-0"><p class="chakra-text css-1ecdp9w" data-testid="product-brand">School Safe</p><h3 class="chakra-heading css-6qrhwc" id="21529216_EA" data-testid="product-title">Bursting Blueberry</h3><p class="chakra-text css-1yftjin" data-testid="product-package-size">280 g, $1.78/100g</p></div></a><div class="css-8keand"></div></div><div class="css-1q5omjq"><div class="css-fcebb8"><div data-testid="atc-compact" class="css-y94ivq" style="width: 45px;"><button type="button" class="chakra-button css-mudsm6" data-testid="atc-button"><svg stroke="currentColor" fill="currentColor" stroke-width="0" viewBox="0 0 24 24" focusable="false" class="chakra-icon css-1g3sp7a" data-testid="btn-icon" aria-hidden="true" height="1em" width="1em" xmlns="http://www.w3.org/2000/svg"><path d="M19 13h-6v6h-2v-6H5v-2h6V5h2v6h6v2z"></path></svg><span class="css-idkz9h">Add Bursting Blueberry to cart</span></button></div></div></div></div></div></div><div class="css-0"><div class="css-f5i5wc"><div class="chakra-linkbox css-vhnn8v"><div data-testid="product-image" class="css-16dr4ly"><img alt="President's Choice Double Decker New York-Style Cheesecake 600 g, $1.83/100g" src="https://assets.shop.loblaws.ca/products/20287738/b3/en/front/20287738_front_a06_@2.png" srcset="https://assets.shop.loblaws.ca/products/20287738/b3/en/front/20287738_front_a06_@2.png 1x, https://assets.shop.loblaws.ca/products/20287738/b3/en/front/20287738_front_a06_@2.png 2x" loading="lazy" class="chakra-image css-oguq8l" aria-hidden="true"></div><div class="css-qoklea"><div class="css-12dchmx"></div><div data-testid="price-product-tile" class="css-8atqhb"><p class="chakra-text css-0"><span class="chakra-text css-pwnbcb" data-testid="regular-price"><span class="css-idkz9h">$11.00</span>$11.00</span></p></div><a href="/double-decker-new-york-style-cheesecake/p/20287738_EA?source=nspt" class="chakra-linkbox__overlay css-1hnz6hu"><div class="css-0"><p class="chakra-text css-1ecdp9w" data-testid="product-brand">President's Choice</p><h3 class="chakra-heading css-6qrhwc" id="20287738_EA" data-testid="product-title">Double Decker New York-Style Cheesecake</h3><p class="chakra-text css-1yftjin" data-testid="product-package-size">600 g, $1.83/100g</p></div></a><div class="css-8keand"></div></div><div class="css-1q5omjq"><div class="css-fcebb8"><div data-testid="atc-compact" class="css-y94ivq" style="width: 45px;"><button type="button" class="chakra-button css-mudsm6" data-testid="atc-button"><svg stroke="currentColor" fill="currentColor" stroke-width="0" viewBox="0 0 24 24" focusable="false" class="chakra-icon css-1g3sp7a" data-testid="btn-icon" aria-hidden="true" height="1em" width="1em" xmlns="http://www.w3.org/2000/svg"><path d="M19 13h-6v6h-2v-6H5v-2h6V5h2v6h6v2z"></path></svg><span class="css-idkz9h">Add Double Decker New York-Style Cheesecake to cart</span></button></div></div></div></div></div></div><div class="css-0"><div class="css-f5i5wc"><div class="chakra-linkbox css-vhnn8v"><div data-testid="product-image" class="css-16dr4ly"><img alt="McCain Deep'n Delicious MINIS Chocolate Brownie Cake Cups 340 g, $2.20/100g" src="https://assets.shop.loblaws.ca/products/21477842/b3/en/front/21477842_front_a06_@2.png" srcset="https://assets.shop.loblaws.ca/products/21477842/b3/en/front/21477842_front_a06_@2.png 1x, https://assets.shop.loblaws.ca/products/21477842/b3/en/front/21477842_front_a06_@2.png 2x" loading="lazy" class="chakra-image css-oguq8l" aria-hidden="true"></div><div class="css-qoklea"><div class="css-12dchmx"></div><div data-testid="price-product-tile" class="css-8atqhb"><p class="chakra-text css-0"><span class="chakra-text css-pwnbcb" data-testid="regular-price"><span class="css-idkz9h">$7.49</span>$7.49</span></p></div><a href="/deep-n-delicious-minis-chocolate-brownie-cake-cups/p/21477842_EA?source=nspt" class="chakra-linkbox__overlay css-1hnz6hu"><div class="css-0"><p class="chakra-text css-1ecdp9w" data-testid="product-brand">McCain</p><h3 class="chakra-heading css-6qrhwc" id="21477842_EA" data-testid="product-title">Deep'n Delicious MINIS Chocolate Brownie Cake Cups</h3><p class="chakra-text css-1yftjin" data-testid="product-package-size">340 g, $2.20/100g</p></div></a><div class="css-8keand"></div></div><div class="css-1q5omjq"><div class="css-fcebb8"><div data-testid="atc-compact" class="css-y94ivq" style="width: 45px;"><button type="button" class="chakra-button css-mudsm6" data-testid="atc-button"><svg stroke="currentColor" fill="currentColor" stroke-width="0" viewBox="0 0 24 24" focusable="false" class="chakra-icon css-1g3sp7a" data-testid="btn-icon" aria-hidden="true" height="1em" width="1em" xmlns="http://www.w3.org/2000/svg"><path d="M19 13h-6v6h-2v-6H5v-2h6V5h2v6h6v2z"></path></svg><span class="css-idkz9h">Add Deep'n Delicious MINIS Chocolate Brownie Cake Cups to cart</span></button></div></div></div></div></div></div><div class="css-0"><div class="css-f5i5wc"><div class="chakra-linkbox css-vhnn8v"><div data-testid="product-image" class="css-16dr4ly"><img alt="Farmer's Market Pumpkin Muffins 600 g, $1.00/100g" src="https://assets.shop.loblaws.ca/products/21283350/b3/en/front/21283350_front_a06_@2.png" srcset="https://assets.shop.loblaws.ca/products/21283350/b3/en/front/21283350_front_a06_@2.png 1x, https://assets.shop.loblaws.ca/products/21283350/b3/en/front/21283350_front_a06_@2.png 2x" loading="lazy" class="chakra-image css-oguq8l" aria-hidden="true"></div><div class="css-qoklea"><div class="css-12dchmx"></div><div data-testid="price-product-tile" class="css-8atqhb"><p class="chakra-text css-0"><span class="chakra-text css-pwnbcb" data-testid="regular-price"><span class="css-idkz9h">$6.00</span>$6.00</span></p></div><a href="/pumpkin-muffins/p/21283350_EA?source=nspt" class="chakra-linkbox__overlay css-1hnz6hu"><div class="css-0"><p class="chakra-text css-1ecdp9w" data-testid="product-brand">Farmer's Market</p><h3 class="chakra-heading css-6qrhwc" id="21283350_EA" data-testid="product-title">Pumpkin Muffins</h3><p class="chakra-text css-1yftjin" data-testid="product-package-size">600 g, $1.00/100g</p></div></a><div class="css-8keand"></div></div><div class="css-1q5omjq"><div class="css-fcebb8"><div data-testid="atc-compact" class="css-y94ivq" style="width: 45px;"><button disabled="" type="button" class="chakra-button css-mudsm6" data-testid="atc-button"><svg stroke="currentColor" fill="currentColor" stroke-width="0" viewBox="0 0 24 24" focusable="false" class="chakra-icon css-1g3sp7a" data-testid="btn-icon" aria-hidden="true" height="1em" width="1em" xmlns="http://www.w3.org/2000/svg"><path d="M19 13h-6v6h-2v-6H5v-2h6V5h2v6h6v2z"></path></svg><span class="css-idkz9h">Add Pumpkin Muffins to cart</span></button></div></div><div class="css-4saf4a"><p class="chakra-text css-py8788" data-testid="inventory-badge-text">Out of Stock</p></div></div></div></div></div><div class="css-0"><div class="css-f5i5wc"><div class="chakra-linkbox css-vhnn8v"><div data-testid="product-image" class="css-16dr4ly"><img alt="Crispy Punjabi Cookies 750 g, $0.73/100g" src="https://assets.shop.loblaws.ca/products/20041159/b3/en/front/20041159_front_a06_@2.png" srcset="https://assets.shop.loblaws.ca/products/20041159/b3/en/front/20041159_front_a06_@2.png 1x, https://assets.shop.loblaws.ca/products/20041159/b3/en/front/20041159_front_a06_@2.png 2x" loading="lazy" class="chakra-image css-oguq8l" aria-hidden="true"></div><div class="css-qoklea"><div class="css-12dchmx"></div><div data-testid="price-product-tile" class="css-8atqhb"><p class="chakra-text css-0"><span class="chakra-text css-pwnbcb" data-testid="regular-price"><span class="css-idkz9h">$5.49</span>$5.49</span></p></div><a href="/punjabi-cookies/p/20041159_EA?source=nspt" class="chakra-linkbox__overlay css-1hnz6hu"><div class="css-0"><p class="chakra-text css-1ecdp9w" data-testid="product-brand">Crispy</p><h3 class="chakra-heading css-6qrhwc" id="20041159_EA" data-testid="product-title">Punjabi Cookies</h3><p class="chakra-text css-1yftjin" data-testid="product-package-size">750 g, $0.73/100g</p></div></a><div class="css-8keand"></div></div><div class="css-1q5omjq"><div class="css-fcebb8"><div data-testid="atc-compact" class="css-y94ivq" style="width: 45px;"><button type="button" class="chakra-button css-mudsm6" data-testid="atc-button"><svg stroke="currentColor" fill="currentColor" stroke-width="0" viewBox="0 0 24 24" focusable="false" class="chakra-icon css-1g3sp7a" data-testid="btn-icon" aria-hidden="true" height="1em" width="1em" xmlns="http://www.w3.org/2000/svg"><path d="M19 13h-6v6h-2v-6H5v-2h6V5h2v6h6v2z"></path></svg><span class="css-idkz9h">Add Punjabi Cookies to cart</span></button></div></div></div></div></div></div><div class="css-0"><div class="css-f5i5wc"><div class="chakra-linkbox css-vhnn8v"><div data-testid="product-image" class="css-16dr4ly"><img alt="Donut Time Glazed Donuts Chocolate Old Fashion 390 g, $1.15/100g" src="https://assets.shop.loblaws.ca/products/21468964/b3/en/front/21468964_front_a06_@2.png" srcset="https://assets.shop.loblaws.ca/products/21468964/b3/en/front/21468964_front_a06_@2.png 1x, https://assets.shop.loblaws.ca/products/21468964/b3/en/front/21468964_front_a06_@2.png 2x" loading="lazy" class="chakra-image css-oguq8l" aria-hidden="true"></div><div class="css-qoklea"><div class="css-12dchmx"></div><div data-testid="price-product-tile" class="css-8atqhb"><p class="chakra-text css-0"><span class="chakra-text css-pwnbcb" data-testid="regular-price"><span class="css-idkz9h">$4.50</span>$4.50</span></p></div><a href="/glazed-donuts-chocolate-old-fashion/p/21468964_EA?source=nspt" class="chakra-linkbox__overlay css-1hnz6hu"><div class="css-0"><p class="chakra-text css-1ecdp9w" data-testid="product-brand">Donut Time</p><h3 class="chakra-heading css-6qrhwc" id="21468964_EA" data-testid="product-title">Glazed Donuts Chocolate Old Fashion</h3><p class="chakra-text css-1yftjin" data-testid="product-package-size">390 g, $1.15/100g</p></div></a><div class="css-8keand"></div></div><div class="css-1q5omjq"><div class="css-fcebb8"><div data-testid="atc-compact" class="css-y94ivq" style="width: 45px;"><button type="button" class="chakra-button css-mudsm6" data-testid="atc-button"><svg stroke="currentColor" fill="currentColor" stroke-width="0" viewBox="0 0 24 24" focusable="false" class="chakra-icon css-1g3sp7a" data-testid="btn-icon" aria-hidden="true" height="1em" width="1em" xmlns="http://www.w3.org/2000/svg"><path d="M19 13h-6v6h-2v-6H5v-2h6V5h2v6h6v2z"></path></svg><span class="css-idkz9h">Add Glazed Donuts Chocolate Old Fashion to cart</span></button></div></div><div class="css-4saf4a"><p class="chakra-text css-py8788" data-testid="inventory-badge-text">Low Stock</p></div></div></div></div></div><div class="css-0"><div class="css-f5i5wc"><div class="chakra-linkbox css-vhnn8v"><div data-testid="product-image" class="css-16dr4ly"><img alt="null 8&quot; Lemon Meringue Pie 635 g, $0.94/100g" src="https://assets.shop.loblaws.ca/products/21353343/b3/en/front/21353343_front_a06_@2.png" srcset="https://assets.shop.loblaws.ca/products/21353343/b3/en/front/21353343_front_a06_@2.png 1x, https://assets.shop.loblaws.ca/products/21353343/b3/en/front/21353343_front_a06_@2.png 2x" loading="lazy" class="chakra-image css-oguq8l" aria-hidden="true"></div><div class="css-qoklea"><div class="css-12dchmx"></div><div data-testid="price-product-tile" class="css-8atqhb"><p class="chakra-text css-0"><span class="chakra-text css-pwnbcb" data-testid="regular-price"><span class="css-idkz9h">$6.00</span>$6.00</span></p></div><a href="/8-lemon-meringue-pie/p/21353343_EA?source=nspt" class="chakra-linkbox__overlay css-1hnz6hu"><div class="css-0"><h3 class="chakra-heading css-6qrhwc" id="21353343_EA" data-testid="product-title">8" Lemon Meringue Pie</h3><p class="chakra-text css-1yftjin" data-testid="product-package-size">635 g, $0.94/100g</p></div></a><div class="css-8keand"></div></div><div class="css-1q5omjq"><div class="css-fcebb8"><div data-testid="atc-compact" class="css-y94ivq" style="width: 45px;"><button type="button" class="chakra-button css-mudsm6" data-testid="atc-button"><svg stroke="currentColor" fill="currentColor" stroke-width="0" viewBox="0 0 24 24" focusable="false" class="chakra-icon css-1g3sp7a" data-testid="btn-icon" aria-hidden="true" height="1em" width="1em" xmlns="http://www.w3.org/2000/svg"><path d="M19 13h-6v6h-2v-6H5v-2h6V5h2v6h6v2z"></path></svg><span class="css-idkz9h">Add 8" Lemon Meringue Pie to cart</span></button></div></div></div></div></div></div><div class="css-0"><div class="css-f5i5wc"><div class="chakra-linkbox css-vhnn8v"><div data-testid="product-image" class="css-16dr4ly"><img alt="null Old Fashioned Apple Pie 114 g, $1.32/100g" src="https://assets.shop.loblaws.ca/products/21345460/b3/en/front/21345460_front_a06_@2.png" srcset="https://assets.shop.loblaws.ca/products/21345460/b3/en/front/21345460_front_a06_@2.png 1x, https://assets.shop.loblaws.ca/products/21345460/b3/en/front/21345460_front_a06_@2.png 2x" loading="lazy" class="chakra-image css-oguq8l" aria-hidden="true"></div><div class="css-qoklea"><div class="css-12dchmx"></div><div data-testid="price-product-tile" class="css-8atqhb"><p class="chakra-text css-0"><span class="chakra-text css-pwnbcb" data-testid="regular-price"><span class="css-idkz9h">$1.50</span>$1.50</span></p></div><a href="/old-fashioned-apple-pie/p/21345460_EA?source=nspt" class="chakra-linkbox__overlay css-1hnz6hu"><div class="css-0"><h3 class="chakra-heading css-6qrhwc" id="21345460_EA" data-testid="product-title">Old Fashioned Apple Pie</h3><p class="chakra-text css-1yftjin" data-testid="product-package-size">114 g, $1.32/100g</p></div></a><div class="css-8keand"></div></div><div class="css-1q5omjq"><div class="css-fcebb8"><div data-testid="atc-compact" class="css-y94ivq" style="width: 45px;"><button type="button" class="chakra-button css-mudsm6" data-testid="atc-button"><svg stroke="currentColor" fill="currentColor" stroke-width="0" viewBox="0 0 24 24" focusable="false" class="chakra-icon css-1g3sp7a" data-testid="btn-icon" aria-hidden="true" height="1em" width="1em" xmlns="http://www.w3.org/2000/svg"><path d="M19 13h-6v6h-2v-6H5v-2h6V5h2v6h6v2z"></path></svg><span class="css-idkz9h">Add Old Fashioned Apple Pie to cart</span></button></div></div></div></div></div></div><div class="css-0"><div class="css-f5i5wc"><div class="chakra-linkbox css-vhnn8v"><div data-testid="product-image" class="css-16dr4ly"><img alt="Crispy Almond Cake Rusk 750 g, $0.67/100g" src="https://assets.shop.loblaws.ca/products/20814056/b3/en/front/20814056_front_a06_@2.png" srcset="https://assets.shop.loblaws.ca/products/20814056/b3/en/front/20814056_front_a06_@2.png 1x, https://assets.shop.loblaws.ca/products/20814056/b3/en/front/20814056_front_a06_@2.png 2x" loading="lazy" class="chakra-image css-oguq8l" aria-hidden="true"></div><div class="css-qoklea"><div class="css-12dchmx"></div><div data-testid="price-product-tile" class="css-8atqhb"><p class="chakra-text css-0"><span class="chakra-text css-pwnbcb" data-testid="regular-price"><span class="css-idkz9h">$4.99</span>$4.99</span></p></div><a href="/almond-cake-rusk/p/20814056_EA?source=nspt" class="chakra-linkbox__overlay css-1hnz6hu"><div class="css-0"><p class="chakra-text css-1ecdp9w" data-testid="product-brand">Crispy</p><h3 class="chakra-heading css-6qrhwc" id="20814056_EA" data-testid="product-title">Almond Cake Rusk</h3><p class="chakra-text css-1yftjin" data-testid="product-package-size">750 g, $0.67/100g</p></div></a><div class="css-8keand"></div></div><div class="css-1q5omjq"><div class="css-fcebb8"><div data-testid="atc-compact" class="css-y94ivq" style="width: 45px;"><button type="button" class="chakra-button css-mudsm6" data-testid="atc-button"><svg stroke="currentColor" fill="currentColor" stroke-width="0" viewBox="0 0 24 24" focusable="false" class="chakra-icon css-1g3sp7a" data-testid="btn-icon" aria-hidden="true" height="1em" width="1em" xmlns="http://www.w3.org/2000/svg"><path d="M19 13h-6v6h-2v-6H5v-2h6V5h2v6h6v2z"></path></svg><span class="css-idkz9h">Add Almond Cake Rusk to cart</span></button></div></div></div></div></div></div><div class="css-0"><div class="css-f5i5wc"><div class="chakra-linkbox css-vhnn8v"><div data-testid="product-image" class="css-16dr4ly"><img alt="Donut Time 6 Plain Donuts 250 g 250 g, $0.80/100g" src="https://assets.shop.loblaws.ca/products/21342154/b3/en/front/21342154_front_a06_@2.png" srcset="https://assets.shop.loblaws.ca/products/21342154/b3/en/front/21342154_front_a06_@2.png 1x, https://assets.shop.loblaws.ca/products/21342154/b3/en/front/21342154_front_a06_@2.png 2x" loading="lazy" class="chakra-image css-oguq8l" aria-hidden="true"></div><div class="css-qoklea"><div class="css-12dchmx"></div><div data-testid="price-product-tile" class="css-8atqhb"><p class="chakra-text css-0"><span class="chakra-text css-pwnbcb" data-testid="regular-price"><span class="css-idkz9h">$2.00</span>$2.00</span></p></div><a href="/6-plain-donuts-250-g/p/21342154_EA?source=nspt" class="chakra-linkbox__overlay css-1hnz6hu"><div class="css-0"><p class="chakra-text css-1ecdp9w" data-testid="product-brand">Donut Time</p><h3 class="chakra-heading css-6qrhwc" id="21342154_EA" data-testid="product-title">6 Plain Donuts 250 g</h3><p class="chakra-text css-1yftjin" data-testid="product-package-size">250 g, $0.80/100g</p></div></a><div class="css-8keand"></div></div><div class="css-1q5omjq"><div class="css-fcebb8"><div data-testid="atc-compact" class="css-y94ivq" style="width: 45px;"><button type="button" class="chakra-button css-mudsm6" data-testid="atc-button"><svg stroke="currentColor" fill="currentColor" stroke-width="0" viewBox="0 0 24 24" focusable="false" class="chakra-icon css-1g3sp7a" data-testid="btn-icon" aria-hidden="true" height="1em" width="1em" xmlns="http://www.w3.org/2000/svg"><path d="M19 13h-6v6h-2v-6H5v-2h6V5h2v6h6v2z"></path></svg><span class="css-idkz9h">Add 6 Plain Donuts 250 g to cart</span></button></div></div></div></div></div></div><div class="css-0"><div class="css-f5i5wc"><div class="chakra-linkbox css-vhnn8v"><div data-testid="product-image" class="css-16dr4ly"><img alt="T&amp;T Coconut Cream Bun 90 g, $1.10/100g" src="https://assets.shop.loblaws.ca/products/20332833/b3/en/front/20332833_front_a06_@2.png" srcset="https://assets.shop.loblaws.ca/products/20332833/b3/en/front/20332833_front_a06_@2.png 1x, https://assets.shop.loblaws.ca/products/20332833/b3/en/front/20332833_front_a06_@2.png 2x" loading="lazy" class="chakra-image css-oguq8l" aria-hidden="true"></div><div class="css-qoklea"><div class="css-12dchmx"></div><div data-testid="price-product-tile" class="css-8atqhb"><p class="chakra-text css-0"><span class="chakra-text css-pwnbcb" data-testid="regular-price"><span class="css-idkz9h">$0.99</span>$0.99</span></p></div><a href="/coconut-cream-bun/p/20332833_EA?source=nspt" class="chakra-linkbox__overlay css-1hnz6hu"><div class="css-0"><p class="chakra-text css-1ecdp9w" data-testid="product-brand">T&amp;T</p><h3 class="chakra-heading css-6qrhwc" id="20332833_EA" data-testid="product-title">Coconut Cream Bun</h3><p class="chakra-text css-1yftjin" data-testid="product-package-size">90 g, $1.10/100g</p></div></a><div class="css-8keand"></div></div><div class="css-1q5omjq"><div class="css-fcebb8"><div data-testid="atc-compact" class="css-y94ivq" style="width: 45px;"><button disabled="" type="button" class="chakra-button css-mudsm6" data-testid="atc-button"><svg stroke="currentColor" fill="currentColor" stroke-width="0" viewBox="0 0 24 24" focusable="false" class="chakra-icon css-1g3sp7a" data-testid="btn-icon" aria-hidden="true" height="1em" width="1em" xmlns="http://www.w3.org/2000/svg"><path d="M19 13h-6v6h-2v-6H5v-2h6V5h2v6h6v2z"></path></svg><span class="css-idkz9h">Add Coconut Cream Bun to cart</span></button></div></div><div class="css-4saf4a"><p class="chakra-text css-py8788" data-testid="inventory-badge-text">Out of Stock</p></div></div></div></div></div><div class="css-0"><div class="css-f5i5wc"><div class="chakra-linkbox css-vhnn8v"><div data-testid="product-image" class="css-16dr4ly"><img alt="Golden Punjabi Biscuits 1.13 kg, $0.57/100g" src="https://assets.shop.loblaws.ca/products/20125852/b3/en/front/20125852_front_a06_@2.png" srcset="https://assets.shop.loblaws.ca/products/20125852/b3/en/front/20125852_front_a06_@2.png 1x, https://assets.shop.loblaws.ca/products/20125852/b3/en/front/20125852_front_a06_@2.png 2x" loading="lazy" class="chakra-image css-oguq8l" aria-hidden="true"></div><div class="css-qoklea"><div class="css-12dchmx"></div><div data-testid="price-product-tile" class="css-8atqhb"><p class="chakra-text css-0"><span class="chakra-text css-pwnbcb" data-testid="regular-price"><span class="css-idkz9h">$6.49</span>$6.49</span></p></div><a href="/punjabi-biscuits/p/20125852_EA?source=nspt" class="chakra-linkbox__overlay css-1hnz6hu"><div class="css-0"><p class="chakra-text css-1ecdp9w" data-testid="product-brand">Golden</p><h3 class="chakra-heading css-6qrhwc" id="20125852_EA" data-testid="product-title">Punjabi Biscuits</h3><p class="chakra-text css-1yftjin" data-testid="product-package-size">1.13 kg, $0.57/100g</p></div></a><div class="css-8keand"></div></div><div class="css-1q5omjq"><div class="css-fcebb8"><div data-testid="atc-compact" class="css-y94ivq" style="width: 45px;"><button disabled="" type="button" class="chakra-button css-mudsm6" data-testid="atc-button"><svg stroke="currentColor" fill="currentColor" stroke-width="0" viewBox="0 0 24 24" focusable="false" class="chakra-icon css-1g3sp7a" data-testid="btn-icon" aria-hidden="true" height="1em" width="1em" xmlns="http://www.w3.org/2000/svg"><path d="M19 13h-6v6h-2v-6H5v-2h6V5h2v6h6v2z"></path></svg><span class="css-idkz9h">Add Punjabi Biscuits to cart</span></button></div></div><div class="css-4saf4a"><p class="chakra-text css-py8788" data-testid="inventory-badge-text">Out of Stock</p></div></div></div></div></div><div class="css-0"><div class="css-f5i5wc"><div class="chakra-linkbox css-vhnn8v"><div data-testid="product-image" class="css-16dr4ly"><img alt="Farmer's Market Apple Cinnamon Muffins 600 g, $1.00/100g" src="https://assets.shop.loblaws.ca/products/21283349/b3/en/front/21283349_front_a06_@2.png" srcset="https://assets.shop.loblaws.ca/products/21283349/b3/en/front/21283349_front_a06_@2.png 1x, https://assets.shop.loblaws.ca/products/21283349/b3/en/front/21283349_front_a06_@2.png 2x" loading="lazy" class="chakra-image css-oguq8l" aria-hidden="true"></div><div class="css-qoklea"><div class="css-12dchmx"></div><div data-testid="price-product-tile" class="css-8atqhb"><p class="chakra-text css-0"><span class="chakra-text css-pwnbcb" data-testid="regular-price"><span class="css-idkz9h">$6.00</span>$6.00</span></p></div><a href="/apple-cinnamon-muffins/p/21283349_EA?source=nspt" class="chakra-linkbox__overlay css-1hnz6hu"><div class="css-0"><p class="chakra-text css-1ecdp9w" data-testid="product-brand">Farmer's Market</p><h3 class="chakra-heading css-6qrhwc" id="21283349_EA" data-testid="product-title">Apple Cinnamon Muffins</h3><p class="chakra-text css-1yftjin" data-testid="product-package-size">600 g, $1.00/100g</p></div></a><div class="css-8keand"></div></div><div class="css-1q5omjq"><div class="css-fcebb8"><div data-testid="atc-compact" class="css-y94ivq" style="width: 45px;"><button disabled="" type="button" class="chakra-button css-mudsm6" data-testid="atc-button"><svg stroke="currentColor" fill="currentColor" stroke-width="0" viewBox="0 0 24 24" focusable="false" class="chakra-icon css-1g3sp7a" data-testid="btn-icon" aria-hidden="true" height="1em" width="1em" xmlns="http://www.w3.org/2000/svg"><path d="M19 13h-6v6h-2v-6H5v-2h6V5h2v6h6v2z"></path></svg><span class="css-idkz9h">Add Apple Cinnamon Muffins to cart</span></button></div></div><div class="css-4saf4a"><p class="chakra-text css-py8788" data-testid="inventory-badge-text">Out of Stock</p></div></div></div></div></div><div class="css-0"><div class="css-f5i5wc"><div class="chakra-linkbox css-vhnn8v"><div data-testid="product-image" class="css-16dr4ly"><img alt="President's Choice Wild Blueberry-Topped New York-Style Cheesecake 600 g, $1.83/100g" src="https://assets.shop.loblaws.ca/products/20305400/b3/en/front/20305400_front_a06_@2.png" srcset="https://assets.shop.loblaws.ca/products/20305400/b3/en/front/20305400_front_a06_@2.png 1x, https://assets.shop.loblaws.ca/products/20305400/b3/en/front/20305400_front_a06_@2.png 2x" loading="lazy" class="chakra-image css-oguq8l" aria-hidden="true"></div><div class="css-qoklea"><div class="css-12dchmx"></div><div data-testid="price-product-tile" class="css-8atqhb"><p class="chakra-text css-0"><span class="chakra-text css-pwnbcb" data-testid="regular-price"><span class="css-idkz9h">$11.00</span>$11.00</span></p></div><a href="/wild-blueberry-topped-new-york-style-cheesecake/p/20305400_EA?source=nspt" class="chakra-linkbox__overlay css-1hnz6hu"><div class="css-0"><p class="chakra-text css-1ecdp9w" data-testid="product-brand">President's Choice</p><h3 class="chakra-heading css-6qrhwc" id="20305400_EA" data-testid="product-title">Wild Blueberry-Topped New York-Style Cheesecake</h3><p class="chakra-text css-1yftjin" data-testid="product-package-size">600 g, $1.83/100g</p></div></a><div class="css-8keand"></div></div><div class="css-1q5omjq"><div class="css-fcebb8"><div data-testid="atc-compact" class="css-y94ivq" style="width: 45px;"><button type="button" class="chakra-button css-mudsm6" data-testid="atc-button"><svg stroke="currentColor" fill="currentColor" stroke-width="0" viewBox="0 0 24 24" focusable="false" class="chakra-icon css-1g3sp7a" data-testid="btn-icon" aria-hidden="true" height="1em" width="1em" xmlns="http://www.w3.org/2000/svg"><path d="M19 13h-6v6h-2v-6H5v-2h6V5h2v6h6v2z"></path></svg><span class="css-idkz9h">Add Wild Blueberry-Topped New York-Style Cheesecake to cart</span></button></div></div></div></div></div></div><div class="css-0"><div class="css-f5i5wc"><div class="chakra-linkbox css-vhnn8v"><div data-testid="product-image" class="css-16dr4ly"><img alt="null Di Manno Apple Pie 113 g, $1.11/100g" src="https://assets.shop.loblaws.ca/products/20672627/b3/en/front/20672627_front_a06_@2.png" srcset="https://assets.shop.loblaws.ca/products/20672627/b3/en/front/20672627_front_a06_@2.png 1x, https://assets.shop.loblaws.ca/products/20672627/b3/en/front/20672627_front_a06_@2.png 2x" loading="lazy" class="chakra-image css-oguq8l" aria-hidden="true"></div><div class="css-qoklea"><div class="css-12dchmx"></div><div data-testid="price-product-tile" class="css-8atqhb"><p class="chakra-text css-0"><span class="chakra-text css-pwnbcb" data-testid="regular-price"><span class="css-idkz9h">$1.25</span>$1.25</span></p></div><a href="/di-manno-apple-pie/p/20672627_EA?source=nspt" class="chakra-linkbox__overlay css-1hnz6hu"><div class="css-0"><h3 class="chakra-heading css-6qrhwc" id="20672627_EA" data-testid="product-title">Di Manno Apple Pie</h3><p class="chakra-text css-1yftjin" data-testid="product-package-size">113 g, $1.11/100g</p></div></a><div class="css-8keand"></div></div><div class="css-1q5omjq"><div class="css-fcebb8"><div data-testid="atc-compact" class="css-y94ivq" style="width: 45px;"><button type="button" class="chakra-button css-mudsm6" data-testid="atc-button"><svg stroke="currentColor" fill="currentColor" stroke-width="0" viewBox="0 0 24 24" focusable="false" class="chakra-icon css-1g3sp7a" data-testid="btn-icon" aria-hidden="true" height="1em" width="1em" xmlns="http://www.w3.org/2000/svg"><path d="M19 13h-6v6h-2v-6H5v-2h6V5h2v6h6v2z"></path></svg><span class="css-idkz9h">Add Di Manno Apple Pie to cart</span></button></div></div></div></div></div></div><div class="css-0"><div class="css-f5i5wc"><div class="chakra-linkbox css-vhnn8v"><div data-testid="product-image" class="css-16dr4ly"><img alt="Farmer's Market Blueberry Pie 10 Inch 1 kg, $0.75/100g" src="https://assets.shop.loblaws.ca/products/21297362/b3/en/front/21297362_front_a06_@2.png" srcset="https://assets.shop.loblaws.ca/products/21297362/b3/en/front/21297362_front_a06_@2.png 1x, https://assets.shop.loblaws.ca/products/21297362/b3/en/front/21297362_front_a06_@2.png 2x" loading="lazy" class="chakra-image css-oguq8l" aria-hidden="true"></div><div class="css-qoklea"><div class="css-12dchmx"></div><div data-testid="price-product-tile" class="css-8atqhb"><p class="chakra-text css-0"><span class="chakra-text css-pwnbcb" data-testid="regular-price"><span class="css-idkz9h">$7.50</span>$7.50</span></p></div><a href="/blueberry-pie-10-inch/p/21297362_EA?source=nspt" class="chakra-linkbox__overlay css-1hnz6hu"><div class="css-0"><p class="chakra-text css-1ecdp9w" data-testid="product-brand">Farmer's Market</p><h3 class="chakra-heading css-6qrhwc" id="21297362_EA" data-testid="product-title">Blueberry Pie 10 Inch</h3><p class="chakra-text css-1yftjin" data-testid="product-package-size">1 kg, $0.75/100g</p></div></a><div class="css-8keand"></div></div><div class="css-1q5omjq"><div class="css-fcebb8"><div data-testid="atc-compact" class="css-y94ivq" style="width: 45px;"><button type="button" class="chakra-button css-mudsm6" data-testid="atc-button"><svg stroke="currentColor" fill="currentColor" stroke-width="0" viewBox="0 0 24 24" focusable="false" class="chakra-icon css-1g3sp7a" data-testid="btn-icon" aria-hidden="true" height="1em" width="1em" xmlns="http://www.w3.org/2000/svg"><path d="M19 13h-6v6h-2v-6H5v-2h6V5h2v6h6v2z"></path></svg><span class="css-idkz9h">Add Blueberry Pie 10 Inch to cart</span></button></div></div></div></div></div></div></div><div data-testid="product-grid" class="css-epcqr3"><div class="css-0"><div class="css-f5i5wc"><div class="chakra-linkbox css-vhnn8v"><div data-testid="product-image" class="css-16dr4ly"><img alt="FGF Butter Tart Muffin, 6 Pack 600 g, $1.00/100g" src="https://assets.shop.loblaws.ca/products/21242898/b3/en/front/21242898_front_a06_@2.png" srcset="https://assets.shop.loblaws.ca/products/21242898/b3/en/front/21242898_front_a06_@2.png 1x, https://assets.shop.loblaws.ca/products/21242898/b3/en/front/21242898_front_a06_@2.png 2x" loading="lazy" class="chakra-image css-oguq8l" aria-hidden="true"></div><div class="css-qoklea"><div class="css-12dchmx"></div><div data-testid="price-product-tile" class="css-8atqhb"><p class="chakra-text css-0"><span class="chakra-text css-pwnbcb" data-testid="regular-price"><span class="css-idkz9h">$6.00</span>$6.00</span></p></div><a href="/butter-tart-muffin-6-pack/p/21242898_EA?source=nspt" class="chakra-linkbox__overlay css-1hnz6hu"><div class="css-0"><p class="chakra-text css-1ecdp9w" data-testid="product-brand">FGF</p><h3 class="chakra-heading css-6qrhwc" id="21242898_EA" data-testid="product-title">Butter Tart Muffin, 6 Pack</h3><p class="chakra-text css-1yftjin" data-testid="product-package-size">600 g, $1.00/100g</p></div></a><div class="css-8keand"></div></div><div class="css-1q5omjq"><div class="css-fcebb8"><div data-testid="atc-compact" class="css-y94ivq" style="width: 45px;"><button type="button" class="chakra-button css-mudsm6" data-testid="atc-button"><svg stroke="currentColor" fill="currentColor" stroke-width="0" viewBox="0 0 24 24" focusable="false" class="chakra-icon css-1g3sp7a" data-testid="btn-icon" aria-hidden="true" height="1em" width="1em" xmlns="http://www.w3.org/2000/svg"><path d="M19 13h-6v6h-2v-6H5v-2h6V5h2v6h6v2z"></path></svg><span class="css-idkz9h">Add Butter Tart Muffin, 6 Pack to cart</span></button></div></div><div class="css-4saf4a"><p class="chakra-text css-py8788" data-testid="inventory-badge-text">Low Stock</p></div></div></div></div></div><div class="css-0"><div class="css-f5i5wc"><div class="chakra-linkbox css-vhnn8v"><div data-testid="product-image" class="css-16dr4ly"><img alt="null Treat Shop Cookies Thumbprint 298 g, $1.68/100g" src="https://assets.shop.loblaws.ca/products/21590365/b3/en/front/21590365_front_a06_@2.png" srcset="https://assets.shop.loblaws.ca/products/21590365/b3/en/front/21590365_front_a06_@2.png 1x, https://assets.shop.loblaws.ca/products/21590365/b3/en/front/21590365_front_a06_@2.png 2x" loading="lazy" class="chakra-image css-oguq8l" aria-hidden="true"></div><div class="css-qoklea"><div class="css-12dchmx"></div><div data-testid="price-product-tile" class="css-8atqhb"><p class="chakra-text css-0"><span class="chakra-text css-pwnbcb" data-testid="regular-price"><span class="css-idkz9h">$5.00</span>$5.00</span></p></div><a href="/treat-shop-cookies-thumbprint/p/21590365_EA?source=nspt" class="chakra-linkbox__overlay css-1hnz6hu"><div class="css-0"><h3 class="chakra-heading css-6qrhwc" id="21590365_EA" data-testid="product-title">Treat Shop Cookies Thumbprint</h3><p class="chakra-text css-1yftjin" data-testid="product-package-size">298 g, $1.68/100g</p></div></a><div class="css-8keand"></div></div><div class="css-1q5omjq"><div class="css-fcebb8"><div data-testid="atc-compact" class="css-y94ivq" style="width: 45px;"><button type="button" class="chakra-button css-mudsm6" data-testid="atc-button"><svg stroke="currentColor" fill="currentColor" stroke-width="0" viewBox="0 0 24 24" focusable="false" class="chakra-icon css-1g3sp7a" data-testid="btn-icon" aria-hidden="true" height="1em" width="1em" xmlns="http://www.w3.org/2000/svg"><path d="M19 13h-6v6h-2v-6H5v-2h6V5h2v6h6v2z"></path></svg><span class="css-idkz9h">Add Treat Shop Cookies Thumbprint to cart</span></button></div></div></div></div></div></div><div class="css-0"><div class="css-f5i5wc"><div class="chakra-linkbox css-vhnn8v"><div data-testid="product-image" class="css-16dr4ly"><img alt="two-bite Raspberry Tarts 12 Pack 327 g, $1.53/100g" src="https://assets.shop.loblaws.ca/products/21099439/b3/en/front/21099439_front_a06_@2.png" srcset="https://assets.shop.loblaws.ca/products/21099439/b3/en/front/21099439_front_a06_@2.png 1x, https://assets.shop.loblaws.ca/products/21099439/b3/en/front/21099439_front_a06_@2.png 2x" loading="lazy" class="chakra-image css-oguq8l" aria-hidden="true"></div><div class="css-qoklea"><div class="css-12dchmx"></div><div data-testid="price-product-tile" class="css-8atqhb"><p class="chakra-text css-0"><span class="chakra-text css-pwnbcb" data-testid="regular-price"><span class="css-idkz9h">$5.00</span>$5.00</span></p></div><a href="/raspberry-tarts-12-pack/p/21099439_EA?source=nspt" class="chakra-linkbox__overlay css-1hnz6hu"><div class="css-0"><p class="chakra-text css-1ecdp9w" data-testid="product-brand">two-bite</p><h3 class="chakra-heading css-6qrhwc" id="21099439_EA" data-testid="product-title">Raspberry Tarts 12 Pack</h3><p class="chakra-text css-1yftjin" data-testid="product-package-size">327 g, $1.53/100g</p></div></a><div class="css-8keand"></div></div><div class="css-1q5omjq"><div class="css-fcebb8"><div data-testid="atc-compact" class="css-y94ivq" style="width: 45px;"><button disabled="" type="button" class="chakra-button css-mudsm6" data-testid="atc-button"><svg stroke="currentColor" fill="currentColor" stroke-width="0" viewBox="0 0 24 24" focusable="false" class="chakra-icon css-1g3sp7a" data-testid="btn-icon" aria-hidden="true" height="1em" width="1em" xmlns="http://www.w3.org/2000/svg"><path d="M19 13h-6v6h-2v-6H5v-2h6V5h2v6h6v2z"></path></svg><span class="css-idkz9h">Add Raspberry Tarts 12 Pack to cart</span></button></div></div><div class="css-4saf4a"><p class="chakra-text css-py8788" data-testid="inventory-badge-text">Out of Stock</p></div></div></div></div></div><div class="css-0"><div class="css-f5i5wc"><div class="chakra-linkbox css-vhnn8v"><div data-testid="product-image" class="css-16dr4ly"><img alt="null Gourmet Cinnamon Rolls With Cream Cheese Frosting 840 g, $1.07/100g" src="https://assets.shop.loblaws.ca/products/21446869/b3/en/front/21446869_front_a06_@2.png" srcset="https://assets.shop.loblaws.ca/products/21446869/b3/en/front/21446869_front_a06_@2.png 1x, https://assets.shop.loblaws.ca/products/21446869/b3/en/front/21446869_front_a06_@2.png 2x" loading="lazy" class="chakra-image css-oguq8l" aria-hidden="true"></div><div class="css-qoklea"><div class="css-12dchmx"></div><div data-testid="price-product-tile" class="css-8atqhb"><p class="chakra-text css-0"><span class="chakra-text css-pwnbcb" data-testid="regular-price"><span class="css-idkz9h">$9.00</span>$9.00</span></p></div><a href="/gourmet-cinnamon-rolls-with-cream-cheese-frosting/p/21446869_EA?source=nspt" class="chakra-linkbox__overlay css-1hnz6hu"><div class="css-0"><h3 class="chakra-heading css-6qrhwc" id="21446869_EA" data-testid="product-title">Gourmet Cinnamon Rolls With Cream Cheese Frosting</h3><p class="chakra-text css-1yftjin" data-testid="product-package-size">840 g, $1.07/100g</p></div></a><div class="css-8keand"></div></div><div class="css-1q5omjq"><div class="css-fcebb8"><div data-testid="atc-compact" class="css-y94ivq" style="width: 45px;"><button type="button" class="chakra-button css-mudsm6" data-testid="atc-button"><svg stroke="currentColor" fill="currentColor" stroke-width="0" viewBox="0 0 24 24" focusable="false" class="chakra-icon css-1g3sp7a" data-testid="btn-icon" aria-hidden="true" height="1em" width="1em" xmlns="http://www.w3.org/2000/svg"><path d="M19 13h-6v6h-2v-6H5v-2h6V5h2v6h6v2z"></path></svg><span class="css-idkz9h">Add Gourmet Cinnamon Rolls With Cream Cheese Frosting to cart</span></button></div></div></div></div></div></div><div class="css-0"><div class="css-f5i5wc"><div class="chakra-linkbox css-vhnn8v"><div data-testid="product-image" class="css-16dr4ly"><img alt="null Apple Filled Croissant 272 g, $1.84/100g" src="https://assets.shop.loblaws.ca/products/21570662/b3/en/front/21570662_front_a06_@2.png" srcset="https://assets.shop.loblaws.ca/products/21570662/b3/en/front/21570662_front_a06_@2.png 1x, https://assets.shop.loblaws.ca/products/21570662/b3/en/front/21570662_front_a06_@2.png 2x" loading="lazy" class="chakra-image css-oguq8l" aria-hidden="true"></div><div class="css-qoklea"><div class="css-12dchmx"></div><div data-testid="price-product-tile" class="css-8atqhb"><p class="chakra-text css-0"><span class="chakra-text css-pwnbcb" data-testid="regular-price"><span class="css-idkz9h">$5.00</span>$5.00</span></p></div><a href="/apple-filled-croissant/p/21570662_EA?source=nspt" class="chakra-linkbox__overlay css-1hnz6hu"><div class="css-0"><h3 class="chakra-heading css-6qrhwc" id="21570662_EA" data-testid="product-title">Apple Filled Croissant</h3><p class="chakra-text css-1yftjin" data-testid="product-package-size">272 g, $1.84/100g</p></div></a><div class="css-8keand"></div></div><div class="css-1q5omjq"><div class="css-fcebb8"><div data-testid="atc-compact" class="css-y94ivq" style="width: 45px;"><button type="button" class="chakra-button css-mudsm6" data-testid="atc-button"><svg stroke="currentColor" fill="currentColor" stroke-width="0" viewBox="0 0 24 24" focusable="false" class="chakra-icon css-1g3sp7a" data-testid="btn-icon" aria-hidden="true" height="1em" width="1em" xmlns="http://www.w3.org/2000/svg"><path d="M19 13h-6v6h-2v-6H5v-2h6V5h2v6h6v2z"></path></svg><span class="css-idkz9h">Add Apple Filled Croissant to cart</span></button></div></div></div></div></div></div><div class="css-0"><div class="css-f5i5wc"><div class="chakra-linkbox css-vhnn8v"><div data-testid="product-image" class="css-16dr4ly"><img alt="Grandmother's Bake Shoppe Butter Tarts Raisin 765 g, $0.92/100g" src="https://assets.shop.loblaws.ca/products/21493634/b3/en/front/21493634_front_a06_@2.png" srcset="https://assets.shop.loblaws.ca/products/21493634/b3/en/front/21493634_front_a06_@2.png 1x, https://assets.shop.loblaws.ca/products/21493634/b3/en/front/21493634_front_a06_@2.png 2x" loading="lazy" class="chakra-image css-oguq8l" aria-hidden="true"></div><div class="css-qoklea"><div class="css-12dchmx"></div><div data-testid="price-product-tile" class="css-8atqhb"><p class="chakra-text css-0"><span class="chakra-text css-pwnbcb" data-testid="regular-price"><span class="css-idkz9h">$7.00</span>$7.00</span></p></div><a href="/butter-tarts-raisin/p/21493634_EA?source=nspt" class="chakra-linkbox__overlay css-1hnz6hu"><div class="css-0"><p class="chakra-text css-1ecdp9w" data-testid="product-brand">Grandmother's Bake Shoppe</p><h3 class="chakra-heading css-6qrhwc" id="21493634_EA" data-testid="product-title">Butter Tarts Raisin</h3><p class="chakra-text css-1yftjin" data-testid="product-package-size">765 g, $0.92/100g</p></div></a><div class="css-8keand"></div></div><div class="css-1q5omjq"><div class="css-fcebb8"><div data-testid="atc-compact" class="css-y94ivq" style="width: 45px;"><button type="button" class="chakra-button css-mudsm6" data-testid="atc-button"><svg stroke="currentColor" fill="currentColor" stroke-width="0" viewBox="0 0 24 24" focusable="false" class="chakra-icon css-1g3sp7a" data-testid="btn-icon" aria-hidden="true" height="1em" width="1em" xmlns="http://www.w3.org/2000/svg"><path d="M19 13h-6v6h-2v-6H5v-2h6V5h2v6h6v2z"></path></svg><span class="css-idkz9h">Add Butter Tarts Raisin to cart</span></button></div></div></div></div></div></div><div class="css-0"><div class="css-f5i5wc"><div class="chakra-linkbox css-vhnn8v"><div data-testid="product-image" class="css-16dr4ly"><img alt="null Banana Nut Muffins 400 g, $1.00/100g" src="https://assets.shop.loblaws.ca/products/21557904/b3/en/front/21557904_front_a06_@2.png" srcset="https://assets.shop.loblaws.ca/products/21557904/b3/en/front/21557904_front_a06_@2.png 1x, https://assets.shop.loblaws.ca/products/21557904/b3/en/front/21557904_front_a06_@2.png 2x" loading="lazy" class="chakra-image css-oguq8l" aria-hidden="true"></div><div class="css-qoklea"><div class="css-12dchmx"></div><div data-testid="price-product-tile" class="css-8atqhb"><p class="chakra-text css-0"><span class="chakra-text css-pwnbcb" data-testid="regular-price"><span class="css-idkz9h">$4.00</span>$4.00</span></p></div><a href="/banana-nut-muffins/p/21557904_EA?source=nspt" class="chakra-linkbox__overlay css-1hnz6hu"><div class="css-0"><h3 class="chakra-heading css-6qrhwc" id="21557904_EA" data-testid="product-title">Banana Nut Muffins</h3><p class="chakra-text css-1yftjin" data-testid="product-package-size">400 g, $1.00/100g</p></div></a><div class="css-8keand"></div></div><div class="css-1q5omjq"><div class="css-fcebb8"><div data-testid="atc-compact" class="css-y94ivq" style="width: 45px;"><button type="button" class="chakra-button css-mudsm6" data-testid="atc-button"><svg stroke="currentColor" fill="currentColor" stroke-width="0" viewBox="0 0 24 24" focusable="false" class="chakra-icon css-1g3sp7a" data-testid="btn-icon" aria-hidden="true" height="1em" width="1em" xmlns="http://www.w3.org/2000/svg"><path d="M19 13h-6v6h-2v-6H5v-2h6V5h2v6h6v2z"></path></svg><span class="css-idkz9h">Add Banana Nut Muffins to cart</span></button></div></div></div></div></div></div><div class="css-0"><div class="css-f5i5wc"><div class="chakra-linkbox css-vhnn8v"><div data-testid="product-image" class="css-16dr4ly"><img alt="Crispy Coconut Short Bread Cookie 0.35 kg, $1.14/100g" src="https://assets.shop.loblaws.ca/products/20820643/b3/en/front/20820643_front_a06_@2.png" srcset="https://assets.shop.loblaws.ca/products/20820643/b3/en/front/20820643_front_a06_@2.png 1x, https://assets.shop.loblaws.ca/products/20820643/b3/en/front/20820643_front_a06_@2.png 2x" loading="lazy" class="chakra-image css-oguq8l" aria-hidden="true"></div><div class="css-qoklea"><div class="css-12dchmx"></div><div data-testid="price-product-tile" class="css-8atqhb"><p class="chakra-text css-0"><span class="chakra-text css-pwnbcb" data-testid="regular-price"><span class="css-idkz9h">$3.99</span>$3.99</span></p></div><a href="/coconut-short-bread-cookie/p/20820643_EA?source=nspt" class="chakra-linkbox__overlay css-1hnz6hu"><div class="css-0"><p class="chakra-text css-1ecdp9w" data-testid="product-brand">Crispy</p><h3 class="chakra-heading css-6qrhwc" id="20820643_EA" data-testid="product-title">Coconut Short Bread Cookie</h3><p class="chakra-text css-1yftjin" data-testid="product-package-size">0.35 kg, $1.14/100g</p></div></a><div class="css-8keand"></div></div><div class="css-1q5omjq"><div class="css-fcebb8"><div data-testid="atc-compact" class="css-y94ivq" style="width: 45px;"><button type="button" class="chakra-button css-mudsm6" data-testid="atc-button"><svg stroke="currentColor" fill="currentColor" stroke-width="0" viewBox="0 0 24 24" focusable="false" class="chakra-icon css-1g3sp7a" data-testid="btn-icon" aria-hidden="true" height="1em" width="1em" xmlns="http://www.w3.org/2000/svg"><path d="M19 13h-6v6h-2v-6H5v-2h6V5h2v6h6v2z"></path></svg><span class="css-idkz9h">Add Coconut Short Bread Cookie to cart</span></button></div></div><div class="css-4saf4a"><p class="chakra-text css-py8788" data-testid="inventory-badge-text">Low Stock</p></div></div></div></div></div><div class="css-0"><div class="css-f5i5wc"><div class="chakra-linkbox css-vhnn8v"><div data-testid="product-image" class="css-16dr4ly"><img alt="Crispy Vegetarian Cookies 800 g, $0.69/100g" src="https://assets.shop.loblaws.ca/products/20012495/b3/en/front/20012495_front_a06_@2.png" srcset="https://assets.shop.loblaws.ca/products/20012495/b3/en/front/20012495_front_a06_@2.png 1x, https://assets.shop.loblaws.ca/products/20012495/b3/en/front/20012495_front_a06_@2.png 2x" loading="lazy" class="chakra-image css-oguq8l" aria-hidden="true"></div><div class="css-qoklea"><div class="css-12dchmx"></div><div data-testid="price-product-tile" class="css-8atqhb"><p class="chakra-text css-0"><span class="chakra-text css-pwnbcb" data-testid="regular-price"><span class="css-idkz9h">$5.49</span>$5.49</span></p></div><a href="/vegetarian-cookies/p/20012495_EA?source=nspt" class="chakra-linkbox__overlay css-1hnz6hu"><div class="css-0"><p class="chakra-text css-1ecdp9w" data-testid="product-brand">Crispy</p><h3 class="chakra-heading css-6qrhwc" id="20012495_EA" data-testid="product-title">Vegetarian Cookies</h3><p class="chakra-text css-1yftjin" data-testid="product-package-size">800 g, $0.69/100g</p></div></a><div class="css-8keand"></div></div><div class="css-1q5omjq"><div class="css-fcebb8"><div data-testid="atc-compact" class="css-y94ivq" style="width: 45px;"><button type="button" class="chakra-button css-mudsm6" data-testid="atc-button"><svg stroke="currentColor" fill="currentColor" stroke-width="0" viewBox="0 0 24 24" focusable="false" class="chakra-icon css-1g3sp7a" data-testid="btn-icon" aria-hidden="true" height="1em" width="1em" xmlns="http://www.w3.org/2000/svg"><path d="M19 13h-6v6h-2v-6H5v-2h6V5h2v6h6v2z"></path></svg><span class="css-idkz9h">Add Vegetarian Cookies to cart</span></button></div></div></div></div></div></div><div class="css-0"><div class="css-f5i5wc"><div class="chakra-linkbox css-vhnn8v"><div data-testid="product-image" class="css-16dr4ly"><img alt="Delcato Baklava Traditional 400 g, $2.25/100g" src="https://assets.shop.loblaws.ca/products/21160129/b3/en/front/21160129_front_a06_@2.png" srcset="https://assets.shop.loblaws.ca/products/21160129/b3/en/front/21160129_front_a06_@2.png 1x, https://assets.shop.loblaws.ca/products/21160129/b3/en/front/21160129_front_a06_@2.png 2x" loading="lazy" class="chakra-image css-oguq8l" aria-hidden="true"></div><div class="css-qoklea"><div class="css-12dchmx"></div><div data-testid="price-product-tile" class="css-8atqhb"><p class="chakra-text css-0"><span class="chakra-text css-pwnbcb" data-testid="regular-price"><span class="css-idkz9h">$8.99</span>$8.99</span></p></div><a href="/baklava-traditional/p/21160129_EA?source=nspt" class="chakra-linkbox__overlay css-1hnz6hu"><div class="css-0"><p class="chakra-text css-1ecdp9w" data-testid="product-brand">Delcato</p><h3 class="chakra-heading css-6qrhwc" id="21160129_EA" data-testid="product-title">Baklava Traditional</h3><p class="chakra-text css-1yftjin" data-testid="product-package-size">400 g, $2.25/100g</p></div></a><div class="css-8keand"></div></div><div class="css-1q5omjq"><div class="css-fcebb8"><div data-testid="atc-compact" class="css-y94ivq" style="width: 45px;"><button type="button" class="chakra-button css-mudsm6" data-testid="atc-button"><svg stroke="currentColor" fill="currentColor" stroke-width="0" viewBox="0 0 24 24" focusable="false" class="chakra-icon css-1g3sp7a" data-testid="btn-icon" aria-hidden="true" height="1em" width="1em" xmlns="http://www.w3.org/2000/svg"><path d="M19 13h-6v6h-2v-6H5v-2h6V5h2v6h6v2z"></path></svg><span class="css-idkz9h">Add Baklava Traditional to cart</span></button></div></div></div></div></div></div><div class="css-0"><div class="css-f5i5wc"><div class="chakra-linkbox css-vhnn8v"><div data-testid="product-image" class="css-16dr4ly"><img alt="Crispy Tea Rusk 200 g, $1.00/100g" src="https://assets.shop.loblaws.ca/products/20121530/b3/en/front/20121530_front_a06_@2.png" srcset="https://assets.shop.loblaws.ca/products/20121530/b3/en/front/20121530_front_a06_@2.png 1x, https://assets.shop.loblaws.ca/products/20121530/b3/en/front/20121530_front_a06_@2.png 2x" loading="lazy" class="chakra-image css-oguq8l" aria-hidden="true"></div><div class="css-qoklea"><div class="css-12dchmx"></div><div data-testid="price-product-tile" class="css-8atqhb"><p class="chakra-text css-0"><span class="chakra-text css-pwnbcb" data-testid="regular-price"><span class="css-idkz9h">$1.99</span>$1.99</span></p></div><a href="/tea-rusk/p/20121530_EA?source=nspt" class="chakra-linkbox__overlay css-1hnz6hu"><div class="css-0"><p class="chakra-text css-1ecdp9w" data-testid="product-brand">Crispy</p><h3 class="chakra-heading css-6qrhwc" id="20121530_EA" data-testid="product-title">Tea Rusk</h3><p class="chakra-text css-1yftjin" data-testid="product-package-size">200 g, $1.00/100g</p></div></a><div class="css-8keand"></div></div><div class="css-1q5omjq"><div class="css-fcebb8"><div data-testid="atc-compact" class="css-y94ivq" style="width: 45px;"><button type="button" class="chakra-button css-mudsm6" data-testid="atc-button"><svg stroke="currentColor" fill="currentColor" stroke-width="0" viewBox="0 0 24 24" focusable="false" class="chakra-icon css-1g3sp7a" data-testid="btn-icon" aria-hidden="true" height="1em" width="1em" xmlns="http://www.w3.org/2000/svg"><path d="M19 13h-6v6h-2v-6H5v-2h6V5h2v6h6v2z"></path></svg><span class="css-idkz9h">Add Tea Rusk to cart</span></button></div></div></div></div></div></div><div class="css-0"><div class="css-f5i5wc"><div class="chakra-linkbox css-vhnn8v"><div data-testid="product-image" class="css-16dr4ly"><img alt="null Mini Apple &amp; Raspberry Strudel 792 g, $0.76/100g" src="https://assets.shop.loblaws.ca/products/21549532/b3/en/front/21549532_front_a06_@2.png" srcset="https://assets.shop.loblaws.ca/products/21549532/b3/en/front/21549532_front_a06_@2.png 1x, https://assets.shop.loblaws.ca/products/21549532/b3/en/front/21549532_front_a06_@2.png 2x" loading="lazy" class="chakra-image css-oguq8l" aria-hidden="true"></div><div class="css-qoklea"><div class="css-12dchmx"></div><div data-testid="price-product-tile" class="css-8atqhb"><p class="chakra-text css-0"><span class="chakra-text css-pwnbcb" data-testid="regular-price"><span class="css-idkz9h">$6.00</span>$6.00</span></p></div><a href="/mini-apple-raspberry-strudel/p/21549532_EA?source=nspt" class="chakra-linkbox__overlay css-1hnz6hu"><div class="css-0"><h3 class="chakra-heading css-6qrhwc" id="21549532_EA" data-testid="product-title">Mini Apple &amp; Raspberry Strudel</h3><p class="chakra-text css-1yftjin" data-testid="product-package-size">792 g, $0.76/100g</p></div></a><div class="css-8keand"></div></div><div class="css-1q5omjq"><div class="css-fcebb8"><div data-testid="atc-compact" class="css-y94ivq" style="width: 45px;"><button type="button" class="chakra-button css-mudsm6" data-testid="atc-button"><svg stroke="currentColor" fill="currentColor" stroke-width="0" viewBox="0 0 24 24" focusable="false" class="chakra-icon css-1g3sp7a" data-testid="btn-icon" aria-hidden="true" height="1em" width="1em" xmlns="http://www.w3.org/2000/svg"><path d="M19 13h-6v6h-2v-6H5v-2h6V5h2v6h6v2z"></path></svg><span class="css-idkz9h">Add Mini Apple &amp; Raspberry Strudel to cart</span></button></div></div></div></div></div></div><div class="css-0"><div class="css-f5i5wc"><div class="chakra-linkbox css-vhnn8v"><div data-testid="product-image" class="css-16dr4ly"><img alt="President's Choice Flake Outs Double Chocolate Croissant Donuts 224 g, $3.13/100g" src="https://assets.shop.loblaws.ca/products/21590229/b3/en/front/21590229_front_a06_@2.png" srcset="https://assets.shop.loblaws.ca/products/21590229/b3/en/front/21590229_front_a06_@2.png 1x, https://assets.shop.loblaws.ca/products/21590229/b3/en/front/21590229_front_a06_@2.png 2x" loading="lazy" class="chakra-image css-oguq8l" aria-hidden="true"></div><div class="css-qoklea"><div class="css-12dchmx"></div><div data-testid="price-product-tile" class="css-8atqhb"><p class="chakra-text css-0"><span class="chakra-text css-pwnbcb" data-testid="regular-price"><span class="css-idkz9h">$7.00</span>$7.00</span></p></div><a href="/flake-outs-double-chocolate-croissant-donuts/p/21590229_EA?source=nspt" class="chakra-linkbox__overlay css-1hnz6hu"><div class="css-0"><p class="chakra-text css-1ecdp9w" data-testid="product-brand">President's Choice</p><h3 class="chakra-heading css-6qrhwc" id="21590229_EA" data-testid="product-title">Flake Outs Double Chocolate Croissant Donuts</h3><p class="chakra-text css-1yftjin" data-testid="product-package-size">224 g, $3.13/100g</p></div></a><div class="css-8keand"></div></div><div class="css-1q5omjq"><div class="css-fcebb8"><div data-testid="atc-compact" class="css-y94ivq" style="width: 45px;"><button type="button" class="chakra-button css-mudsm6" data-testid="atc-button"><svg stroke="currentColor" fill="currentColor" stroke-width="0" viewBox="0 0 24 24" focusable="false" class="chakra-icon css-1g3sp7a" data-testid="btn-icon" aria-hidden="true" height="1em" width="1em" xmlns="http://www.w3.org/2000/svg"><path d="M19 13h-6v6h-2v-6H5v-2h6V5h2v6h6v2z"></path></svg><span class="css-idkz9h">Add Flake Outs Double Chocolate Croissant Donuts to cart</span></button></div></div><div class="css-4saf4a"><p class="chakra-text css-py8788" data-testid="inventory-badge-text">Low Stock</p></div></div></div></div></div><div class="css-0"><div class="css-f5i5wc"><div class="chakra-linkbox css-vhnn8v"><div data-testid="product-image" class="css-16dr4ly"><img alt="Donut Time 6 Glazed Donuts 250 g 250 g, $0.80/100g" src="https://assets.shop.loblaws.ca/products/21342096/b3/en/front/21342096_front_a06_@2.png" srcset="https://assets.shop.loblaws.ca/products/21342096/b3/en/front/21342096_front_a06_@2.png 1x, https://assets.shop.loblaws.ca/products/21342096/b3/en/front/21342096_front_a06_@2.png 2x" loading="lazy" class="chakra-image css-oguq8l" aria-hidden="true"></div><div class="css-qoklea"><div class="css-12dchmx"></div><div data-testid="price-product-tile" class="css-8atqhb"><p class="chakra-text css-0"><span class="chakra-text css-pwnbcb" data-testid="regular-price"><span class="css-idkz9h">$2.00</span>$2.00</span></p></div><a href="/6-glazed-donuts-250-g/p/21342096_EA?source=nspt" class="chakra-linkbox__overlay css-1hnz6hu"><div class="css-0"><p class="chakra-text css-1ecdp9w" data-testid="product-brand">Donut Time</p><h3 class="chakra-heading css-6qrhwc" id="21342096_EA" data-testid="product-title">6 Glazed Donuts 250 g</h3><p class="chakra-text css-1yftjin" data-testid="product-package-size">250 g, $0.80/100g</p></div></a><div class="css-8keand"></div></div><div class="css-1q5omjq"><div class="css-fcebb8"><div data-testid="atc-compact" class="css-y94ivq" style="width: 45px;"><button type="button" class="chakra-button css-mudsm6" data-testid="atc-button"><svg stroke="currentColor" fill="currentColor" stroke-width="0" viewBox="0 0 24 24" focusable="false" class="chakra-icon css-1g3sp7a" data-testid="btn-icon" aria-hidden="true" height="1em" width="1em" xmlns="http://www.w3.org/2000/svg"><path d="M19 13h-6v6h-2v-6H5v-2h6V5h2v6h6v2z"></path></svg><span class="css-idkz9h">Add 6 Glazed Donuts 250 g to cart</span></button></div></div></div></div></div></div><div class="css-0"><div class="css-f5i5wc"><div class="chakra-linkbox css-vhnn8v"><div data-testid="product-image" class="css-16dr4ly"><img alt="Old Mill Cherry Pie 8 Inch 550 g, $0.82/100g" src="https://assets.shop.loblaws.ca/products/21339521/b3/en/front/21339521_front_a06_@2.png" srcset="https://assets.shop.loblaws.ca/products/21339521/b3/en/front/21339521_front_a06_@2.png 1x, https://assets.shop.loblaws.ca/products/21339521/b3/en/front/21339521_front_a06_@2.png 2x" loading="lazy" class="chakra-image css-oguq8l" aria-hidden="true"></div><div class="css-qoklea"><div class="css-12dchmx"></div><div data-testid="price-product-tile" class="css-8atqhb"><p class="chakra-text css-0"><span class="chakra-text css-pwnbcb" data-testid="regular-price"><span class="css-idkz9h">$4.50</span>$4.50</span></p></div><a href="/cherry-pie-8-inch/p/21339521_EA?source=nspt" class="chakra-linkbox__overlay css-1hnz6hu"><div class="css-0"><p class="chakra-text css-1ecdp9w" data-testid="product-brand">Old Mill</p><h3 class="chakra-heading css-6qrhwc" id="21339521_EA" data-testid="product-title">Cherry Pie 8 Inch</h3><p class="chakra-text css-1yftjin" data-testid="product-package-size">550 g, $0.82/100g</p></div></a><div class="css-8keand"></div></div><div class="css-1q5omjq"><div class="css-fcebb8"><div data-testid="atc-compact" class="css-y94ivq" style="width: 45px;"><button type="button" class="chakra-button css-mudsm6" data-testid="atc-button"><svg stroke="currentColor" fill="currentColor" stroke-width="0" viewBox="0 0 24 24" focusable="false" class="chakra-icon css-1g3sp7a" data-testid="btn-icon" aria-hidden="true" height="1em" width="1em" xmlns="http://www.w3.org/2000/svg"><path d="M19 13h-6v6h-2v-6H5v-2h6V5h2v6h6v2z"></path></svg><span class="css-idkz9h">Add Cherry Pie 8 Inch to cart</span></button></div></div></div></div></div></div><div class="css-0"><div class="css-f5i5wc"><div class="chakra-linkbox css-vhnn8v"><div data-testid="product-image" class="css-16dr4ly"><img alt="President's Choice Frostovers Apple Toffee Hand Pies 150 g, $1.33/100g" src="https://assets.shop.loblaws.ca/products/21588524/b3/en/front/21588524_front_a06_@2.png" srcset="https://assets.shop.loblaws.ca/products/21588524/b3/en/front/21588524_front_a06_@2.png 1x, https://assets.shop.loblaws.ca/products/21588524/b3/en/front/21588524_front_a06_@2.png 2x" loading="lazy" class="chakra-image css-oguq8l" aria-hidden="true"></div><div class="css-qoklea"><div class="css-12dchmx"></div><div data-testid="price-product-tile" class="css-8atqhb"><p class="chakra-text css-0"><span class="chakra-text css-pwnbcb" data-testid="regular-price"><span class="css-idkz9h">$2.00</span>$2.00</span></p></div><a href="/frostovers-apple-toffee-hand-pies/p/21588524_EA?source=nspt" class="chakra-linkbox__overlay css-1hnz6hu"><div class="css-0"><p class="chakra-text css-1ecdp9w" data-testid="product-brand">President's Choice</p><h3 class="chakra-heading css-6qrhwc" id="21588524_EA" data-testid="product-title">Frostovers Apple Toffee Hand Pies</h3><p class="chakra-text css-1yftjin" data-testid="product-package-size">150 g, $1.33/100g</p></div></a><div class="css-8keand"></div></div><div class="css-1q5omjq"><div class="css-fcebb8"><div data-testid="atc-compact" class="css-y94ivq" style="width: 45px;"><button type="button" class="chakra-button css-mudsm6" data-testid="atc-button"><svg stroke="currentColor" fill="currentColor" stroke-width="0" viewBox="0 0 24 24" focusable="false" class="chakra-icon css-1g3sp7a" data-testid="btn-icon" aria-hidden="true" height="1em" width="1em" xmlns="http://www.w3.org/2000/svg"><path d="M19 13h-6v6h-2v-6H5v-2h6V5h2v6h6v2z"></path></svg><span class="css-idkz9h">Add Frostovers Apple Toffee Hand Pies to cart</span></button></div></div></div></div></div></div><div class="css-0"><div class="css-f5i5wc"><div class="chakra-linkbox css-vhnn8v"><div data-testid="product-image" class="css-16dr4ly"><img alt="Donut Time Old Fashion Glazed Donuts 390 g, $1.15/100g" src="https://assets.shop.loblaws.ca/products/21468892/b3/en/front/21468892_front_a06_@2.png" srcset="https://assets.shop.loblaws.ca/products/21468892/b3/en/front/21468892_front_a06_@2.png 1x, https://assets.shop.loblaws.ca/products/21468892/b3/en/front/21468892_front_a06_@2.png 2x" loading="lazy" class="chakra-image css-oguq8l" aria-hidden="true"></div><div class="css-qoklea"><div class="css-12dchmx"></div><div data-testid="price-product-tile" class="css-8atqhb"><p class="chakra-text css-0"><span class="chakra-text css-pwnbcb" data-testid="regular-price"><span class="css-idkz9h">$4.50</span>$4.50</span></p></div><a href="/old-fashion-glazed-donuts/p/21468892_EA?source=nspt" class="chakra-linkbox__overlay css-1hnz6hu"><div class="css-0"><p class="chakra-text css-1ecdp9w" data-testid="product-brand">Donut Time</p><h3 class="chakra-heading css-6qrhwc" id="21468892_EA" data-testid="product-title">Old Fashion Glazed Donuts</h3><p class="chakra-text css-1yftjin" data-testid="product-package-size">390 g, $1.15/100g</p></div></a><div class="css-8keand"></div></div><div class="css-1q5omjq"><div class="css-fcebb8"><div data-testid="atc-compact" class="css-y94ivq" style="width: 45px;"><button type="button" class="chakra-button css-mudsm6" data-testid="atc-button"><svg stroke="currentColor" fill="currentColor" stroke-width="0" viewBox="0 0 24 24" focusable="false" class="chakra-icon css-1g3sp7a" data-testid="btn-icon" aria-hidden="true" height="1em" width="1em" xmlns="http://www.w3.org/2000/svg"><path d="M19 13h-6v6h-2v-6H5v-2h6V5h2v6h6v2z"></path></svg><span class="css-idkz9h">Add Old Fashion Glazed Donuts to cart</span></button></div></div></div></div></div></div><div class="css-0"><div class="css-f5i5wc"><div class="chakra-linkbox css-vhnn8v"><div data-testid="product-image" class="css-16dr4ly"><img alt="Weight Watchers Chocolate Brownie 144 g, $2.08/100g" src="https://assets.shop.loblaws.ca/products/20846250/b3/en/front/20846250_front_a06_@2.png" srcset="https://assets.shop.loblaws.ca/products/20846250/b3/en/front/20846250_front_a06_@2.png 1x, https://assets.shop.loblaws.ca/products/20846250/b3/en/front/20846250_front_a06_@2.png 2x" loading="lazy" class="chakra-image css-oguq8l" aria-hidden="true"></div><div class="css-qoklea"><div class="css-12dchmx"></div><div data-testid="price-product-tile" class="css-8atqhb"><p class="chakra-text css-0"><span class="chakra-text css-pwnbcb" data-testid="regular-price"><span class="css-idkz9h">$2.99</span>$2.99</span></p></div><a href="/chocolate-brownie/p/20846250_EA?source=nspt" class="chakra-linkbox__overlay css-1hnz6hu"><div class="css-0"><p class="chakra-text css-1ecdp9w" data-testid="product-brand">Weight Watchers</p><h3 class="chakra-heading css-6qrhwc" id="20846250_EA" data-testid="product-title">Chocolate Brownie</h3><p class="chakra-text css-1yftjin" data-testid="product-package-size">144 g, $2.08/100g</p></div></a><div class="css-8keand"></div></div><div class="css-1q5omjq"><div class="css-fcebb8"><div data-testid="atc-compact" class="css-y94ivq" style="width: 45px;"><button disabled="" type="button" class="chakra-button css-mudsm6" data-testid="atc-button"><svg stroke="currentColor" fill="currentColor" stroke-width="0" viewBox="0 0 24 24" focusable="false" class="chakra-icon css-1g3sp7a" data-testid="btn-icon" aria-hidden="true" height="1em" width="1em" xmlns="http://www.w3.org/2000/svg"><path d="M19 13h-6v6h-2v-6H5v-2h6V5h2v6h6v2z"></path></svg><span class="css-idkz9h">Add Chocolate Brownie to cart</span></button></div></div><div class="css-4saf4a"><p class="chakra-text css-py8788" data-testid="inventory-badge-text">Out of Stock</p></div></div></div></div></div><div class="css-0"><div class="css-f5i5wc"><div class="chakra-linkbox css-vhnn8v"><div data-testid="product-image" class="css-16dr4ly"><img alt="Annettes Hawaiian Donuts 450 g, $0.67/100g" src="https://assets.shop.loblaws.ca/products/20874207/b3/en/front/20874207_front_a06_@2.png" srcset="https://assets.shop.loblaws.ca/products/20874207/b3/en/front/20874207_front_a06_@2.png 1x, https://assets.shop.loblaws.ca/products/20874207/b3/en/front/20874207_front_a06_@2.png 2x" loading="lazy" class="chakra-image css-oguq8l" aria-hidden="true"></div><div class="css-qoklea"><div class="css-12dchmx"></div><div data-testid="price-product-tile" class="css-8atqhb"><p class="chakra-text css-0"><span class="chakra-text css-pwnbcb" data-testid="regular-price"><span class="css-idkz9h">$3.00</span>$3.00</span></p></div><a href="/hawaiian-donuts/p/20874207_EA?source=nspt" class="chakra-linkbox__overlay css-1hnz6hu"><div class="css-0"><p class="chakra-text css-1ecdp9w" data-testid="product-brand">Annettes</p><h3 class="chakra-heading css-6qrhwc" id="20874207_EA" data-testid="product-title">Hawaiian Donuts</h3><p class="chakra-text css-1yftjin" data-testid="product-package-size">450 g, $0.67/100g</p></div></a><div class="css-8keand"></div></div><div class="css-1q5omjq"><div class="css-fcebb8"><div data-testid="atc-compact" class="css-y94ivq" style="width: 45px;"><button disabled="" type="button" class="chakra-button css-mudsm6" data-testid="atc-button"><svg stroke="currentColor" fill="currentColor" stroke-width="0" viewBox="0 0 24 24" focusable="false" class="chakra-icon css-1g3sp7a" data-testid="btn-icon" aria-hidden="true" height="1em" width="1em" xmlns="http://www.w3.org/2000/svg"><path d="M19 13h-6v6h-2v-6H5v-2h6V5h2v6h6v2z"></path></svg><span class="css-idkz9h">Add Hawaiian Donuts to cart</span></button></div></div><div class="css-4saf4a"><p class="chakra-text css-py8788" data-testid="inventory-badge-text">Out of Stock</p></div></div></div></div></div><div class="css-0"><div class="css-f5i5wc"><div class="chakra-linkbox css-vhnn8v"><div data-testid="product-image" class="css-16dr4ly"><img alt="Crispy Spicy Savoury Snack Masala Para 360 g, $1.16/100g" src="https://assets.shop.loblaws.ca/products/21546419/b3/en/front/21546419_front_a06_@2.png" srcset="https://assets.shop.loblaws.ca/products/21546419/b3/en/front/21546419_front_a06_@2.png 1x, https://assets.shop.loblaws.ca/products/21546419/b3/en/front/21546419_front_a06_@2.png 2x" loading="lazy" class="chakra-image css-oguq8l" aria-hidden="true"></div><div class="css-qoklea"><div class="css-12dchmx"></div><div data-testid="price-product-tile" class="css-8atqhb"><p class="chakra-text css-0"><span class="chakra-text css-pwnbcb" data-testid="regular-price"><span class="css-idkz9h">$4.19</span>$4.19</span></p></div><a href="/spicy-savoury-snack-masala-para/p/21546419_EA?source=nspt" class="chakra-linkbox__overlay css-1hnz6hu"><div class="css-0"><p class="chakra-text css-1ecdp9w" data-testid="product-brand">Crispy</p><h3 class="chakra-heading css-6qrhwc" id="21546419_EA" data-testid="product-title">Spicy Savoury Snack Masala Para</h3><p class="chakra-text css-1yftjin" data-testid="product-package-size">360 g, $1.16/100g</p></div></a><div class="css-8keand"></div></div><div class="css-1q5omjq"><div class="css-fcebb8"><div data-testid="atc-compact" class="css-y94ivq" style="width: 45px;"><button type="button" class="chakra-button css-mudsm6" data-testid="atc-button"><svg stroke="currentColor" fill="currentColor" stroke-width="0" viewBox="0 0 24 24" focusable="false" class="chakra-icon css-1g3sp7a" data-testid="btn-icon" aria-hidden="true" height="1em" width="1em" xmlns="http://www.w3.org/2000/svg"><path d="M19 13h-6v6h-2v-6H5v-2h6V5h2v6h6v2z"></path></svg><span class="css-idkz9h">Add Spicy Savoury Snack Masala Para to cart</span></button></div></div></div></div></div></div><div class="css-0"><div class="css-f5i5wc"><div class="chakra-linkbox css-vhnn8v"><div data-testid="product-image" class="css-16dr4ly"><img alt="Crispy Cumin/Zeera Short Bread Cookie 0.35 kg, $1.14/100g" src="https://assets.shop.loblaws.ca/products/20820650/b3/en/front/20820650_front_a06_@2.png" srcset="https://assets.shop.loblaws.ca/products/20820650/b3/en/front/20820650_front_a06_@2.png 1x, https://assets.shop.loblaws.ca/products/20820650/b3/en/front/20820650_front_a06_@2.png 2x" loading="lazy" class="chakra-image css-oguq8l" aria-hidden="true"></div><div class="css-qoklea"><div class="css-12dchmx"></div><div data-testid="price-product-tile" class="css-8atqhb"><p class="chakra-text css-0"><span class="chakra-text css-pwnbcb" data-testid="regular-price"><span class="css-idkz9h">$3.99</span>$3.99</span></p></div><a href="/cumin-zeera-short-bread-cookie/p/20820650_EA?source=nspt" class="chakra-linkbox__overlay css-1hnz6hu"><div class="css-0"><p class="chakra-text css-1ecdp9w" data-testid="product-brand">Crispy</p><h3 class="chakra-heading css-6qrhwc" id="20820650_EA" data-testid="product-title">Cumin/Zeera Short Bread Cookie</h3><p class="chakra-text css-1yftjin" data-testid="product-package-size">0.35 kg, $1.14/100g</p></div></a><div class="css-8keand"></div></div><div class="css-1q5omjq"><div class="css-fcebb8"><div data-testid="atc-compact" class="css-y94ivq" style="width: 45px;"><button type="button" class="chakra-button css-mudsm6" data-testid="atc-button"><svg stroke="currentColor" fill="currentColor" stroke-width="0" viewBox="0 0 24 24" focusable="false" class="chakra-icon css-1g3sp7a" data-testid="btn-icon" aria-hidden="true" height="1em" width="1em" xmlns="http://www.w3.org/2000/svg"><path d="M19 13h-6v6h-2v-6H5v-2h6V5h2v6h6v2z"></path></svg><span class="css-idkz9h">Add Cumin/Zeera Short Bread Cookie to cart</span></button></div></div></div></div></div></div><div class="css-0"><div class="css-f5i5wc"><div class="chakra-linkbox css-vhnn8v"><div data-testid="product-image" class="css-16dr4ly"><img alt="T&amp;T Almond Cookies 304 g, $1.29/100g" src="https://assets.shop.loblaws.ca/products/20663391/b3/en/front/20663391_front_a06_@2.png" srcset="https://assets.shop.loblaws.ca/products/20663391/b3/en/front/20663391_front_a06_@2.png 1x, https://assets.shop.loblaws.ca/products/20663391/b3/en/front/20663391_front_a06_@2.png 2x" loading="lazy" class="chakra-image css-oguq8l" aria-hidden="true"></div><div class="css-qoklea"><div class="css-12dchmx"></div><div data-testid="price-product-tile" class="css-8atqhb"><p class="chakra-text css-0"><span class="chakra-text css-pwnbcb" data-testid="regular-price"><span class="css-idkz9h">$3.49</span>$3.49</span></p></div><a href="/almond-cookies/p/20663391_EA?source=nspt" class="chakra-linkbox__overlay css-1hnz6hu"><div class="css-0"><p class="chakra-text css-1ecdp9w" data-testid="product-brand">T&amp;T</p><h3 class="chakra-heading css-6qrhwc" id="20663391_EA" data-testid="product-title">Almond Cookies</h3><p class="chakra-text css-1yftjin" data-testid="product-package-size">304 g, $1.29/100g</p></div></a><div class="css-8keand"></div></div><div class="css-1q5omjq"><div class="css-fcebb8"><div data-testid="atc-compact" class="css-y94ivq" style="width: 45px;"><button disabled="" type="button" class="chakra-button css-mudsm6" data-testid="atc-button"><svg stroke="currentColor" fill="currentColor" stroke-width="0" viewBox="0 0 24 24" focusable="false" class="chakra-icon css-1g3sp7a" data-testid="btn-icon" aria-hidden="true" height="1em" width="1em" xmlns="http://www.w3.org/2000/svg"><path d="M19 13h-6v6h-2v-6H5v-2h6V5h2v6h6v2z"></path></svg><span class="css-idkz9h">Add Almond Cookies to cart</span></button></div></div><div class="css-4saf4a"><p class="chakra-text css-py8788" data-testid="inventory-badge-text">Out of Stock</p></div></div></div></div></div><div class="css-0"><div class="css-f5i5wc"><div class="chakra-linkbox css-vhnn8v"><div data-testid="product-image" class="css-16dr4ly"><img alt="Surati Punjabi Biscuits Sooji Semolina 1.136 kg, $0.62/100g" src="https://assets.shop.loblaws.ca/products/20695092/b3/en/front/20695092_front_a06_@2.png" srcset="https://assets.shop.loblaws.ca/products/20695092/b3/en/front/20695092_front_a06_@2.png 1x, https://assets.shop.loblaws.ca/products/20695092/b3/en/front/20695092_front_a06_@2.png 2x" loading="lazy" class="chakra-image css-oguq8l" aria-hidden="true"></div><div class="css-qoklea"><div class="css-12dchmx"></div><div data-testid="price-product-tile" class="css-8atqhb"><p class="chakra-text css-0"><span class="chakra-text css-pwnbcb" data-testid="regular-price"><span class="css-idkz9h">$6.99</span>$6.99</span></p></div><a href="/punjabi-biscuits-sooji-semolina/p/20695092_EA?source=nspt" class="chakra-linkbox__overlay css-1hnz6hu"><div class="css-0"><p class="chakra-text css-1ecdp9w" data-testid="product-brand">Surati</p><h3 class="chakra-heading css-6qrhwc" id="20695092_EA" data-testid="product-title">Punjabi Biscuits Sooji Semolina</h3><p class="chakra-text css-1yftjin" data-testid="product-package-size">1.136 kg, $0.62/100g</p></div></a><div class="css-8keand"></div></div><div class="css-1q5omjq"><div class="css-fcebb8"><div data-testid="atc-compact" class="css-y94ivq" style="width: 45px;"><button disabled="" type="button" class="chakra-button css-mudsm6" data-testid="atc-button"><svg stroke="currentColor" fill="currentColor" stroke-width="0" viewBox="0 0 24 24" focusable="false" class="chakra-icon css-1g3sp7a" data-testid="btn-icon" aria-hidden="true" height="1em" width="1em" xmlns="http://www.w3.org/2000/svg"><path d="M19 13h-6v6h-2v-6H5v-2h6V5h2v6h6v2z"></path></svg><span class="css-idkz9h">Add Punjabi Biscuits Sooji Semolina to cart</span></button></div></div><div class="css-4saf4a"><p class="chakra-text css-py8788" data-testid="inventory-badge-text">Out of Stock</p></div></div></div></div></div><div class="css-0"><div class="css-f5i5wc"><div class="chakra-linkbox css-vhnn8v"><div data-testid="product-image" class="css-16dr4ly"><img alt="Little Debbie Vanilla Valentine Cake 312 g, $0.80/100g" src="https://assets.shop.loblaws.ca/products/20853875/b3/en/front/20853875_front_a06_@2.png" srcset="https://assets.shop.loblaws.ca/products/20853875/b3/en/front/20853875_front_a06_@2.png 1x, https://assets.shop.loblaws.ca/products/20853875/b3/en/front/20853875_front_a06_@2.png 2x" loading="lazy" class="chakra-image css-oguq8l" aria-hidden="true"></div><div class="css-qoklea"><div class="css-12dchmx"></div><div data-testid="price-product-tile" class="css-8atqhb"><p class="chakra-text css-0"><span class="chakra-text css-pwnbcb" data-testid="regular-price"><span class="css-idkz9h">$2.49</span>$2.49</span></p></div><a href="/vanilla-valentine-cake/p/20853875_EA?source=nspt" class="chakra-linkbox__overlay css-1hnz6hu"><div class="css-0"><p class="chakra-text css-1ecdp9w" data-testid="product-brand">Little Debbie</p><h3 class="chakra-heading css-6qrhwc" id="20853875_EA" data-testid="product-title">Vanilla Valentine Cake</h3><p class="chakra-text css-1yftjin" data-testid="product-package-size">312 g, $0.80/100g</p></div></a><div class="css-8keand"></div></div><div class="css-1q5omjq"><div class="css-fcebb8"><div data-testid="atc-compact" class="css-y94ivq" style="width: 45px;"><button type="button" class="chakra-button css-mudsm6" data-testid="atc-button"><svg stroke="currentColor" fill="currentColor" stroke-width="0" viewBox="0 0 24 24" focusable="false" class="chakra-icon css-1g3sp7a" data-testid="btn-icon" aria-hidden="true" height="1em" width="1em" xmlns="http://www.w3.org/2000/svg"><path d="M19 13h-6v6h-2v-6H5v-2h6V5h2v6h6v2z"></path></svg><span class="css-idkz9h">Add Vanilla Valentine Cake to cart</span></button></div></div></div></div></div></div><div class="css-0"><div class="css-f5i5wc"><div class="chakra-linkbox css-vhnn8v"><div data-testid="product-image" class="css-16dr4ly"><img alt="Delcato Petit Fours Gourmet Assorted 410 g, $2.68/100g" src="https://assets.shop.loblaws.ca/products/21194161/b3/en/front/21194161_front_a06_@2.png" srcset="https://assets.shop.loblaws.ca/products/21194161/b3/en/front/21194161_front_a06_@2.png 1x, https://assets.shop.loblaws.ca/products/21194161/b3/en/front/21194161_front_a06_@2.png 2x" loading="lazy" class="chakra-image css-oguq8l" aria-hidden="true"></div><div class="css-qoklea"><div class="css-12dchmx"></div><div data-testid="price-product-tile" class="css-8atqhb"><p class="chakra-text css-0"><span class="chakra-text css-pwnbcb" data-testid="regular-price"><span class="css-idkz9h">$11.00</span>$11.00</span></p></div><a href="/petit-fours-gourmet-assorted/p/21194161_EA?source=nspt" class="chakra-linkbox__overlay css-1hnz6hu"><div class="css-0"><p class="chakra-text css-1ecdp9w" data-testid="product-brand">Delcato</p><h3 class="chakra-heading css-6qrhwc" id="21194161_EA" data-testid="product-title">Petit Fours Gourmet Assorted</h3><p class="chakra-text css-1yftjin" data-testid="product-package-size">410 g, $2.68/100g</p></div></a><div class="css-8keand"></div></div><div class="css-1q5omjq"><div class="css-fcebb8"><div data-testid="atc-compact" class="css-y94ivq" style="width: 45px;"><button type="button" class="chakra-button css-mudsm6" data-testid="atc-button"><svg stroke="currentColor" fill="currentColor" stroke-width="0" viewBox="0 0 24 24" focusable="false" class="chakra-icon css-1g3sp7a" data-testid="btn-icon" aria-hidden="true" height="1em" width="1em" xmlns="http://www.w3.org/2000/svg"><path d="M19 13h-6v6h-2v-6H5v-2h6V5h2v6h6v2z"></path></svg><span class="css-idkz9h">Add Petit Fours Gourmet Assorted to cart</span></button></div></div></div></div></div></div><div class="css-0"><div class="css-f5i5wc"><div class="chakra-linkbox css-vhnn8v"><div data-testid="product-image" class="css-16dr4ly"><img alt="Farmer's Market Peanut Butter Cookies 798 g, $1.00/100g" src="https://assets.shop.loblaws.ca/products/20752916/b3/en/front/20752916_front_a06_@2.png" srcset="https://assets.shop.loblaws.ca/products/20752916/b3/en/front/20752916_front_a06_@2.png 1x, https://assets.shop.loblaws.ca/products/20752916/b3/en/front/20752916_front_a06_@2.png 2x" loading="lazy" class="chakra-image css-oguq8l" aria-hidden="true"></div><div class="css-qoklea"><div class="css-12dchmx"></div><div data-testid="price-product-tile" class="css-8atqhb"><p class="chakra-text css-0"><span class="chakra-text css-pwnbcb" data-testid="regular-price"><span class="css-idkz9h">$8.00</span>$8.00</span></p></div><a href="/peanut-butter-cookies/p/20752916_EA?source=nspt" class="chakra-linkbox__overlay css-1hnz6hu"><div class="css-0"><p class="chakra-text css-1ecdp9w" data-testid="product-brand">Farmer's Market</p><h3 class="chakra-heading css-6qrhwc" id="20752916_EA" data-testid="product-title">Peanut Butter Cookies</h3><p class="chakra-text css-1yftjin" data-testid="product-package-size">798 g, $1.00/100g</p></div></a><div class="css-8keand"></div></div><div class="css-1q5omjq"><div class="css-fcebb8"><div data-testid="atc-compact" class="css-y94ivq" style="width: 45px;"><button disabled="" type="button" class="chakra-button css-mudsm6" data-testid="atc-button"><svg stroke="currentColor" fill="currentColor" stroke-width="0" viewBox="0 0 24 24" focusable="false" class="chakra-icon css-1g3sp7a" data-testid="btn-icon" aria-hidden="true" height="1em" width="1em" xmlns="http://www.w3.org/2000/svg"><path d="M19 13h-6v6h-2v-6H5v-2h6V5h2v6h6v2z"></path></svg><span class="css-idkz9h">Add Peanut Butter Cookies to cart</span></button></div></div><div class="css-4saf4a"><p class="chakra-text css-py8788" data-testid="inventory-badge-text">Out of Stock</p></div></div></div></div></div><div class="css-0"><div class="css-f5i5wc"><div class="chakra-linkbox css-vhnn8v"><div data-testid="product-image" class="css-16dr4ly"><img alt="President's Choice S'mores Cream Pie  730 g, $1.64/100g" src="https://assets.shop.loblaws.ca/products/21574358/b3/en/front/21574358_front_a06_@2.png" srcset="https://assets.shop.loblaws.ca/products/21574358/b3/en/front/21574358_front_a06_@2.png 1x, https://assets.shop.loblaws.ca/products/21574358/b3/en/front/21574358_front_a06_@2.png 2x" loading="lazy" class="chakra-image css-oguq8l" aria-hidden="true"></div><div class="css-qoklea"><div class="css-12dchmx"></div><div data-testid="price-product-tile" class="css-8atqhb"><p class="chakra-text css-0"><span class="chakra-text css-pwnbcb" data-testid="regular-price"><span class="css-idkz9h">$11.99</span>$11.99</span></p></div><a href="/s-mores-cream-pie/p/21574358_EA?source=nspt" class="chakra-linkbox__overlay css-1hnz6hu"><div class="css-0"><p class="chakra-text css-1ecdp9w" data-testid="product-brand">President's Choice</p><h3 class="chakra-heading css-6qrhwc" id="21574358_EA" data-testid="product-title">S'mores Cream Pie </h3><p class="chakra-text css-1yftjin" data-testid="product-package-size">730 g, $1.64/100g</p></div></a><div class="css-8keand"></div></div><div class="css-1q5omjq"><div class="css-fcebb8"><div data-testid="atc-compact" class="css-y94ivq" style="width: 45px;"><button type="button" class="chakra-button css-mudsm6" data-testid="atc-button"><svg stroke="currentColor" fill="currentColor" stroke-width="0" viewBox="0 0 24 24" focusable="false" class="chakra-icon css-1g3sp7a" data-testid="btn-icon" aria-hidden="true" height="1em" width="1em" xmlns="http://www.w3.org/2000/svg"><path d="M19 13h-6v6h-2v-6H5v-2h6V5h2v6h6v2z"></path></svg><span class="css-idkz9h">Add S'mores Cream Pie  to cart</span></button></div></div></div></div></div></div><div class="css-0"><div class="css-f5i5wc"><div class="chakra-linkbox css-vhnn8v"><div data-testid="product-image" class="css-16dr4ly"><img alt="Farmer's Market T&amp;S Shortbread Cookies Pk 12   372 g, $1.61/100g" src="https://assets.shop.loblaws.ca/products/20725781/b3/en/front/20725781_front_a06_@2.png" srcset="https://assets.shop.loblaws.ca/products/20725781/b3/en/front/20725781_front_a06_@2.png 1x, https://assets.shop.loblaws.ca/products/20725781/b3/en/front/20725781_front_a06_@2.png 2x" loading="lazy" class="chakra-image css-oguq8l" aria-hidden="true"></div><div class="css-qoklea"><div class="css-12dchmx"></div><div data-testid="price-product-tile" class="css-8atqhb"><p class="chakra-text css-0"><span class="chakra-text css-pwnbcb" data-testid="regular-price"><span class="css-idkz9h">$6.00</span>$6.00</span></p></div><a href="/t-s-shortbread-cookies-pk-12/p/20725781_EA?source=nspt" class="chakra-linkbox__overlay css-1hnz6hu"><div class="css-0"><p class="chakra-text css-1ecdp9w" data-testid="product-brand">Farmer's Market</p><h3 class="chakra-heading css-6qrhwc" id="20725781_EA" data-testid="product-title">T&amp;S Shortbread Cookies Pk 12  </h3><p class="chakra-text css-1yftjin" data-testid="product-package-size">372 g, $1.61/100g</p></div></a><div class="css-8keand"></div></div><div class="css-1q5omjq"><div class="css-fcebb8"><div data-testid="atc-compact" class="css-y94ivq" style="width: 45px;"><button type="button" class="chakra-button css-mudsm6" data-testid="atc-button"><svg stroke="currentColor" fill="currentColor" stroke-width="0" viewBox="0 0 24 24" focusable="false" class="chakra-icon css-1g3sp7a" data-testid="btn-icon" aria-hidden="true" height="1em" width="1em" xmlns="http://www.w3.org/2000/svg"><path d="M19 13h-6v6h-2v-6H5v-2h6V5h2v6h6v2z"></path></svg><span class="css-idkz9h">Add T&amp;S Shortbread Cookies Pk 12   to cart</span></button></div></div></div></div></div></div><div class="css-0"><div class="css-f5i5wc"><div class="chakra-linkbox css-vhnn8v"><div data-testid="product-image" class="css-16dr4ly"><img alt="McCain Deep'n Delicious MINIS Cookie Crumble Cake Cups 340 g, $2.20/100g" src="https://assets.shop.loblaws.ca/products/21477873/b3/en/front/21477873_front_a06_@2.png" srcset="https://assets.shop.loblaws.ca/products/21477873/b3/en/front/21477873_front_a06_@2.png 1x, https://assets.shop.loblaws.ca/products/21477873/b3/en/front/21477873_front_a06_@2.png 2x" loading="lazy" class="chakra-image css-oguq8l" aria-hidden="true"></div><div class="css-qoklea"><div class="css-12dchmx"></div><div data-testid="price-product-tile" class="css-8atqhb"><p class="chakra-text css-0"><span class="chakra-text css-pwnbcb" data-testid="regular-price"><span class="css-idkz9h">$7.49</span>$7.49</span></p></div><a href="/deep-n-delicious-minis-cookie-crumble-cake-cups/p/21477873_EA?source=nspt" class="chakra-linkbox__overlay css-1hnz6hu"><div class="css-0"><p class="chakra-text css-1ecdp9w" data-testid="product-brand">McCain</p><h3 class="chakra-heading css-6qrhwc" id="21477873_EA" data-testid="product-title">Deep'n Delicious MINIS Cookie Crumble Cake Cups</h3><p class="chakra-text css-1yftjin" data-testid="product-package-size">340 g, $2.20/100g</p></div></a><div class="css-8keand"></div></div><div class="css-1q5omjq"><div class="css-fcebb8"><div data-testid="atc-compact" class="css-y94ivq" style="width: 45px;"><button type="button" class="chakra-button css-mudsm6" data-testid="atc-button"><svg stroke="currentColor" fill="currentColor" stroke-width="0" viewBox="0 0 24 24" focusable="false" class="chakra-icon css-1g3sp7a" data-testid="btn-icon" aria-hidden="true" height="1em" width="1em" xmlns="http://www.w3.org/2000/svg"><path d="M19 13h-6v6h-2v-6H5v-2h6V5h2v6h6v2z"></path></svg><span class="css-idkz9h">Add Deep'n Delicious MINIS Cookie Crumble Cake Cups to cart</span></button></div></div></div></div></div></div><div class="css-0"><div class="css-f5i5wc"><div class="chakra-linkbox css-vhnn8v"><div data-testid="product-image" class="css-16dr4ly"><img alt="Bikaner Jalebi 370 g, $1.08/100g" src="https://assets.shop.loblaws.ca/products/21014747/b3/en/front/21014747_front_a06_@2.png" srcset="https://assets.shop.loblaws.ca/products/21014747/b3/en/front/21014747_front_a06_@2.png 1x, https://assets.shop.loblaws.ca/products/21014747/b3/en/front/21014747_front_a06_@2.png 2x" loading="lazy" class="chakra-image css-oguq8l" aria-hidden="true"></div><div class="css-qoklea"><div class="css-12dchmx"></div><div data-testid="price-product-tile" class="css-8atqhb"><p class="chakra-text css-0"><span class="chakra-text css-pwnbcb" data-testid="regular-price"><span class="css-idkz9h">$3.99</span>$3.99</span></p></div><a href="/jalebi/p/21014747_EA?source=nspt" class="chakra-linkbox__overlay css-1hnz6hu"><div class="css-0"><p class="chakra-text css-1ecdp9w" data-testid="product-brand">Bikaner</p><h3 class="chakra-heading css-6qrhwc" id="21014747_EA" data-testid="product-title">Jalebi</h3><p class="chakra-text css-1yftjin" data-testid="product-package-size">370 g, $1.08/100g</p></div></a><div class="css-8keand"></div></div><div class="css-1q5omjq"><div class="css-fcebb8"><div data-testid="atc-compact" class="css-y94ivq" style="width: 45px;"><button type="button" class="chakra-button css-mudsm6" data-testid="atc-button"><svg stroke="currentColor" fill="currentColor" stroke-width="0" viewBox="0 0 24 24" focusable="false" class="chakra-icon css-1g3sp7a" data-testid="btn-icon" aria-hidden="true" height="1em" width="1em" xmlns="http://www.w3.org/2000/svg"><path d="M19 13h-6v6h-2v-6H5v-2h6V5h2v6h6v2z"></path></svg><span class="css-idkz9h">Add Jalebi to cart</span></button></div></div></div></div></div></div><div class="css-0"><div class="css-f5i5wc"><div class="chakra-linkbox css-vhnn8v"><div data-testid="product-image" class="css-16dr4ly"><img alt="null Chocolate Rainbow Sprinkle Donuts 360 g, $1.39/100g" src="https://assets.shop.loblaws.ca/products/21608752/b3/en/front/21608752_front_a06_@2.png" srcset="https://assets.shop.loblaws.ca/products/21608752/b3/en/front/21608752_front_a06_@2.png 1x, https://assets.shop.loblaws.ca/products/21608752/b3/en/front/21608752_front_a06_@2.png 2x" loading="lazy" class="chakra-image css-oguq8l" aria-hidden="true"></div><div class="css-qoklea"><div class="css-12dchmx"><div class="chakra-badge css-34x0wr" data-testid="product-badge"><div class="css-u4p24i">New</div></div></div><div data-testid="price-product-tile" class="css-8atqhb"><p class="chakra-text css-0"><span class="chakra-text css-pwnbcb" data-testid="regular-price"><span class="css-idkz9h">$5.00</span>$5.00</span></p></div><a href="/chocolate-rainbow-sprinkle-donuts/p/21608752_EA?source=nspt" class="chakra-linkbox__overlay css-1hnz6hu"><div class="css-0"><h3 class="chakra-heading css-6qrhwc" id="21608752_EA" data-testid="product-title">Chocolate Rainbow Sprinkle Donuts</h3><p class="chakra-text css-1yftjin" data-testid="product-package-size">360 g, $1.39/100g</p></div></a><div class="css-8keand"></div></div><div class="css-1q5omjq"><div class="css-fcebb8"><div data-testid="atc-compact" class="css-y94ivq" style="width: 45px;"><button type="button" class="chakra-button css-mudsm6" data-testid="atc-button"><svg stroke="currentColor" fill="currentColor" stroke-width="0" viewBox="0 0 24 24" focusable="false" class="chakra-icon css-1g3sp7a" data-testid="btn-icon" aria-hidden="true" height="1em" width="1em" xmlns="http://www.w3.org/2000/svg"><path d="M19 13h-6v6h-2v-6H5v-2h6V5h2v6h6v2z"></path></svg><span class="css-idkz9h">Add Chocolate Rainbow Sprinkle Donuts to cart</span></button></div></div></div></div></div></div><div class="css-0"><div class="css-f5i5wc"><div class="chakra-linkbox css-vhnn8v"><div data-testid="product-image" class="css-16dr4ly"><img alt="Farmer's Market Pumpkin Pie 10 Inch 900 g, $0.83/100g" src="https://assets.shop.loblaws.ca/products/21297365/b3/en/front/21297365_front_a06_@2.png" srcset="https://assets.shop.loblaws.ca/products/21297365/b3/en/front/21297365_front_a06_@2.png 1x, https://assets.shop.loblaws.ca/products/21297365/b3/en/front/21297365_front_a06_@2.png 2x" loading="lazy" class="chakra-image css-oguq8l" aria-hidden="true"></div><div class="css-qoklea"><div class="css-12dchmx"></div><div data-testid="price-product-tile" class="css-8atqhb"><p class="chakra-text css-0"><span class="chakra-text css-pwnbcb" data-testid="regular-price"><span class="css-idkz9h">$7.50</span>$7.50</span></p></div><a href="/pumpkin-pie-10-inch/p/21297365_EA?source=nspt" class="chakra-linkbox__overlay css-1hnz6hu"><div class="css-0"><p class="chakra-text css-1ecdp9w" data-testid="product-brand">Farmer's Market</p><h3 class="chakra-heading css-6qrhwc" id="21297365_EA" data-testid="product-title">Pumpkin Pie 10 Inch</h3><p class="chakra-text css-1yftjin" data-testid="product-package-size">900 g, $0.83/100g</p></div></a><div class="css-8keand"></div></div><div class="css-1q5omjq"><div class="css-fcebb8"><div data-testid="atc-compact" class="css-y94ivq" style="width: 45px;"><button type="button" class="chakra-button css-mudsm6" data-testid="atc-button"><svg stroke="currentColor" fill="currentColor" stroke-width="0" viewBox="0 0 24 24" focusable="false" class="chakra-icon css-1g3sp7a" data-testid="btn-icon" aria-hidden="true" height="1em" width="1em" xmlns="http://www.w3.org/2000/svg"><path d="M19 13h-6v6h-2v-6H5v-2h6V5h2v6h6v2z"></path></svg><span class="css-idkz9h">Add Pumpkin Pie 10 Inch to cart</span></button></div></div></div></div></div></div><div class="css-0"><div class="css-f5i5wc"><div class="chakra-linkbox css-vhnn8v"><div data-testid="product-image" class="css-16dr4ly"><img alt="T&amp;T Almond cookies 304 g, $1.31/100g" src="https://assets.shop.loblaws.ca/products/21049626/b3/en/front/21049626_front_a06_@2.png" srcset="https://assets.shop.loblaws.ca/products/21049626/b3/en/front/21049626_front_a06_@2.png 1x, https://assets.shop.loblaws.ca/products/21049626/b3/en/front/21049626_front_a06_@2.png 2x" loading="lazy" class="chakra-image css-oguq8l" aria-hidden="true"></div><div class="css-qoklea"><div class="css-12dchmx"></div><div data-testid="price-product-tile" class="css-8atqhb"><p class="chakra-text css-0"><span class="chakra-text css-pwnbcb" data-testid="regular-price"><span class="css-idkz9h">$3.99</span>$3.99</span></p></div><a href="/almond-cookies/p/21049626_EA?source=nspt" class="chakra-linkbox__overlay css-1hnz6hu"><div class="css-0"><p class="chakra-text css-1ecdp9w" data-testid="product-brand">T&amp;T</p><h3 class="chakra-heading css-6qrhwc" id="21049626_EA" data-testid="product-title">Almond cookies</h3><p class="chakra-text css-1yftjin" data-testid="product-package-size">304 g, $1.31/100g</p></div></a><div class="css-8keand"></div></div><div class="css-1q5omjq"><div class="css-fcebb8"><div data-testid="atc-compact" class="css-y94ivq" style="width: 45px;"><button disabled="" type="button" class="chakra-button css-mudsm6" data-testid="atc-button"><svg stroke="currentColor" fill="currentColor" stroke-width="0" viewBox="0 0 24 24" focusable="false" class="chakra-icon css-1g3sp7a" data-testid="btn-icon" aria-hidden="true" height="1em" width="1em" xmlns="http://www.w3.org/2000/svg"><path d="M19 13h-6v6h-2v-6H5v-2h6V5h2v6h6v2z"></path></svg><span class="css-idkz9h">Add Almond cookies to cart</span></button></div></div><div class="css-4saf4a"><p class="chakra-text css-py8788" data-testid="inventory-badge-text">Out of Stock</p></div></div></div></div></div><div class="css-0"><div class="css-f5i5wc"><div class="chakra-linkbox css-vhnn8v"><div data-testid="product-image" class="css-16dr4ly"><img alt="null Chocolate Boston Cream Donuts 480 g, $1.04/100g" src="https://assets.shop.loblaws.ca/products/21608758/b3/en/front/21608758_front_a06_@2.png" srcset="https://assets.shop.loblaws.ca/products/21608758/b3/en/front/21608758_front_a06_@2.png 1x, https://assets.shop.loblaws.ca/products/21608758/b3/en/front/21608758_front_a06_@2.png 2x" loading="lazy" class="chakra-image css-oguq8l" aria-hidden="true"></div><div class="css-qoklea"><div class="css-12dchmx"><div class="chakra-badge css-34x0wr" data-testid="product-badge"><div class="css-u4p24i">New</div></div></div><div data-testid="price-product-tile" class="css-8atqhb"><p class="chakra-text css-0"><span class="chakra-text css-pwnbcb" data-testid="regular-price"><span class="css-idkz9h">$5.00</span>$5.00</span></p></div><a href="/chocolate-boston-cream-donuts/p/21608758_EA?source=nspt" class="chakra-linkbox__overlay css-1hnz6hu"><div class="css-0"><h3 class="chakra-heading css-6qrhwc" id="21608758_EA" data-testid="product-title">Chocolate Boston Cream Donuts</h3><p class="chakra-text css-1yftjin" data-testid="product-package-size">480 g, $1.04/100g</p></div></a><div class="css-8keand"></div></div><div class="css-1q5omjq"><div class="css-fcebb8"><div data-testid="atc-compact" class="css-y94ivq" style="width: 45px;"><button type="button" class="chakra-button css-mudsm6" data-testid="atc-button"><svg stroke="currentColor" fill="currentColor" stroke-width="0" viewBox="0 0 24 24" focusable="false" class="chakra-icon css-1g3sp7a" data-testid="btn-icon" aria-hidden="true" height="1em" width="1em" xmlns="http://www.w3.org/2000/svg"><path d="M19 13h-6v6h-2v-6H5v-2h6V5h2v6h6v2z"></path></svg><span class="css-idkz9h">Add Chocolate Boston Cream Donuts to cart</span></button></div></div></div></div></div></div><div class="css-0"><div class="css-f5i5wc"><div class="chakra-linkbox css-vhnn8v"><div data-testid="product-image" class="css-16dr4ly"><img alt="Farmer's Market Muffins Strawberry      600 g, $1.00/100g" src="https://assets.shop.loblaws.ca/products/21283348/b3/en/front/21283348_front_a06_@2.png" srcset="https://assets.shop.loblaws.ca/products/21283348/b3/en/front/21283348_front_a06_@2.png 1x, https://assets.shop.loblaws.ca/products/21283348/b3/en/front/21283348_front_a06_@2.png 2x" loading="lazy" class="chakra-image css-oguq8l" aria-hidden="true"></div><div class="css-qoklea"><div class="css-12dchmx"></div><div data-testid="price-product-tile" class="css-8atqhb"><p class="chakra-text css-0"><span class="chakra-text css-pwnbcb" data-testid="regular-price"><span class="css-idkz9h">$6.00</span>$6.00</span></p></div><a href="/muffins-strawberry/p/21283348_EA?source=nspt" class="chakra-linkbox__overlay css-1hnz6hu"><div class="css-0"><p class="chakra-text css-1ecdp9w" data-testid="product-brand">Farmer's Market</p><h3 class="chakra-heading css-6qrhwc" id="21283348_EA" data-testid="product-title">Muffins Strawberry     </h3><p class="chakra-text css-1yftjin" data-testid="product-package-size">600 g, $1.00/100g</p></div></a><div class="css-8keand"></div></div><div class="css-1q5omjq"><div class="css-fcebb8"><div data-testid="atc-compact" class="css-y94ivq" style="width: 45px;"><button disabled="" type="button" class="chakra-button css-mudsm6" data-testid="atc-button"><svg stroke="currentColor" fill="currentColor" stroke-width="0" viewBox="0 0 24 24" focusable="false" class="chakra-icon css-1g3sp7a" data-testid="btn-icon" aria-hidden="true" height="1em" width="1em" xmlns="http://www.w3.org/2000/svg"><path d="M19 13h-6v6h-2v-6H5v-2h6V5h2v6h6v2z"></path></svg><span class="css-idkz9h">Add Muffins Strawberry      to cart</span></button></div></div><div class="css-4saf4a"><p class="chakra-text css-py8788" data-testid="inventory-badge-text">Out of Stock</p></div></div></div></div></div><div class="css-0"><div class="css-f5i5wc"><div class="chakra-linkbox css-vhnn8v"><div data-testid="product-image" class="css-16dr4ly"><img alt="Farmer's Market Macaroons 350 g, $1.57/100g" src="https://assets.shop.loblaws.ca/products/20323572/b3/en/front/20323572_front_a06_@2.png" srcset="https://assets.shop.loblaws.ca/products/20323572/b3/en/front/20323572_front_a06_@2.png 1x, https://assets.shop.loblaws.ca/products/20323572/b3/en/front/20323572_front_a06_@2.png 2x" loading="lazy" class="chakra-image css-oguq8l" aria-hidden="true"></div><div class="css-qoklea"><div class="css-12dchmx"></div><div data-testid="price-product-tile" class="css-8atqhb"><p class="chakra-text css-0"><span class="chakra-text css-pwnbcb" data-testid="regular-price"><span class="css-idkz9h">$5.50</span>$5.50</span></p></div><a href="/macaroons/p/20323572_EA?source=nspt" class="chakra-linkbox__overlay css-1hnz6hu"><div class="css-0"><p class="chakra-text css-1ecdp9w" data-testid="product-brand">Farmer's Market</p><h3 class="chakra-heading css-6qrhwc" id="20323572_EA" data-testid="product-title">Macaroons</h3><p class="chakra-text css-1yftjin" data-testid="product-package-size">350 g, $1.57/100g</p></div></a><div class="css-8keand"></div></div><div class="css-1q5omjq"><div class="css-fcebb8"><div data-testid="atc-compact" class="css-y94ivq" style="width: 45px;"><button type="button" class="chakra-button css-mudsm6" data-testid="atc-button"><svg stroke="currentColor" fill="currentColor" stroke-width="0" viewBox="0 0 24 24" focusable="false" class="chakra-icon css-1g3sp7a" data-testid="btn-icon" aria-hidden="true" height="1em" width="1em" xmlns="http://www.w3.org/2000/svg"><path d="M19 13h-6v6h-2v-6H5v-2h6V5h2v6h6v2z"></path></svg><span class="css-idkz9h">Add Macaroons to cart</span></button></div></div></div></div></div></div><div class="css-0"><div class="css-f5i5wc"><div class="chakra-linkbox css-vhnn8v"><div data-testid="product-image" class="css-16dr4ly"><img alt="President's Choice Key Lime Pie 730 g, $1.64/100g" src="https://assets.shop.loblaws.ca/products/21586299/b3/en/front/21586299_front_a06_@2.png" srcset="https://assets.shop.loblaws.ca/products/21586299/b3/en/front/21586299_front_a06_@2.png 1x, https://assets.shop.loblaws.ca/products/21586299/b3/en/front/21586299_front_a06_@2.png 2x" loading="lazy" class="chakra-image css-oguq8l" aria-hidden="true"></div><div class="css-qoklea"><div class="css-12dchmx"></div><div data-testid="price-product-tile" class="css-8atqhb"><p class="chakra-text css-0"><span class="chakra-text css-pwnbcb" data-testid="regular-price"><span class="css-idkz9h">$11.99</span>$11.99</span></p></div><a href="/key-lime-pie/p/21586299_EA?source=nspt" class="chakra-linkbox__overlay css-1hnz6hu"><div class="css-0"><p class="chakra-text css-1ecdp9w" data-testid="product-brand">President's Choice</p><h3 class="chakra-heading css-6qrhwc" id="21586299_EA" data-testid="product-title">Key Lime Pie</h3><p class="chakra-text css-1yftjin" data-testid="product-package-size">730 g, $1.64/100g</p></div></a><div class="css-8keand"></div></div><div class="css-1q5omjq"><div class="css-fcebb8"><div data-testid="atc-compact" class="css-y94ivq" style="width: 45px;"><button type="button" class="chakra-button css-mudsm6" data-testid="atc-button"><svg stroke="currentColor" fill="currentColor" stroke-width="0" viewBox="0 0 24 24" focusable="false" class="chakra-icon css-1g3sp7a" data-testid="btn-icon" aria-hidden="true" height="1em" width="1em" xmlns="http://www.w3.org/2000/svg"><path d="M19 13h-6v6h-2v-6H5v-2h6V5h2v6h6v2z"></path></svg><span class="css-idkz9h">Add Key Lime Pie to cart</span></button></div></div></div></div></div></div><div class="css-0"><div class="css-f5i5wc"><div class="chakra-linkbox css-vhnn8v"><div data-testid="product-image" class="css-16dr4ly"><img alt="Farmer's Market Cherry Pie 10 Inch 1 kg, $0.75/100g" src="https://assets.shop.loblaws.ca/products/21297334/b3/en/front/21297334_front_a06_@2.png" srcset="https://assets.shop.loblaws.ca/products/21297334/b3/en/front/21297334_front_a06_@2.png 1x, https://assets.shop.loblaws.ca/products/21297334/b3/en/front/21297334_front_a06_@2.png 2x" loading="lazy" class="chakra-image css-oguq8l" aria-hidden="true"></div><div class="css-qoklea"><div class="css-12dchmx"></div><div data-testid="price-product-tile" class="css-8atqhb"><p class="chakra-text css-0"><span class="chakra-text css-pwnbcb" data-testid="regular-price"><span class="css-idkz9h">$7.50</span>$7.50</span></p></div><a href="/cherry-pie-10-inch/p/21297334_EA?source=nspt" class="chakra-linkbox__overlay css-1hnz6hu"><div class="css-0"><p class="chakra-text css-1ecdp9w" data-testid="product-brand">Farmer's Market</p><h3 class="chakra-heading css-6qrhwc" id="21297334_EA" data-testid="product-title">Cherry Pie 10 Inch</h3><p class="chakra-text css-1yftjin" data-testid="product-package-size">1 kg, $0.75/100g</p></div></a><div class="css-8keand"></div></div><div class="css-1q5omjq"><div class="css-fcebb8"><div data-testid="atc-compact" class="css-y94ivq" style="width: 45px;"><button type="button" class="chakra-button css-mudsm6" data-testid="atc-button"><svg stroke="currentColor" fill="currentColor" stroke-width="0" viewBox="0 0 24 24" focusable="false" class="chakra-icon css-1g3sp7a" data-testid="btn-icon" aria-hidden="true" height="1em" width="1em" xmlns="http://www.w3.org/2000/svg"><path d="M19 13h-6v6h-2v-6H5v-2h6V5h2v6h6v2z"></path></svg><span class="css-idkz9h">Add Cherry Pie 10 Inch to cart</span></button></div></div></div></div></div></div><div class="css-0"><div class="css-f5i5wc"><div class="chakra-linkbox css-vhnn8v"><div data-testid="product-image" class="css-16dr4ly"><img alt="President's Choice Profiteroles 625 g, $2.24/100g" src="https://assets.shop.loblaws.ca/products/20079202/b3/en/front/20079202_front_a06_@2.png" srcset="https://assets.shop.loblaws.ca/products/20079202/b3/en/front/20079202_front_a06_@2.png 1x, https://assets.shop.loblaws.ca/products/20079202/b3/en/front/20079202_front_a06_@2.png 2x" loading="lazy" class="chakra-image css-oguq8l" aria-hidden="true"></div><div class="css-qoklea"><div class="css-12dchmx"></div><div data-testid="price-product-tile" class="css-8atqhb"><p class="chakra-text css-0"><span class="chakra-text css-pwnbcb" data-testid="regular-price"><span class="css-idkz9h">$13.99</span>$13.99</span></p></div><a href="/profiteroles/p/20079202_EA?source=nspt" class="chakra-linkbox__overlay css-1hnz6hu"><div class="css-0"><p class="chakra-text css-1ecdp9w" data-testid="product-brand">President's Choice</p><h3 class="chakra-heading css-6qrhwc" id="20079202_EA" data-testid="product-title">Profiteroles</h3><p class="chakra-text css-1yftjin" data-testid="product-package-size">625 g, $2.24/100g</p></div></a><div class="css-8keand"></div></div><div class="css-1q5omjq"><div class="css-fcebb8"><div data-testid="atc-compact" class="css-y94ivq" style="width: 45px;"><button type="button" class="chakra-button css-mudsm6" data-testid="atc-button"><svg stroke="currentColor" fill="currentColor" stroke-width="0" viewBox="0 0 24 24" focusable="false" class="chakra-icon css-1g3sp7a" data-testid="btn-icon" aria-hidden="true" height="1em" width="1em" xmlns="http://www.w3.org/2000/svg"><path d="M19 13h-6v6h-2v-6H5v-2h6V5h2v6h6v2z"></path></svg><span class="css-idkz9h">Add Profiteroles to cart</span></button></div></div></div></div></div></div><div class="css-0"><div class="css-f5i5wc"><div class="chakra-linkbox css-vhnn8v"><div data-testid="product-image" class="css-16dr4ly"><img alt="null Lemon Poppy Seed Muffins 400 g, $1.00/100g" src="https://assets.shop.loblaws.ca/products/21557676/b3/en/front/21557676_front_a06_@2.png" srcset="https://assets.shop.loblaws.ca/products/21557676/b3/en/front/21557676_front_a06_@2.png 1x, https://assets.shop.loblaws.ca/products/21557676/b3/en/front/21557676_front_a06_@2.png 2x" loading="lazy" class="chakra-image css-oguq8l" aria-hidden="true"></div><div class="css-qoklea"><div class="css-12dchmx"></div><div data-testid="price-product-tile" class="css-8atqhb"><p class="chakra-text css-0"><span class="chakra-text css-pwnbcb" data-testid="regular-price"><span class="css-idkz9h">$4.00</span>$4.00</span></p></div><a href="/lemon-poppy-seed-muffins/p/21557676_EA?source=nspt" class="chakra-linkbox__overlay css-1hnz6hu"><div class="css-0"><h3 class="chakra-heading css-6qrhwc" id="21557676_EA" data-testid="product-title">Lemon Poppy Seed Muffins</h3><p class="chakra-text css-1yftjin" data-testid="product-package-size">400 g, $1.00/100g</p></div></a><div class="css-8keand"></div></div><div class="css-1q5omjq"><div class="css-fcebb8"><div data-testid="atc-compact" class="css-y94ivq" style="width: 45px;"><button type="button" class="chakra-button css-mudsm6" data-testid="atc-button"><svg stroke="currentColor" fill="currentColor" stroke-width="0" viewBox="0 0 24 24" focusable="false" class="chakra-icon css-1g3sp7a" data-testid="btn-icon" aria-hidden="true" height="1em" width="1em" xmlns="http://www.w3.org/2000/svg"><path d="M19 13h-6v6h-2v-6H5v-2h6V5h2v6h6v2z"></path></svg><span class="css-idkz9h">Add Lemon Poppy Seed Muffins to cart</span></button></div></div></div></div></div></div><div class="css-0"><div class="css-f5i5wc"><div class="chakra-linkbox css-vhnn8v"><div data-testid="product-image" class="css-16dr4ly"><img alt="Grandmother's Bake Shoppe Pecan Tarts 765 g, $0.92/100g" src="https://assets.shop.loblaws.ca/products/21494009/b3/en/front/21494009_front_a06_@2.png" srcset="https://assets.shop.loblaws.ca/products/21494009/b3/en/front/21494009_front_a06_@2.png 1x, https://assets.shop.loblaws.ca/products/21494009/b3/en/front/21494009_front_a06_@2.png 2x" loading="lazy" class="chakra-image css-oguq8l" aria-hidden="true"></div><div class="css-qoklea"><div class="css-12dchmx"></div><div data-testid="price-product-tile" class="css-8atqhb"><p class="chakra-text css-0"><span class="chakra-text css-pwnbcb" data-testid="regular-price"><span class="css-idkz9h">$7.00</span>$7.00</span></p></div><a href="/pecan-tarts/p/21494009_EA?source=nspt" class="chakra-linkbox__overlay css-1hnz6hu"><div class="css-0"><p class="chakra-text css-1ecdp9w" data-testid="product-brand">Grandmother's Bake Shoppe</p><h3 class="chakra-heading css-6qrhwc" id="21494009_EA" data-testid="product-title">Pecan Tarts</h3><p class="chakra-text css-1yftjin" data-testid="product-package-size">765 g, $0.92/100g</p></div></a><div class="css-8keand"></div></div><div class="css-1q5omjq"><div class="css-fcebb8"><div data-testid="atc-compact" class="css-y94ivq" style="width: 45px;"><button type="button" class="chakra-button css-mudsm6" data-testid="atc-button"><svg stroke="currentColor" fill="currentColor" stroke-width="0" viewBox="0 0 24 24" focusable="false" class="chakra-icon css-1g3sp7a" data-testid="btn-icon" aria-hidden="true" height="1em" width="1em" xmlns="http://www.w3.org/2000/svg"><path d="M19 13h-6v6h-2v-6H5v-2h6V5h2v6h6v2z"></path></svg><span class="css-idkz9h">Add Pecan Tarts to cart</span></button></div></div></div></div></div></div><div class="css-0"><div class="css-f5i5wc"><div class="chakra-linkbox css-vhnn8v"><div data-testid="product-image" class="css-16dr4ly"><img alt="McCain Deep'n Delicious Marble Cake 510 g, $1.47/100g" src="https://assets.shop.loblaws.ca/products/20310132001/b3/en/front/20310132001_front_a06_@2.png" srcset="https://assets.shop.loblaws.ca/products/20310132001/b3/en/front/20310132001_front_a06_@2.png 1x, https://assets.shop.loblaws.ca/products/20310132001/b3/en/front/20310132001_front_a06_@2.png 2x" loading="lazy" class="chakra-image css-oguq8l" aria-hidden="true"></div><div class="css-qoklea"><div class="css-12dchmx"></div><div data-testid="price-product-tile" class="css-8atqhb"><p class="chakra-text css-0"><span class="chakra-text css-pwnbcb" data-testid="regular-price"><span class="css-idkz9h">$7.49</span>$7.49</span></p></div><a href="/deep-n-delicious-marble-cake/p/20310132001_EA?source=nspt" class="chakra-linkbox__overlay css-1hnz6hu"><div class="css-0"><p class="chakra-text css-1ecdp9w" data-testid="product-brand">McCain</p><h3 class="chakra-heading css-6qrhwc" id="20310132001_EA" data-testid="product-title">Deep'n Delicious Marble Cake</h3><p class="chakra-text css-1yftjin" data-testid="product-package-size">510 g, $1.47/100g</p></div></a><div class="css-8keand"></div></div><div class="css-1q5omjq"><div class="css-fcebb8"><div data-testid="atc-compact" class="css-y94ivq" style="width: 45px;"><button type="button" class="chakra-button css-mudsm6" data-testid="atc-button"><svg stroke="currentColor" fill="currentColor" stroke-width="0" viewBox="0 0 24 24" focusable="false" class="chakra-icon css-1g3sp7a" data-testid="btn-icon" aria-hidden="true" height="1em" width="1em" xmlns="http://www.w3.org/2000/svg"><path d="M19 13h-6v6h-2v-6H5v-2h6V5h2v6h6v2z"></path></svg><span class="css-idkz9h">Add Deep'n Delicious Marble Cake to cart</span></button></div></div></div></div></div></div><div class="css-0"><div class="css-f5i5wc"><div class="chakra-linkbox css-vhnn8v"><div data-testid="product-image" class="css-16dr4ly"><img alt="Paneriso Blueberry Muffins 372 g, $1.88/100g" src="https://assets.shop.loblaws.ca/products/21517500/b3/en/front/21517500_front_a06_@2.png" srcset="https://assets.shop.loblaws.ca/products/21517500/b3/en/front/21517500_front_a06_@2.png 1x, https://assets.shop.loblaws.ca/products/21517500/b3/en/front/21517500_front_a06_@2.png 2x" loading="lazy" class="chakra-image css-oguq8l" aria-hidden="true"></div><div class="css-qoklea"><div class="css-12dchmx"></div><div data-testid="price-product-tile" class="css-8atqhb"><p class="chakra-text css-0"><span class="chakra-text css-pwnbcb" data-testid="regular-price"><span class="css-idkz9h">$6.99</span>$6.99</span></p></div><a href="/blueberry-muffins/p/21517500_EA?source=nspt" class="chakra-linkbox__overlay css-1hnz6hu"><div class="css-0"><p class="chakra-text css-1ecdp9w" data-testid="product-brand">Paneriso</p><h3 class="chakra-heading css-6qrhwc" id="21517500_EA" data-testid="product-title">Blueberry Muffins</h3><p class="chakra-text css-1yftjin" data-testid="product-package-size">372 g, $1.88/100g</p></div></a><div class="css-8keand"></div></div><div class="css-1q5omjq"><div class="css-fcebb8"><div data-testid="atc-compact" class="css-y94ivq" style="width: 45px;"><button type="button" class="chakra-button css-mudsm6" data-testid="atc-button"><svg stroke="currentColor" fill="currentColor" stroke-width="0" viewBox="0 0 24 24" focusable="false" class="chakra-icon css-1g3sp7a" data-testid="btn-icon" aria-hidden="true" height="1em" width="1em" xmlns="http://www.w3.org/2000/svg"><path d="M19 13h-6v6h-2v-6H5v-2h6V5h2v6h6v2z"></path></svg><span class="css-idkz9h">Add Blueberry Muffins to cart</span></button></div></div></div></div></div></div><div class="css-0"><div class="css-f5i5wc"><div class="chakra-linkbox css-vhnn8v"><div data-testid="product-image" class="css-16dr4ly"><img alt="Kimberley's Bakeshoppe Vanilla Frosted Strawberry Cookies 383 g, $1.04/100g" src="https://assets.shop.loblaws.ca/products/21178171/b3/en/front/21178171_front_a06_@2.png" srcset="https://assets.shop.loblaws.ca/products/21178171/b3/en/front/21178171_front_a06_@2.png 1x, https://assets.shop.loblaws.ca/products/21178171/b3/en/front/21178171_front_a06_@2.png 2x" loading="lazy" class="chakra-image css-oguq8l" aria-hidden="true"></div><div class="css-qoklea"><div class="css-12dchmx"></div><div data-testid="price-product-tile" class="css-8atqhb"><p class="chakra-text css-0"><span class="chakra-text css-pwnbcb" data-testid="regular-price"><span class="css-idkz9h">$4.00</span>$4.00</span></p></div><a href="/vanilla-frosted-strawberry-cookies/p/21178171_EA?source=nspt" class="chakra-linkbox__overlay css-1hnz6hu"><div class="css-0"><p class="chakra-text css-1ecdp9w" data-testid="product-brand">Kimberley's Bakeshoppe</p><h3 class="chakra-heading css-6qrhwc" id="21178171_EA" data-testid="product-title">Vanilla Frosted Strawberry Cookies</h3><p class="chakra-text css-1yftjin" data-testid="product-package-size">383 g, $1.04/100g</p></div></a><div class="css-8keand"></div></div><div class="css-1q5omjq"><div class="css-fcebb8"><div data-testid="atc-compact" class="css-y94ivq" style="width: 45px;"><button type="button" class="chakra-button css-mudsm6" data-testid="atc-button"><svg stroke="currentColor" fill="currentColor" stroke-width="0" viewBox="0 0 24 24" focusable="false" class="chakra-icon css-1g3sp7a" data-testid="btn-icon" aria-hidden="true" height="1em" width="1em" xmlns="http://www.w3.org/2000/svg"><path d="M19 13h-6v6h-2v-6H5v-2h6V5h2v6h6v2z"></path></svg><span class="css-idkz9h">Add Vanilla Frosted Strawberry Cookies to cart</span></button></div></div><div class="css-4saf4a"><p class="chakra-text css-py8788" data-testid="inventory-badge-text">Low Stock</p></div></div></div></div></div><div class="css-0"><div class="css-f5i5wc"><div class="chakra-linkbox css-vhnn8v"><div data-testid="product-image" class="css-16dr4ly"><img alt="Kimberley's Bakeshoppe Frosted Sugar Cookies, Maple 383 g, $1.04/100g" src="https://assets.shop.loblaws.ca/products/21221358/b3/en/front/21221358_front_a06_@2.png" srcset="https://assets.shop.loblaws.ca/products/21221358/b3/en/front/21221358_front_a06_@2.png 1x, https://assets.shop.loblaws.ca/products/21221358/b3/en/front/21221358_front_a06_@2.png 2x" loading="lazy" class="chakra-image css-oguq8l" aria-hidden="true"></div><div class="css-qoklea"><div class="css-12dchmx"></div><div data-testid="price-product-tile" class="css-8atqhb"><p class="chakra-text css-0"><span class="chakra-text css-pwnbcb" data-testid="regular-price"><span class="css-idkz9h">$4.00</span>$4.00</span></p></div><a href="/frosted-sugar-cookies-maple/p/21221358_EA?source=nspt" class="chakra-linkbox__overlay css-1hnz6hu"><div class="css-0"><p class="chakra-text css-1ecdp9w" data-testid="product-brand">Kimberley's Bakeshoppe</p><h3 class="chakra-heading css-6qrhwc" id="21221358_EA" data-testid="product-title">Frosted Sugar Cookies, Maple</h3><p class="chakra-text css-1yftjin" data-testid="product-package-size">383 g, $1.04/100g</p></div></a><div class="css-8keand"></div></div><div class="css-1q5omjq"><div class="css-fcebb8"><div data-testid="atc-compact" class="css-y94ivq" style="width: 45px;"><button disabled="" type="button" class="chakra-button css-mudsm6" data-testid="atc-button"><svg stroke="currentColor" fill="currentColor" stroke-width="0" viewBox="0 0 24 24" focusable="false" class="chakra-icon css-1g3sp7a" data-testid="btn-icon" aria-hidden="true" height="1em" width="1em" xmlns="http://www.w3.org/2000/svg"><path d="M19 13h-6v6h-2v-6H5v-2h6V5h2v6h6v2z"></path></svg><span class="css-idkz9h">Add Frosted Sugar Cookies, Maple to cart</span></button></div></div><div class="css-4saf4a"><p class="chakra-text css-py8788" data-testid="inventory-badge-text">Out of Stock</p></div></div></div></div></div><div class="css-0"><div class="css-f5i5wc"><div class="chakra-linkbox css-vhnn8v"><div data-testid="product-image" class="css-16dr4ly"><img alt="Crispy Almond Honey Cookie 0.35 kg, $1.14/100g" src="https://assets.shop.loblaws.ca/products/20820419/b3/en/front/20820419_front_a06_@2.png" srcset="https://assets.shop.loblaws.ca/products/20820419/b3/en/front/20820419_front_a06_@2.png 1x, https://assets.shop.loblaws.ca/products/20820419/b3/en/front/20820419_front_a06_@2.png 2x" loading="lazy" class="chakra-image css-oguq8l" aria-hidden="true"></div><div class="css-qoklea"><div class="css-12dchmx"></div><div data-testid="price-product-tile" class="css-8atqhb"><p class="chakra-text css-0"><span class="chakra-text css-pwnbcb" data-testid="regular-price"><span class="css-idkz9h">$3.99</span>$3.99</span></p></div><a href="/almond-honey-cookie/p/20820419_EA?source=nspt" class="chakra-linkbox__overlay css-1hnz6hu"><div class="css-0"><p class="chakra-text css-1ecdp9w" data-testid="product-brand">Crispy</p><h3 class="chakra-heading css-6qrhwc" id="20820419_EA" data-testid="product-title">Almond Honey Cookie</h3><p class="chakra-text css-1yftjin" data-testid="product-package-size">0.35 kg, $1.14/100g</p></div></a><div class="css-8keand"></div></div><div class="css-1q5omjq"><div class="css-fcebb8"><div data-testid="atc-compact" class="css-y94ivq" style="width: 45px;"><button type="button" class="chakra-button css-mudsm6" data-testid="atc-button"><svg stroke="currentColor" fill="currentColor" stroke-width="0" viewBox="0 0 24 24" focusable="false" class="chakra-icon css-1g3sp7a" data-testid="btn-icon" aria-hidden="true" height="1em" width="1em" xmlns="http://www.w3.org/2000/svg"><path d="M19 13h-6v6h-2v-6H5v-2h6V5h2v6h6v2z"></path></svg><span class="css-idkz9h">Add Almond Honey Cookie to cart</span></button></div></div></div></div></div></div><div class="css-0"><div class="css-f5i5wc"><div class="chakra-linkbox css-vhnn8v"><div data-testid="product-image" class="css-16dr4ly"><img alt="United National Namak Para Snacks, Spicy 360 g, $0.97/100g" src="https://assets.shop.loblaws.ca/products/20305966001/b3/en/front/20305966001_front_a06_@2.png" srcset="https://assets.shop.loblaws.ca/products/20305966001/b3/en/front/20305966001_front_a06_@2.png 1x, https://assets.shop.loblaws.ca/products/20305966001/b3/en/front/20305966001_front_a06_@2.png 2x" loading="lazy" class="chakra-image css-oguq8l" aria-hidden="true"></div><div class="css-qoklea"><div class="css-12dchmx"></div><div data-testid="price-product-tile" class="css-8atqhb"><p class="chakra-text css-0"><span class="chakra-text css-pwnbcb" data-testid="regular-price"><span class="css-idkz9h">$3.49</span>$3.49</span></p></div><a href="/namak-para-snacks-spicy/p/20305966001_EA?source=nspt" class="chakra-linkbox__overlay css-1hnz6hu"><div class="css-0"><p class="chakra-text css-1ecdp9w" data-testid="product-brand">United National</p><h3 class="chakra-heading css-6qrhwc" id="20305966001_EA" data-testid="product-title">Namak Para Snacks, Spicy</h3><p class="chakra-text css-1yftjin" data-testid="product-package-size">360 g, $0.97/100g</p></div></a><div class="css-8keand"></div></div><div class="css-1q5omjq"><div class="css-fcebb8"><div data-testid="atc-compact" class="css-y94ivq" style="width: 45px;"><button type="button" class="chakra-button css-mudsm6" data-testid="atc-button"><svg stroke="currentColor" fill="currentColor" stroke-width="0" viewBox="0 0 24 24" focusable="false" class="chakra-icon css-1g3sp7a" data-testid="btn-icon" aria-hidden="true" height="1em" width="1em" xmlns="http://www.w3.org/2000/svg"><path d="M19 13h-6v6h-2v-6H5v-2h6V5h2v6h6v2z"></path></svg><span class="css-idkz9h">Add Namak Para Snacks, Spicy to cart</span></button></div></div></div></div></div></div><div class="css-0"><div class="css-f5i5wc"><div class="chakra-linkbox css-vhnn8v"><div data-testid="product-image" class="css-16dr4ly"><img alt="Farmer's Market Fudge Square 400 g, $1.38/100g" src="https://assets.shop.loblaws.ca/products/21216499/b3/en/front/21216499_front_a06_@2.png" srcset="https://assets.shop.loblaws.ca/products/21216499/b3/en/front/21216499_front_a06_@2.png 1x, https://assets.shop.loblaws.ca/products/21216499/b3/en/front/21216499_front_a06_@2.png 2x" loading="lazy" class="chakra-image css-oguq8l" aria-hidden="true"></div><div class="css-qoklea"><div class="css-12dchmx"></div><div data-testid="price-product-tile" class="css-8atqhb"><p class="chakra-text css-0"><span class="chakra-text css-pwnbcb" data-testid="regular-price"><span class="css-idkz9h">$5.50</span>$5.50</span></p></div><a href="/fudge-square/p/21216499_EA?source=nspt" class="chakra-linkbox__overlay css-1hnz6hu"><div class="css-0"><p class="chakra-text css-1ecdp9w" data-testid="product-brand">Farmer's Market</p><h3 class="chakra-heading css-6qrhwc" id="21216499_EA" data-testid="product-title">Fudge Square</h3><p class="chakra-text css-1yftjin" data-testid="product-package-size">400 g, $1.38/100g</p></div></a><div class="css-8keand"></div></div><div class="css-1q5omjq"><div class="css-fcebb8"><div data-testid="atc-compact" class="css-y94ivq" style="width: 45px;"><button type="button" class="chakra-button css-mudsm6" data-testid="atc-button"><svg stroke="currentColor" fill="currentColor" stroke-width="0" viewBox="0 0 24 24" focusable="false" class="chakra-icon css-1g3sp7a" data-testid="btn-icon" aria-hidden="true" height="1em" width="1em" xmlns="http://www.w3.org/2000/svg"><path d="M19 13h-6v6h-2v-6H5v-2h6V5h2v6h6v2z"></path></svg><span class="css-idkz9h">Add Fudge Square to cart</span></button></div></div></div></div></div></div></div><div data-testid="product-grid" class="css-epcqr3"><div class="css-0"><div class="css-f5i5wc"><div class="chakra-linkbox css-vhnn8v"><div data-testid="product-image" class="css-16dr4ly"><img alt="null Old Fashioned Wild Blueberry Pie 114 g, $1.32/100g" src="https://assets.shop.loblaws.ca/products/21345436/b3/en/front/21345436_front_a06_@2.png" srcset="https://assets.shop.loblaws.ca/products/21345436/b3/en/front/21345436_front_a06_@2.png 1x, https://assets.shop.loblaws.ca/products/21345436/b3/en/front/21345436_front_a06_@2.png 2x" loading="lazy" class="chakra-image css-oguq8l" aria-hidden="true"></div><div class="css-qoklea"><div class="css-12dchmx"></div><div data-testid="price-product-tile" class="css-8atqhb"><p class="chakra-text css-0"><span class="chakra-text css-pwnbcb" data-testid="regular-price"><span class="css-idkz9h">$1.50</span>$1.50</span></p></div><a href="/old-fashioned-wild-blueberry-pie/p/21345436_EA?source=nspt" class="chakra-linkbox__overlay css-1hnz6hu"><div class="css-0"><h3 class="chakra-heading css-6qrhwc" id="21345436_EA" data-testid="product-title">Old Fashioned Wild Blueberry Pie</h3><p class="chakra-text css-1yftjin" data-testid="product-package-size">114 g, $1.32/100g</p></div></a><div class="css-8keand"></div></div><div class="css-1q5omjq"><div class="css-fcebb8"><div data-testid="atc-compact" class="css-y94ivq" style="width: 45px;"><button type="button" class="chakra-button css-mudsm6" data-testid="atc-button"><svg stroke="currentColor" fill="currentColor" stroke-width="0" viewBox="0 0 24 24" focusable="false" class="chakra-icon css-1g3sp7a" data-testid="btn-icon" aria-hidden="true" height="1em" width="1em" xmlns="http://www.w3.org/2000/svg"><path d="M19 13h-6v6h-2v-6H5v-2h6V5h2v6h6v2z"></path></svg><span class="css-idkz9h">Add Old Fashioned Wild Blueberry Pie to cart</span></button></div></div></div></div></div></div><div class="css-0"><div class="css-f5i5wc"><div class="chakra-linkbox css-vhnn8v"><div data-testid="product-image" class="css-16dr4ly"><img alt="T&amp;T Custard Bun 90 g, $1.66/100g" src="https://assets.shop.loblaws.ca/products/21475598/b3/en/front/21475598_front_a06_@2.png" srcset="https://assets.shop.loblaws.ca/products/21475598/b3/en/front/21475598_front_a06_@2.png 1x, https://assets.shop.loblaws.ca/products/21475598/b3/en/front/21475598_front_a06_@2.png 2x" loading="lazy" class="chakra-image css-oguq8l" aria-hidden="true"></div><div class="css-qoklea"><div class="css-12dchmx"><div class="chakra-badge css-34x0wr" data-testid="product-badge"><div class="css-u4p24i">New</div></div></div><div data-testid="price-product-tile" class="css-8atqhb"><p class="chakra-text css-0"><span class="chakra-text css-pwnbcb" data-testid="regular-price"><span class="css-idkz9h">$1.49</span>$1.49</span></p></div><a href="/custard-bun/p/21475598_EA?source=nspt" class="chakra-linkbox__overlay css-1hnz6hu"><div class="css-0"><p class="chakra-text css-1ecdp9w" data-testid="product-brand">T&amp;T</p><h3 class="chakra-heading css-6qrhwc" id="21475598_EA" data-testid="product-title">Custard Bun</h3><p class="chakra-text css-1yftjin" data-testid="product-package-size">90 g, $1.66/100g</p></div></a><div class="css-8keand"></div></div><div class="css-1q5omjq"><div class="css-fcebb8"><div data-testid="atc-compact" class="css-y94ivq" style="width: 45px;"><button type="button" class="chakra-button css-mudsm6" data-testid="atc-button"><svg stroke="currentColor" fill="currentColor" stroke-width="0" viewBox="0 0 24 24" focusable="false" class="chakra-icon css-1g3sp7a" data-testid="btn-icon" aria-hidden="true" height="1em" width="1em" xmlns="http://www.w3.org/2000/svg"><path d="M19 13h-6v6h-2v-6H5v-2h6V5h2v6h6v2z"></path></svg><span class="css-idkz9h">Add Custard Bun to cart</span></button></div></div></div></div></div></div><div class="css-0"><div class="css-f5i5wc"><div class="chakra-linkbox css-vhnn8v"><div data-testid="product-image" class="css-16dr4ly"><img alt="Farmer's Market Cookies Oatmeal 456 g, $1.32/100g" src="https://assets.shop.loblaws.ca/products/20566772/b3/en/front/20566772_front_a06_@2.png" srcset="https://assets.shop.loblaws.ca/products/20566772/b3/en/front/20566772_front_a06_@2.png 1x, https://assets.shop.loblaws.ca/products/20566772/b3/en/front/20566772_front_a06_@2.png 2x" loading="lazy" class="chakra-image css-oguq8l" aria-hidden="true"></div><div class="css-qoklea"><div class="css-12dchmx"></div><div data-testid="price-product-tile" class="css-8atqhb"><p class="chakra-text css-0"><span class="chakra-text css-pwnbcb" data-testid="regular-price"><span class="css-idkz9h">$6.00</span>$6.00</span></p></div><a href="/cookies-oatmeal/p/20566772_EA?source=nspt" class="chakra-linkbox__overlay css-1hnz6hu"><div class="css-0"><p class="chakra-text css-1ecdp9w" data-testid="product-brand">Farmer's Market</p><h3 class="chakra-heading css-6qrhwc" id="20566772_EA" data-testid="product-title">Cookies Oatmeal</h3><p class="chakra-text css-1yftjin" data-testid="product-package-size">456 g, $1.32/100g</p></div></a><div class="css-8keand"></div></div><div class="css-1q5omjq"><div class="css-fcebb8"><div data-testid="atc-compact" class="css-y94ivq" style="width: 45px;"><button type="button" class="chakra-button css-mudsm6" data-testid="atc-button"><svg stroke="currentColor" fill="currentColor" stroke-width="0" viewBox="0 0 24 24" focusable="false" class="chakra-icon css-1g3sp7a" data-testid="btn-icon" aria-hidden="true" height="1em" width="1em" xmlns="http://www.w3.org/2000/svg"><path d="M19 13h-6v6h-2v-6H5v-2h6V5h2v6h6v2z"></path></svg><span class="css-idkz9h">Add Cookies Oatmeal to cart</span></button></div></div></div></div></div></div><div class="css-0"><div class="css-f5i5wc"><div class="chakra-linkbox css-vhnn8v"><div data-testid="product-image" class="css-16dr4ly"><img alt="Farmer's Market Nanaimo Square 400 g, $1.38/100g" src="https://assets.shop.loblaws.ca/products/21216501/b3/en/front/21216501_front_a06_@2.png" srcset="https://assets.shop.loblaws.ca/products/21216501/b3/en/front/21216501_front_a06_@2.png 1x, https://assets.shop.loblaws.ca/products/21216501/b3/en/front/21216501_front_a06_@2.png 2x" loading="lazy" class="chakra-image css-oguq8l" aria-hidden="true"></div><div class="css-qoklea"><div class="css-12dchmx"></div><div data-testid="price-product-tile" class="css-8atqhb"><p class="chakra-text css-0"><span class="chakra-text css-pwnbcb" data-testid="regular-price"><span class="css-idkz9h">$5.50</span>$5.50</span></p></div><a href="/nanaimo-square/p/21216501_EA?source=nspt" class="chakra-linkbox__overlay css-1hnz6hu"><div class="css-0"><p class="chakra-text css-1ecdp9w" data-testid="product-brand">Farmer's Market</p><h3 class="chakra-heading css-6qrhwc" id="21216501_EA" data-testid="product-title">Nanaimo Square</h3><p class="chakra-text css-1yftjin" data-testid="product-package-size">400 g, $1.38/100g</p></div></a><div class="css-8keand"></div></div><div class="css-1q5omjq"><div class="css-fcebb8"><div data-testid="atc-compact" class="css-y94ivq" style="width: 45px;"><button type="button" class="chakra-button css-mudsm6" data-testid="atc-button"><svg stroke="currentColor" fill="currentColor" stroke-width="0" viewBox="0 0 24 24" focusable="false" class="chakra-icon css-1g3sp7a" data-testid="btn-icon" aria-hidden="true" height="1em" width="1em" xmlns="http://www.w3.org/2000/svg"><path d="M19 13h-6v6h-2v-6H5v-2h6V5h2v6h6v2z"></path></svg><span class="css-idkz9h">Add Nanaimo Square to cart</span></button></div></div></div></div></div></div><div class="css-0"><div class="css-f5i5wc"><div class="chakra-linkbox css-vhnn8v"><div data-testid="product-image" class="css-16dr4ly"><img alt="United Bakery Cherry Triangle Turnover 588 g, $0.94/100g" src="https://assets.shop.loblaws.ca/products/21575974/b3/en/front/21575974_front_a06_@2.png" srcset="https://assets.shop.loblaws.ca/products/21575974/b3/en/front/21575974_front_a06_@2.png 1x, https://assets.shop.loblaws.ca/products/21575974/b3/en/front/21575974_front_a06_@2.png 2x" loading="lazy" class="chakra-image css-oguq8l" aria-hidden="true"></div><div class="css-qoklea"><div class="css-12dchmx"></div><div data-testid="price-product-tile" class="css-8atqhb"><p class="chakra-text css-0"><span class="chakra-text css-pwnbcb" data-testid="regular-price"><span class="css-idkz9h">$5.50</span>$5.50</span></p></div><a href="/cherry-triangle-turnover/p/21575974_EA?source=nspt" class="chakra-linkbox__overlay css-1hnz6hu"><div class="css-0"><p class="chakra-text css-1ecdp9w" data-testid="product-brand">United Bakery</p><h3 class="chakra-heading css-6qrhwc" id="21575974_EA" data-testid="product-title">Cherry Triangle Turnover</h3><p class="chakra-text css-1yftjin" data-testid="product-package-size">588 g, $0.94/100g</p></div></a><div class="css-8keand"></div></div><div class="css-1q5omjq"><div class="css-fcebb8"><div data-testid="atc-compact" class="css-y94ivq" style="width: 45px;"><button type="button" class="chakra-button css-mudsm6" data-testid="atc-button"><svg stroke="currentColor" fill="currentColor" stroke-width="0" viewBox="0 0 24 24" focusable="false" class="chakra-icon css-1g3sp7a" data-testid="btn-icon" aria-hidden="true" height="1em" width="1em" xmlns="http://www.w3.org/2000/svg"><path d="M19 13h-6v6h-2v-6H5v-2h6V5h2v6h6v2z"></path></svg><span class="css-idkz9h">Add Cherry Triangle Turnover to cart</span></button></div></div></div></div></div></div><div class="css-0"><div class="css-f5i5wc"><div class="chakra-linkbox css-vhnn8v"><div data-testid="product-image" class="css-16dr4ly"><img alt="Farmer's Market Butter Tarts 765 g, $0.92/100g" src="https://assets.shop.loblaws.ca/products/21364696/b3/en/front/21364696_front_a06_@2.png" srcset="https://assets.shop.loblaws.ca/products/21364696/b3/en/front/21364696_front_a06_@2.png 1x, https://assets.shop.loblaws.ca/products/21364696/b3/en/front/21364696_front_a06_@2.png 2x" loading="lazy" class="chakra-image css-oguq8l" aria-hidden="true"></div><div class="css-qoklea"><div class="css-12dchmx"></div><div data-testid="price-product-tile" class="css-8atqhb"><p class="chakra-text css-0"><span class="chakra-text css-pwnbcb" data-testid="regular-price"><span class="css-idkz9h">$7.00</span>$7.00</span></p></div><a href="/butter-tarts/p/21364696_EA?source=nspt" class="chakra-linkbox__overlay css-1hnz6hu"><div class="css-0"><p class="chakra-text css-1ecdp9w" data-testid="product-brand">Farmer's Market</p><h3 class="chakra-heading css-6qrhwc" id="21364696_EA" data-testid="product-title">Butter Tarts</h3><p class="chakra-text css-1yftjin" data-testid="product-package-size">765 g, $0.92/100g</p></div></a><div class="css-8keand"></div></div><div class="css-1q5omjq"><div class="css-fcebb8"><div data-testid="atc-compact" class="css-y94ivq" style="width: 45px;"><button type="button" class="chakra-button css-mudsm6" data-testid="atc-button"><svg stroke="currentColor" fill="currentColor" stroke-width="0" viewBox="0 0 24 24" focusable="false" class="chakra-icon css-1g3sp7a" data-testid="btn-icon" aria-hidden="true" height="1em" width="1em" xmlns="http://www.w3.org/2000/svg"><path d="M19 13h-6v6h-2v-6H5v-2h6V5h2v6h6v2z"></path></svg><span class="css-idkz9h">Add Butter Tarts to cart</span></button></div></div></div></div></div></div><div class="css-0"><div class="css-f5i5wc"><div class="chakra-linkbox css-vhnn8v"><div data-testid="product-image" class="css-16dr4ly"><img alt="President's Choice Frostovers Lemon Blueberry Hand Pies 150 g, $1.33/100g" src="https://assets.shop.loblaws.ca/products/21588644/b3/en/front/21588644_front_a06_@2.png" srcset="https://assets.shop.loblaws.ca/products/21588644/b3/en/front/21588644_front_a06_@2.png 1x, https://assets.shop.loblaws.ca/products/21588644/b3/en/front/21588644_front_a06_@2.png 2x" loading="lazy" class="chakra-image css-oguq8l" aria-hidden="true"></div><div class="css-qoklea"><div class="css-12dchmx"></div><div data-testid="price-product-tile" class="css-8atqhb"><p class="chakra-text css-0"><span class="chakra-text css-pwnbcb" data-testid="regular-price"><span class="css-idkz9h">$2.00</span>$2.00</span></p></div><a href="/frostovers-lemon-blueberry-hand-pies/p/21588644_EA?source=nspt" class="chakra-linkbox__overlay css-1hnz6hu"><div class="css-0"><p class="chakra-text css-1ecdp9w" data-testid="product-brand">President's Choice</p><h3 class="chakra-heading css-6qrhwc" id="21588644_EA" data-testid="product-title">Frostovers Lemon Blueberry Hand Pies</h3><p class="chakra-text css-1yftjin" data-testid="product-package-size">150 g, $1.33/100g</p></div></a><div class="css-8keand"></div></div><div class="css-1q5omjq"><div class="css-fcebb8"><div data-testid="atc-compact" class="css-y94ivq" style="width: 45px;"><button type="button" class="chakra-button css-mudsm6" data-testid="atc-button"><svg stroke="currentColor" fill="currentColor" stroke-width="0" viewBox="0 0 24 24" focusable="false" class="chakra-icon css-1g3sp7a" data-testid="btn-icon" aria-hidden="true" height="1em" width="1em" xmlns="http://www.w3.org/2000/svg"><path d="M19 13h-6v6h-2v-6H5v-2h6V5h2v6h6v2z"></path></svg><span class="css-idkz9h">Add Frostovers Lemon Blueberry Hand Pies to cart</span></button></div></div></div></div></div></div><div class="css-0"><div class="css-f5i5wc"><div class="chakra-linkbox css-vhnn8v"><div data-testid="product-image" class="css-16dr4ly"><img alt="Farmer's Market Lemon Squares 400 g, $1.38/100g" src="https://assets.shop.loblaws.ca/products/21216523/b3/en/front/21216523_front_a06_@2.png" srcset="https://assets.shop.loblaws.ca/products/21216523/b3/en/front/21216523_front_a06_@2.png 1x, https://assets.shop.loblaws.ca/products/21216523/b3/en/front/21216523_front_a06_@2.png 2x" loading="lazy" class="chakra-image css-oguq8l" aria-hidden="true"></div><div class="css-qoklea"><div class="css-12dchmx"></div><div data-testid="price-product-tile" class="css-8atqhb"><p class="chakra-text css-0"><span class="chakra-text css-pwnbcb" data-testid="regular-price"><span class="css-idkz9h">$5.50</span>$5.50</span></p></div><a href="/lemon-squares/p/21216523_EA?source=nspt" class="chakra-linkbox__overlay css-1hnz6hu"><div class="css-0"><p class="chakra-text css-1ecdp9w" data-testid="product-brand">Farmer's Market</p><h3 class="chakra-heading css-6qrhwc" id="21216523_EA" data-testid="product-title">Lemon Squares</h3><p class="chakra-text css-1yftjin" data-testid="product-package-size">400 g, $1.38/100g</p></div></a><div class="css-8keand"></div></div><div class="css-1q5omjq"><div class="css-fcebb8"><div data-testid="atc-compact" class="css-y94ivq" style="width: 45px;"><button disabled="" type="button" class="chakra-button css-mudsm6" data-testid="atc-button"><svg stroke="currentColor" fill="currentColor" stroke-width="0" viewBox="0 0 24 24" focusable="false" class="chakra-icon css-1g3sp7a" data-testid="btn-icon" aria-hidden="true" height="1em" width="1em" xmlns="http://www.w3.org/2000/svg"><path d="M19 13h-6v6h-2v-6H5v-2h6V5h2v6h6v2z"></path></svg><span class="css-idkz9h">Add Lemon Squares to cart</span></button></div></div><div class="css-4saf4a"><p class="chakra-text css-py8788" data-testid="inventory-badge-text">Out of Stock</p></div></div></div></div></div><div class="css-0"><div class="css-f5i5wc"><div class="chakra-linkbox css-vhnn8v"><div data-testid="product-image" class="css-16dr4ly"><img alt="null Apple Turnover 825 g, $0.73/100g" src="https://assets.shop.loblaws.ca/products/21549582/b3/en/front/21549582_front_a06_@2.png" srcset="https://assets.shop.loblaws.ca/products/21549582/b3/en/front/21549582_front_a06_@2.png 1x, https://assets.shop.loblaws.ca/products/21549582/b3/en/front/21549582_front_a06_@2.png 2x" loading="lazy" class="chakra-image css-oguq8l" aria-hidden="true"></div><div class="css-qoklea"><div class="css-12dchmx"></div><div data-testid="price-product-tile" class="css-8atqhb"><p class="chakra-text css-0"><span class="chakra-text css-pwnbcb" data-testid="regular-price"><span class="css-idkz9h">$6.00</span>$6.00</span></p></div><a href="/apple-turnover/p/21549582_EA?source=nspt" class="chakra-linkbox__overlay css-1hnz6hu"><div class="css-0"><h3 class="chakra-heading css-6qrhwc" id="21549582_EA" data-testid="product-title">Apple Turnover</h3><p class="chakra-text css-1yftjin" data-testid="product-package-size">825 g, $0.73/100g</p></div></a><div class="css-8keand"></div></div><div class="css-1q5omjq"><div class="css-fcebb8"><div data-testid="atc-compact" class="css-y94ivq" style="width: 45px;"><button type="button" class="chakra-button css-mudsm6" data-testid="atc-button"><svg stroke="currentColor" fill="currentColor" stroke-width="0" viewBox="0 0 24 24" focusable="false" class="chakra-icon css-1g3sp7a" data-testid="btn-icon" aria-hidden="true" height="1em" width="1em" xmlns="http://www.w3.org/2000/svg"><path d="M19 13h-6v6h-2v-6H5v-2h6V5h2v6h6v2z"></path></svg><span class="css-idkz9h">Add Apple Turnover to cart</span></button></div></div></div></div></div></div><div class="css-0"><div class="css-f5i5wc"><div class="chakra-linkbox css-vhnn8v"><div data-testid="product-image" class="css-16dr4ly"><img alt="Farmer's Market Pecan Pie 9 Inch 580 g, $1.29/100g" src="https://assets.shop.loblaws.ca/products/21297359/b3/en/front/21297359_front_a06_@2.png" srcset="https://assets.shop.loblaws.ca/products/21297359/b3/en/front/21297359_front_a06_@2.png 1x, https://assets.shop.loblaws.ca/products/21297359/b3/en/front/21297359_front_a06_@2.png 2x" loading="lazy" class="chakra-image css-oguq8l" aria-hidden="true"></div><div class="css-qoklea"><div class="css-12dchmx"></div><div data-testid="price-product-tile" class="css-8atqhb"><p class="chakra-text css-0"><span class="chakra-text css-pwnbcb" data-testid="regular-price"><span class="css-idkz9h">$7.50</span>$7.50</span></p></div><a href="/pecan-pie-9-inch/p/21297359_EA?source=nspt" class="chakra-linkbox__overlay css-1hnz6hu"><div class="css-0"><p class="chakra-text css-1ecdp9w" data-testid="product-brand">Farmer's Market</p><h3 class="chakra-heading css-6qrhwc" id="21297359_EA" data-testid="product-title">Pecan Pie 9 Inch</h3><p class="chakra-text css-1yftjin" data-testid="product-package-size">580 g, $1.29/100g</p></div></a><div class="css-8keand"></div></div><div class="css-1q5omjq"><div class="css-fcebb8"><div data-testid="atc-compact" class="css-y94ivq" style="width: 45px;"><button type="button" class="chakra-button css-mudsm6" data-testid="atc-button"><svg stroke="currentColor" fill="currentColor" stroke-width="0" viewBox="0 0 24 24" focusable="false" class="chakra-icon css-1g3sp7a" data-testid="btn-icon" aria-hidden="true" height="1em" width="1em" xmlns="http://www.w3.org/2000/svg"><path d="M19 13h-6v6h-2v-6H5v-2h6V5h2v6h6v2z"></path></svg><span class="css-idkz9h">Add Pecan Pie 9 Inch to cart</span></button></div></div></div></div></div></div><div class="css-0"><div class="css-f5i5wc"><div class="chakra-linkbox css-vhnn8v"><div data-testid="product-image" class="css-16dr4ly"><img alt="Donut Time 6 Sugar Donuts 250 g 250 g, $0.80/100g" src="https://assets.shop.loblaws.ca/products/21342108/b3/en/front/21342108_front_a06_@2.png" srcset="https://assets.shop.loblaws.ca/products/21342108/b3/en/front/21342108_front_a06_@2.png 1x, https://assets.shop.loblaws.ca/products/21342108/b3/en/front/21342108_front_a06_@2.png 2x" loading="lazy" class="chakra-image css-oguq8l" aria-hidden="true"></div><div class="css-qoklea"><div class="css-12dchmx"></div><div data-testid="price-product-tile" class="css-8atqhb"><p class="chakra-text css-0"><span class="chakra-text css-pwnbcb" data-testid="regular-price"><span class="css-idkz9h">$2.00</span>$2.00</span></p></div><a href="/6-sugar-donuts-250-g/p/21342108_EA?source=nspt" class="chakra-linkbox__overlay css-1hnz6hu"><div class="css-0"><p class="chakra-text css-1ecdp9w" data-testid="product-brand">Donut Time</p><h3 class="chakra-heading css-6qrhwc" id="21342108_EA" data-testid="product-title">6 Sugar Donuts 250 g</h3><p class="chakra-text css-1yftjin" data-testid="product-package-size">250 g, $0.80/100g</p></div></a><div class="css-8keand"></div></div><div class="css-1q5omjq"><div class="css-fcebb8"><div data-testid="atc-compact" class="css-y94ivq" style="width: 45px;"><button type="button" class="chakra-button css-mudsm6" data-testid="atc-button"><svg stroke="currentColor" fill="currentColor" stroke-width="0" viewBox="0 0 24 24" focusable="false" class="chakra-icon css-1g3sp7a" data-testid="btn-icon" aria-hidden="true" height="1em" width="1em" xmlns="http://www.w3.org/2000/svg"><path d="M19 13h-6v6h-2v-6H5v-2h6V5h2v6h6v2z"></path></svg><span class="css-idkz9h">Add 6 Sugar Donuts 250 g to cart</span></button></div></div></div></div></div></div><div class="css-0"><div class="css-f5i5wc"><div class="chakra-linkbox css-vhnn8v"><div data-testid="product-image" class="css-16dr4ly"><img alt="null Old Fashioned Lemon Pie  114 g, $1.32/100g" src="https://assets.shop.loblaws.ca/products/21345421/b3/en/front/21345421_front_a06_@2.png" srcset="https://assets.shop.loblaws.ca/products/21345421/b3/en/front/21345421_front_a06_@2.png 1x, https://assets.shop.loblaws.ca/products/21345421/b3/en/front/21345421_front_a06_@2.png 2x" loading="lazy" class="chakra-image css-oguq8l" aria-hidden="true"></div><div class="css-qoklea"><div class="css-12dchmx"></div><div data-testid="price-product-tile" class="css-8atqhb"><p class="chakra-text css-0"><span class="chakra-text css-pwnbcb" data-testid="regular-price"><span class="css-idkz9h">$1.50</span>$1.50</span></p></div><a href="/old-fashioned-lemon-pie/p/21345421_EA?source=nspt" class="chakra-linkbox__overlay css-1hnz6hu"><div class="css-0"><h3 class="chakra-heading css-6qrhwc" id="21345421_EA" data-testid="product-title">Old Fashioned Lemon Pie </h3><p class="chakra-text css-1yftjin" data-testid="product-package-size">114 g, $1.32/100g</p></div></a><div class="css-8keand"></div></div><div class="css-1q5omjq"><div class="css-fcebb8"><div data-testid="atc-compact" class="css-y94ivq" style="width: 45px;"><button type="button" class="chakra-button css-mudsm6" data-testid="atc-button"><svg stroke="currentColor" fill="currentColor" stroke-width="0" viewBox="0 0 24 24" focusable="false" class="chakra-icon css-1g3sp7a" data-testid="btn-icon" aria-hidden="true" height="1em" width="1em" xmlns="http://www.w3.org/2000/svg"><path d="M19 13h-6v6h-2v-6H5v-2h6V5h2v6h6v2z"></path></svg><span class="css-idkz9h">Add Old Fashioned Lemon Pie  to cart</span></button></div></div></div></div></div></div><div class="css-0"><div class="css-f5i5wc"><div class="chakra-linkbox css-vhnn8v"><div data-testid="product-image" class="css-16dr4ly"><img alt="Crispy Eggless Cake Rusk 750 g, $0.53/100g" src="https://assets.shop.loblaws.ca/products/21268674/b3/en/front/21268674_front_a06_@2.png" srcset="https://assets.shop.loblaws.ca/products/21268674/b3/en/front/21268674_front_a06_@2.png 1x, https://assets.shop.loblaws.ca/products/21268674/b3/en/front/21268674_front_a06_@2.png 2x" loading="lazy" class="chakra-image css-oguq8l" aria-hidden="true"></div><div class="css-qoklea"><div class="css-12dchmx"></div><div data-testid="price-product-tile" class="css-8atqhb"><p class="chakra-text css-0"><span class="chakra-text css-pwnbcb" data-testid="regular-price"><span class="css-idkz9h">$3.99</span>$3.99</span></p></div><a href="/eggless-cake-rusk/p/21268674_EA?source=nspt" class="chakra-linkbox__overlay css-1hnz6hu"><div class="css-0"><p class="chakra-text css-1ecdp9w" data-testid="product-brand">Crispy</p><h3 class="chakra-heading css-6qrhwc" id="21268674_EA" data-testid="product-title">Eggless Cake Rusk</h3><p class="chakra-text css-1yftjin" data-testid="product-package-size">750 g, $0.53/100g</p></div></a><div class="css-8keand"></div></div><div class="css-1q5omjq"><div class="css-fcebb8"><div data-testid="atc-compact" class="css-y94ivq" style="width: 45px;"><button type="button" class="chakra-button css-mudsm6" data-testid="atc-button"><svg stroke="currentColor" fill="currentColor" stroke-width="0" viewBox="0 0 24 24" focusable="false" class="chakra-icon css-1g3sp7a" data-testid="btn-icon" aria-hidden="true" height="1em" width="1em" xmlns="http://www.w3.org/2000/svg"><path d="M19 13h-6v6h-2v-6H5v-2h6V5h2v6h6v2z"></path></svg><span class="css-idkz9h">Add Eggless Cake Rusk to cart</span></button></div></div></div></div></div></div><div class="css-0"><div class="css-f5i5wc"><div class="chakra-linkbox css-vhnn8v"><div data-testid="product-image" class="css-16dr4ly"><img alt="Weight Watchers Peanut Butter Brownie Bliss Mini Brownies 126 g, $2.37/100g" src="https://assets.shop.loblaws.ca/products/20742059/b3/en/front/20742059_front_a06_@2.png" srcset="https://assets.shop.loblaws.ca/products/20742059/b3/en/front/20742059_front_a06_@2.png 1x, https://assets.shop.loblaws.ca/products/20742059/b3/en/front/20742059_front_a06_@2.png 2x" loading="lazy" class="chakra-image css-oguq8l" aria-hidden="true"></div><div class="css-qoklea"><div class="css-12dchmx"></div><div data-testid="price-product-tile" class="css-8atqhb"><p class="chakra-text css-0"><span class="chakra-text css-pwnbcb" data-testid="regular-price"><span class="css-idkz9h">$2.99</span>$2.99</span></p></div><a href="/peanut-butter-brownie-bliss-mini-brownies/p/20742059_EA?source=nspt" class="chakra-linkbox__overlay css-1hnz6hu"><div class="css-0"><p class="chakra-text css-1ecdp9w" data-testid="product-brand">Weight Watchers</p><h3 class="chakra-heading css-6qrhwc" id="20742059_EA" data-testid="product-title">Peanut Butter Brownie Bliss Mini Brownies</h3><p class="chakra-text css-1yftjin" data-testid="product-package-size">126 g, $2.37/100g</p></div></a><div class="css-8keand"></div></div><div class="css-1q5omjq"><div class="css-fcebb8"><div data-testid="atc-compact" class="css-y94ivq" style="width: 45px;"><button disabled="" type="button" class="chakra-button css-mudsm6" data-testid="atc-button"><svg stroke="currentColor" fill="currentColor" stroke-width="0" viewBox="0 0 24 24" focusable="false" class="chakra-icon css-1g3sp7a" data-testid="btn-icon" aria-hidden="true" height="1em" width="1em" xmlns="http://www.w3.org/2000/svg"><path d="M19 13h-6v6h-2v-6H5v-2h6V5h2v6h6v2z"></path></svg><span class="css-idkz9h">Add Peanut Butter Brownie Bliss Mini Brownies to cart</span></button></div></div><div class="css-4saf4a"><p class="chakra-text css-py8788" data-testid="inventory-badge-text">Out of Stock</p></div></div></div></div></div><div class="css-0"><div class="css-f5i5wc"><div class="chakra-linkbox css-vhnn8v"><div data-testid="product-image" class="css-16dr4ly"><img alt="President's Choice Apple Crisp 650 g, $1.23/100g" src="https://assets.shop.loblaws.ca/products/20052268/b3/en/front/20052268_front_a06_@2.png" srcset="https://assets.shop.loblaws.ca/products/20052268/b3/en/front/20052268_front_a06_@2.png 1x, https://assets.shop.loblaws.ca/products/20052268/b3/en/front/20052268_front_a06_@2.png 2x" loading="lazy" class="chakra-image css-oguq8l" aria-hidden="true"></div><div class="css-qoklea"><div class="css-12dchmx"></div><div data-testid="price-product-tile" class="css-8atqhb"><p class="chakra-text css-0"><span class="chakra-text css-pwnbcb" data-testid="regular-price"><span class="css-idkz9h">$7.99</span>$7.99</span></p></div><a href="/apple-crisp/p/20052268_EA?source=nspt" class="chakra-linkbox__overlay css-1hnz6hu"><div class="css-0"><p class="chakra-text css-1ecdp9w" data-testid="product-brand">President's Choice</p><h3 class="chakra-heading css-6qrhwc" id="20052268_EA" data-testid="product-title">Apple Crisp</h3><p class="chakra-text css-1yftjin" data-testid="product-package-size">650 g, $1.23/100g</p></div></a><div class="css-8keand"></div></div><div class="css-1q5omjq"><div class="css-fcebb8"><div data-testid="atc-compact" class="css-y94ivq" style="width: 45px;"><button type="button" class="chakra-button css-mudsm6" data-testid="atc-button"><svg stroke="currentColor" fill="currentColor" stroke-width="0" viewBox="0 0 24 24" focusable="false" class="chakra-icon css-1g3sp7a" data-testid="btn-icon" aria-hidden="true" height="1em" width="1em" xmlns="http://www.w3.org/2000/svg"><path d="M19 13h-6v6h-2v-6H5v-2h6V5h2v6h6v2z"></path></svg><span class="css-idkz9h">Add Apple Crisp to cart</span></button></div></div></div></div></div></div><div class="css-0"><div class="css-f5i5wc"><div class="chakra-linkbox css-vhnn8v"><div data-testid="product-image" class="css-16dr4ly"><img alt="School Safe Muffin Bars Birthday Cake 296 g, $1.69/100g" src="https://assets.shop.loblaws.ca/products/21363224/b3/en/front/21363224_front_a06_@2.png" srcset="https://assets.shop.loblaws.ca/products/21363224/b3/en/front/21363224_front_a06_@2.png 1x, https://assets.shop.loblaws.ca/products/21363224/b3/en/front/21363224_front_a06_@2.png 2x" loading="lazy" class="chakra-image css-oguq8l" aria-hidden="true"></div><div class="css-qoklea"><div class="css-12dchmx"></div><div data-testid="price-product-tile" class="css-8atqhb"><p class="chakra-text css-0"><span class="chakra-text css-pwnbcb" data-testid="regular-price"><span class="css-idkz9h">$4.99</span>$4.99</span></p></div><a href="/muffin-bars-birthday-cake/p/21363224_EA?source=nspt" class="chakra-linkbox__overlay css-1hnz6hu"><div class="css-0"><p class="chakra-text css-1ecdp9w" data-testid="product-brand">School Safe</p><h3 class="chakra-heading css-6qrhwc" id="21363224_EA" data-testid="product-title">Muffin Bars Birthday Cake</h3><p class="chakra-text css-1yftjin" data-testid="product-package-size">296 g, $1.69/100g</p></div></a><div class="css-8keand"></div></div><div class="css-1q5omjq"><div class="css-fcebb8"><div data-testid="atc-compact" class="css-y94ivq" style="width: 45px;"><button type="button" class="chakra-button css-mudsm6" data-testid="atc-button"><svg stroke="currentColor" fill="currentColor" stroke-width="0" viewBox="0 0 24 24" focusable="false" class="chakra-icon css-1g3sp7a" data-testid="btn-icon" aria-hidden="true" height="1em" width="1em" xmlns="http://www.w3.org/2000/svg"><path d="M19 13h-6v6h-2v-6H5v-2h6V5h2v6h6v2z"></path></svg><span class="css-idkz9h">Add Muffin Bars Birthday Cake to cart</span></button></div></div></div></div></div></div><div class="css-0"><div class="css-f5i5wc"><div class="chakra-linkbox css-vhnn8v"><div data-testid="product-image" class="css-16dr4ly"><img alt="Old Mill Pumpkin Pie 8&quot; 450 g, $1.00/100g" src="https://assets.shop.loblaws.ca/products/21339518/b3/en/front/21339518_front_a06_@2.png" srcset="https://assets.shop.loblaws.ca/products/21339518/b3/en/front/21339518_front_a06_@2.png 1x, https://assets.shop.loblaws.ca/products/21339518/b3/en/front/21339518_front_a06_@2.png 2x" loading="lazy" class="chakra-image css-oguq8l" aria-hidden="true"></div><div class="css-qoklea"><div class="css-12dchmx"></div><div data-testid="price-product-tile" class="css-8atqhb"><p class="chakra-text css-0"><span class="chakra-text css-pwnbcb" data-testid="regular-price"><span class="css-idkz9h">$4.50</span>$4.50</span></p></div><a href="/pumpkin-pie-8/p/21339518_EA?source=nspt" class="chakra-linkbox__overlay css-1hnz6hu"><div class="css-0"><p class="chakra-text css-1ecdp9w" data-testid="product-brand">Old Mill</p><h3 class="chakra-heading css-6qrhwc" id="21339518_EA" data-testid="product-title">Pumpkin Pie 8"</h3><p class="chakra-text css-1yftjin" data-testid="product-package-size">450 g, $1.00/100g</p></div></a><div class="css-8keand"></div></div><div class="css-1q5omjq"><div class="css-fcebb8"><div data-testid="atc-compact" class="css-y94ivq" style="width: 45px;"><button disabled="" type="button" class="chakra-button css-mudsm6" data-testid="atc-button"><svg stroke="currentColor" fill="currentColor" stroke-width="0" viewBox="0 0 24 24" focusable="false" class="chakra-icon css-1g3sp7a" data-testid="btn-icon" aria-hidden="true" height="1em" width="1em" xmlns="http://www.w3.org/2000/svg"><path d="M19 13h-6v6h-2v-6H5v-2h6V5h2v6h6v2z"></path></svg><span class="css-idkz9h">Add Pumpkin Pie 8" to cart</span></button></div></div><div class="css-4saf4a"><p class="chakra-text css-py8788" data-testid="inventory-badge-text">Out of Stock</p></div></div></div></div></div><div class="css-0"><div class="css-f5i5wc"><div class="chakra-linkbox css-vhnn8v"><div data-testid="product-image" class="css-16dr4ly"><img alt="null Treat Shop Sweet Middles Carrot 220 g, $2.27/100g" src="https://assets.shop.loblaws.ca/products/21590407/b3/en/front/21590407_front_a06_@2.png" srcset="https://assets.shop.loblaws.ca/products/21590407/b3/en/front/21590407_front_a06_@2.png 1x, https://assets.shop.loblaws.ca/products/21590407/b3/en/front/21590407_front_a06_@2.png 2x" loading="lazy" class="chakra-image css-oguq8l" aria-hidden="true"></div><div class="css-qoklea"><div class="css-12dchmx"></div><div data-testid="price-product-tile" class="css-8atqhb"><p class="chakra-text css-0"><span class="chakra-text css-pwnbcb" data-testid="regular-price"><span class="css-idkz9h">$5.00</span>$5.00</span></p></div><a href="/treat-shop-sweet-middles-carrot/p/21590407_EA?source=nspt" class="chakra-linkbox__overlay css-1hnz6hu"><div class="css-0"><h3 class="chakra-heading css-6qrhwc" id="21590407_EA" data-testid="product-title">Treat Shop Sweet Middles Carrot</h3><p class="chakra-text css-1yftjin" data-testid="product-package-size">220 g, $2.27/100g</p></div></a><div class="css-8keand"></div></div><div class="css-1q5omjq"><div class="css-fcebb8"><div data-testid="atc-compact" class="css-y94ivq" style="width: 45px;"><button type="button" class="chakra-button css-mudsm6" data-testid="atc-button"><svg stroke="currentColor" fill="currentColor" stroke-width="0" viewBox="0 0 24 24" focusable="false" class="chakra-icon css-1g3sp7a" data-testid="btn-icon" aria-hidden="true" height="1em" width="1em" xmlns="http://www.w3.org/2000/svg"><path d="M19 13h-6v6h-2v-6H5v-2h6V5h2v6h6v2z"></path></svg><span class="css-idkz9h">Add Treat Shop Sweet Middles Carrot to cart</span></button></div></div></div></div></div></div><div class="css-0"><div class="css-f5i5wc"><div class="chakra-linkbox css-vhnn8v"><div data-testid="product-image" class="css-16dr4ly"><img alt="President's Choice Sliced Cheesecake Selection, 12 slices 1 kg, $1.90/100g" src="https://assets.shop.loblaws.ca/products/20599530/b3/en/front/20599530_front_a06_@2.png" srcset="https://assets.shop.loblaws.ca/products/20599530/b3/en/front/20599530_front_a06_@2.png 1x, https://assets.shop.loblaws.ca/products/20599530/b3/en/front/20599530_front_a06_@2.png 2x" loading="lazy" class="chakra-image css-oguq8l" aria-hidden="true"></div><div class="css-qoklea"><div class="css-12dchmx"></div><div data-testid="price-product-tile" class="css-8atqhb"><p class="chakra-text css-0"><span class="chakra-text css-pwnbcb" data-testid="regular-price"><span class="css-idkz9h">$19.00</span>$19.00</span></p></div><a href="/sliced-cheesecake-selection-12-slices/p/20599530_EA?source=nspt" class="chakra-linkbox__overlay css-1hnz6hu"><div class="css-0"><p class="chakra-text css-1ecdp9w" data-testid="product-brand">President's Choice</p><h3 class="chakra-heading css-6qrhwc" id="20599530_EA" data-testid="product-title">Sliced Cheesecake Selection, 12 slices</h3><p class="chakra-text css-1yftjin" data-testid="product-package-size">1 kg, $1.90/100g</p></div></a><div class="css-8keand"></div></div><div class="css-1q5omjq"><div class="css-fcebb8"><div data-testid="atc-compact" class="css-y94ivq" style="width: 45px;"><button type="button" class="chakra-button css-mudsm6" data-testid="atc-button"><svg stroke="currentColor" fill="currentColor" stroke-width="0" viewBox="0 0 24 24" focusable="false" class="chakra-icon css-1g3sp7a" data-testid="btn-icon" aria-hidden="true" height="1em" width="1em" xmlns="http://www.w3.org/2000/svg"><path d="M19 13h-6v6h-2v-6H5v-2h6V5h2v6h6v2z"></path></svg><span class="css-idkz9h">Add Sliced Cheesecake Selection, 12 slices to cart</span></button></div></div></div></div></div></div><div class="css-0"><div class="css-f5i5wc"><div class="chakra-linkbox css-vhnn8v"><div data-testid="product-image" class="css-16dr4ly"><img alt="Villa Di Manno Di Manno Cherry Pie 113 g, $1.11/100g" src="https://assets.shop.loblaws.ca/products/21021823/b3/en/front/21021823_front_a06_@2.png" srcset="https://assets.shop.loblaws.ca/products/21021823/b3/en/front/21021823_front_a06_@2.png 1x, https://assets.shop.loblaws.ca/products/21021823/b3/en/front/21021823_front_a06_@2.png 2x" loading="lazy" class="chakra-image css-oguq8l" aria-hidden="true"></div><div class="css-qoklea"><div class="css-12dchmx"></div><div data-testid="price-product-tile" class="css-8atqhb"><p class="chakra-text css-0"><span class="chakra-text css-pwnbcb" data-testid="regular-price"><span class="css-idkz9h">$1.25</span>$1.25</span></p></div><a href="/di-manno-cherry-pie/p/21021823_EA?source=nspt" class="chakra-linkbox__overlay css-1hnz6hu"><div class="css-0"><p class="chakra-text css-1ecdp9w" data-testid="product-brand">Villa Di Manno</p><h3 class="chakra-heading css-6qrhwc" id="21021823_EA" data-testid="product-title">Di Manno Cherry Pie</h3><p class="chakra-text css-1yftjin" data-testid="product-package-size">113 g, $1.11/100g</p></div></a><div class="css-8keand"></div></div><div class="css-1q5omjq"><div class="css-fcebb8"><div data-testid="atc-compact" class="css-y94ivq" style="width: 45px;"><button type="button" class="chakra-button css-mudsm6" data-testid="atc-button"><svg stroke="currentColor" fill="currentColor" stroke-width="0" viewBox="0 0 24 24" focusable="false" class="chakra-icon css-1g3sp7a" data-testid="btn-icon" aria-hidden="true" height="1em" width="1em" xmlns="http://www.w3.org/2000/svg"><path d="M19 13h-6v6h-2v-6H5v-2h6V5h2v6h6v2z"></path></svg><span class="css-idkz9h">Add Di Manno Cherry Pie to cart</span></button></div></div></div></div></div></div><div class="css-0"><div class="css-f5i5wc"><div class="chakra-linkbox css-vhnn8v"><div data-testid="product-image" class="css-16dr4ly"><img alt="President's Choice Coconut Cream Pie 730 g, $1.64/100g" src="https://assets.shop.loblaws.ca/products/21586363/b3/en/front/21586363_front_a06_@2.png" srcset="https://assets.shop.loblaws.ca/products/21586363/b3/en/front/21586363_front_a06_@2.png 1x, https://assets.shop.loblaws.ca/products/21586363/b3/en/front/21586363_front_a06_@2.png 2x" loading="lazy" class="chakra-image css-oguq8l" aria-hidden="true"></div><div class="css-qoklea"><div class="css-12dchmx"></div><div data-testid="price-product-tile" class="css-8atqhb"><p class="chakra-text css-0"><span class="chakra-text css-pwnbcb" data-testid="regular-price"><span class="css-idkz9h">$11.99</span>$11.99</span></p></div><a href="/coconut-cream-pie/p/21586363_EA?source=nspt" class="chakra-linkbox__overlay css-1hnz6hu"><div class="css-0"><p class="chakra-text css-1ecdp9w" data-testid="product-brand">President's Choice</p><h3 class="chakra-heading css-6qrhwc" id="21586363_EA" data-testid="product-title">Coconut Cream Pie</h3><p class="chakra-text css-1yftjin" data-testid="product-package-size">730 g, $1.64/100g</p></div></a><div class="css-8keand"></div></div><div class="css-1q5omjq"><div class="css-fcebb8"><div data-testid="atc-compact" class="css-y94ivq" style="width: 45px;"><button type="button" class="chakra-button css-mudsm6" data-testid="atc-button"><svg stroke="currentColor" fill="currentColor" stroke-width="0" viewBox="0 0 24 24" focusable="false" class="chakra-icon css-1g3sp7a" data-testid="btn-icon" aria-hidden="true" height="1em" width="1em" xmlns="http://www.w3.org/2000/svg"><path d="M19 13h-6v6h-2v-6H5v-2h6V5h2v6h6v2z"></path></svg><span class="css-idkz9h">Add Coconut Cream Pie to cart</span></button></div></div></div></div></div></div><div class="css-0"><div class="css-f5i5wc"><div class="chakra-linkbox css-vhnn8v"><div data-testid="product-image" class="css-16dr4ly"><img alt="Hostess Mini Donuts Cinnamon 269 g, $1.67/100g" src="https://assets.shop.loblaws.ca/products/21572617/b3/en/front/21572617_front_a06_@2.png" srcset="https://assets.shop.loblaws.ca/products/21572617/b3/en/front/21572617_front_a06_@2.png 1x, https://assets.shop.loblaws.ca/products/21572617/b3/en/front/21572617_front_a06_@2.png 2x" loading="lazy" class="chakra-image css-oguq8l" aria-hidden="true"></div><div class="css-qoklea"><div class="css-12dchmx"></div><div data-testid="price-product-tile" class="css-8atqhb"><p class="chakra-text css-0"><span class="chakra-text css-pwnbcb" data-testid="regular-price"><span class="css-idkz9h">$4.49</span>$4.49</span></p></div><a href="/mini-donuts-cinnamon/p/21572617_EA?source=nspt" class="chakra-linkbox__overlay css-1hnz6hu"><div class="css-0"><p class="chakra-text css-1ecdp9w" data-testid="product-brand">Hostess</p><h3 class="chakra-heading css-6qrhwc" id="21572617_EA" data-testid="product-title">Mini Donuts Cinnamon</h3><p class="chakra-text css-1yftjin" data-testid="product-package-size">269 g, $1.67/100g</p></div></a><div class="css-8keand"></div></div><div class="css-1q5omjq"><div class="css-fcebb8"><div data-testid="atc-compact" class="css-y94ivq" style="width: 45px;"><button type="button" class="chakra-button css-mudsm6" data-testid="atc-button"><svg stroke="currentColor" fill="currentColor" stroke-width="0" viewBox="0 0 24 24" focusable="false" class="chakra-icon css-1g3sp7a" data-testid="btn-icon" aria-hidden="true" height="1em" width="1em" xmlns="http://www.w3.org/2000/svg"><path d="M19 13h-6v6h-2v-6H5v-2h6V5h2v6h6v2z"></path></svg><span class="css-idkz9h">Add Mini Donuts Cinnamon to cart</span></button></div></div></div></div></div></div><div class="css-0"><div class="css-f5i5wc"><div class="chakra-linkbox css-vhnn8v"><div data-testid="product-image" class="css-16dr4ly"><img alt="Mr. Brownie Chocolate Brownies 12x200.0 g, $1.75/100g" src="https://assets.shop.loblaws.ca/products/21522489/b3/en/front/21522489_front_a06_@2.png" srcset="https://assets.shop.loblaws.ca/products/21522489/b3/en/front/21522489_front_a06_@2.png 1x, https://assets.shop.loblaws.ca/products/21522489/b3/en/front/21522489_front_a06_@2.png 2x" loading="lazy" class="chakra-image css-oguq8l" aria-hidden="true"></div><div class="css-qoklea"><div class="css-12dchmx"></div><div data-testid="price-product-tile" class="css-8atqhb"><p class="chakra-text css-0"><span class="chakra-text css-pwnbcb" data-testid="regular-price"><span class="css-idkz9h">$3.49</span>$3.49</span></p></div><a href="/chocolate-brownies/p/21522489_EA?source=nspt" class="chakra-linkbox__overlay css-1hnz6hu"><div class="css-0"><p class="chakra-text css-1ecdp9w" data-testid="product-brand">Mr. Brownie</p><h3 class="chakra-heading css-6qrhwc" id="21522489_EA" data-testid="product-title">Chocolate Brownies</h3><p class="chakra-text css-1yftjin" data-testid="product-package-size">12x200.0 g, $1.75/100g</p></div></a><div class="css-8keand"></div></div><div class="css-1q5omjq"><div class="css-fcebb8"><div data-testid="atc-compact" class="css-y94ivq" style="width: 45px;"><button type="button" class="chakra-button css-mudsm6" data-testid="atc-button"><svg stroke="currentColor" fill="currentColor" stroke-width="0" viewBox="0 0 24 24" focusable="false" class="chakra-icon css-1g3sp7a" data-testid="btn-icon" aria-hidden="true" height="1em" width="1em" xmlns="http://www.w3.org/2000/svg"><path d="M19 13h-6v6h-2v-6H5v-2h6V5h2v6h6v2z"></path></svg><span class="css-idkz9h">Add Chocolate Brownies to cart</span></button></div></div></div></div></div></div><div class="css-0"><div class="css-f5i5wc"><div class="chakra-linkbox css-vhnn8v"><div data-testid="product-image" class="css-16dr4ly"><img alt="President's Choice Apple Blossoms 228 g, $1.97/100g" src="https://assets.shop.loblaws.ca/products/20800530/b3/en/front/20800530_front_a06_@2.png" srcset="https://assets.shop.loblaws.ca/products/20800530/b3/en/front/20800530_front_a06_@2.png 1x, https://assets.shop.loblaws.ca/products/20800530/b3/en/front/20800530_front_a06_@2.png 2x" loading="lazy" class="chakra-image css-oguq8l" aria-hidden="true"></div><div class="css-qoklea"><div class="css-12dchmx"></div><div data-testid="price-product-tile" class="css-8atqhb"><p class="chakra-text css-0"><span class="chakra-text css-pwnbcb" data-testid="regular-price"><span class="css-idkz9h">$4.49</span>$4.49</span></p></div><a href="/apple-blossoms/p/20800530_EA?source=nspt" class="chakra-linkbox__overlay css-1hnz6hu"><div class="css-0"><p class="chakra-text css-1ecdp9w" data-testid="product-brand">President's Choice</p><h3 class="chakra-heading css-6qrhwc" id="20800530_EA" data-testid="product-title">Apple Blossoms</h3><p class="chakra-text css-1yftjin" data-testid="product-package-size">228 g, $1.97/100g</p></div></a><div class="css-8keand"></div></div><div class="css-1q5omjq"><div class="css-fcebb8"><div data-testid="atc-compact" class="css-y94ivq" style="width: 45px;"><button type="button" class="chakra-button css-mudsm6" data-testid="atc-button"><svg stroke="currentColor" fill="currentColor" stroke-width="0" viewBox="0 0 24 24" focusable="false" class="chakra-icon css-1g3sp7a" data-testid="btn-icon" aria-hidden="true" height="1em" width="1em" xmlns="http://www.w3.org/2000/svg"><path d="M19 13h-6v6h-2v-6H5v-2h6V5h2v6h6v2z"></path></svg><span class="css-idkz9h">Add Apple Blossoms to cart</span></button></div></div></div></div></div></div><div class="css-0"><div class="css-f5i5wc"><div class="chakra-linkbox css-vhnn8v"><div data-testid="product-image" class="css-16dr4ly"><img alt="null Apple Fritter Donuts 400 g, $1.25/100g" src="https://assets.shop.loblaws.ca/products/21608446/b3/en/front/21608446_front_a06_@2.png" srcset="https://assets.shop.loblaws.ca/products/21608446/b3/en/front/21608446_front_a06_@2.png 1x, https://assets.shop.loblaws.ca/products/21608446/b3/en/front/21608446_front_a06_@2.png 2x" loading="lazy" class="chakra-image css-oguq8l" aria-hidden="true"></div><div class="css-qoklea"><div class="css-12dchmx"><div class="chakra-badge css-34x0wr" data-testid="product-badge"><div class="css-u4p24i">New</div></div></div><div data-testid="price-product-tile" class="css-8atqhb"><p class="chakra-text css-0"><span class="chakra-text css-pwnbcb" data-testid="regular-price"><span class="css-idkz9h">$5.00</span>$5.00</span></p></div><a href="/apple-fritter-donuts/p/21608446_EA?source=nspt" class="chakra-linkbox__overlay css-1hnz6hu"><div class="css-0"><h3 class="chakra-heading css-6qrhwc" id="21608446_EA" data-testid="product-title">Apple Fritter Donuts</h3><p class="chakra-text css-1yftjin" data-testid="product-package-size">400 g, $1.25/100g</p></div></a><div class="css-8keand"></div></div><div class="css-1q5omjq"><div class="css-fcebb8"><div data-testid="atc-compact" class="css-y94ivq" style="width: 45px;"><button type="button" class="chakra-button css-mudsm6" data-testid="atc-button"><svg stroke="currentColor" fill="currentColor" stroke-width="0" viewBox="0 0 24 24" focusable="false" class="chakra-icon css-1g3sp7a" data-testid="btn-icon" aria-hidden="true" height="1em" width="1em" xmlns="http://www.w3.org/2000/svg"><path d="M19 13h-6v6h-2v-6H5v-2h6V5h2v6h6v2z"></path></svg><span class="css-idkz9h">Add Apple Fritter Donuts to cart</span></button></div></div></div></div></div></div><div class="css-0"><div class="css-f5i5wc"><div class="chakra-linkbox css-vhnn8v"><div data-testid="product-image" class="css-16dr4ly"><img alt="Paneriso Banana Chocolate Chip Muffins 372 g, $1.88/100g" src="https://assets.shop.loblaws.ca/products/21517481/b3/en/front/21517481_front_a06_@2.png" srcset="https://assets.shop.loblaws.ca/products/21517481/b3/en/front/21517481_front_a06_@2.png 1x, https://assets.shop.loblaws.ca/products/21517481/b3/en/front/21517481_front_a06_@2.png 2x" loading="lazy" class="chakra-image css-oguq8l" aria-hidden="true"></div><div class="css-qoklea"><div class="css-12dchmx"></div><div data-testid="price-product-tile" class="css-8atqhb"><p class="chakra-text css-0"><span class="chakra-text css-pwnbcb" data-testid="regular-price"><span class="css-idkz9h">$6.99</span>$6.99</span></p></div><a href="/banana-chocolate-chip-muffins/p/21517481_EA?source=nspt" class="chakra-linkbox__overlay css-1hnz6hu"><div class="css-0"><p class="chakra-text css-1ecdp9w" data-testid="product-brand">Paneriso</p><h3 class="chakra-heading css-6qrhwc" id="21517481_EA" data-testid="product-title">Banana Chocolate Chip Muffins</h3><p class="chakra-text css-1yftjin" data-testid="product-package-size">372 g, $1.88/100g</p></div></a><div class="css-8keand"></div></div><div class="css-1q5omjq"><div class="css-fcebb8"><div data-testid="atc-compact" class="css-y94ivq" style="width: 45px;"><button type="button" class="chakra-button css-mudsm6" data-testid="atc-button"><svg stroke="currentColor" fill="currentColor" stroke-width="0" viewBox="0 0 24 24" focusable="false" class="chakra-icon css-1g3sp7a" data-testid="btn-icon" aria-hidden="true" height="1em" width="1em" xmlns="http://www.w3.org/2000/svg"><path d="M19 13h-6v6h-2v-6H5v-2h6V5h2v6h6v2z"></path></svg><span class="css-idkz9h">Add Banana Chocolate Chip Muffins to cart</span></button></div></div></div></div></div></div><div class="css-0"><div class="css-f5i5wc"><div class="chakra-linkbox css-vhnn8v"><div data-testid="product-image" class="css-16dr4ly"><img alt="null Di Manno Blackberry Pie 113 g, $1.11/100g" src="https://assets.shop.loblaws.ca/products/20672821/b3/en/front/20672821_front_a06_@2.png" srcset="https://assets.shop.loblaws.ca/products/20672821/b3/en/front/20672821_front_a06_@2.png 1x, https://assets.shop.loblaws.ca/products/20672821/b3/en/front/20672821_front_a06_@2.png 2x" loading="lazy" class="chakra-image css-oguq8l" aria-hidden="true"></div><div class="css-qoklea"><div class="css-12dchmx"></div><div data-testid="price-product-tile" class="css-8atqhb"><p class="chakra-text css-0"><span class="chakra-text css-pwnbcb" data-testid="regular-price"><span class="css-idkz9h">$1.25</span>$1.25</span></p></div><a href="/di-manno-blackberry-pie/p/20672821_EA?source=nspt" class="chakra-linkbox__overlay css-1hnz6hu"><div class="css-0"><h3 class="chakra-heading css-6qrhwc" id="20672821_EA" data-testid="product-title">Di Manno Blackberry Pie</h3><p class="chakra-text css-1yftjin" data-testid="product-package-size">113 g, $1.11/100g</p></div></a><div class="css-8keand"></div></div><div class="css-1q5omjq"><div class="css-fcebb8"><div data-testid="atc-compact" class="css-y94ivq" style="width: 45px;"><button type="button" class="chakra-button css-mudsm6" data-testid="atc-button"><svg stroke="currentColor" fill="currentColor" stroke-width="0" viewBox="0 0 24 24" focusable="false" class="chakra-icon css-1g3sp7a" data-testid="btn-icon" aria-hidden="true" height="1em" width="1em" xmlns="http://www.w3.org/2000/svg"><path d="M19 13h-6v6h-2v-6H5v-2h6V5h2v6h6v2z"></path></svg><span class="css-idkz9h">Add Di Manno Blackberry Pie to cart</span></button></div></div></div></div></div></div><div class="css-0"><div class="css-f5i5wc"><div class="chakra-linkbox css-vhnn8v"><div data-testid="product-image" class="css-16dr4ly"><img alt="Crispy Cashew Short Bread Cookie 0.3 kg, $1.14/100g" src="https://assets.shop.loblaws.ca/products/20820681/b3/en/front/20820681_front_a06_@2.png" srcset="https://assets.shop.loblaws.ca/products/20820681/b3/en/front/20820681_front_a06_@2.png 1x, https://assets.shop.loblaws.ca/products/20820681/b3/en/front/20820681_front_a06_@2.png 2x" loading="lazy" class="chakra-image css-oguq8l" aria-hidden="true"></div><div class="css-qoklea"><div class="css-12dchmx"></div><div data-testid="price-product-tile" class="css-8atqhb"><p class="chakra-text css-0"><span class="chakra-text css-pwnbcb" data-testid="regular-price"><span class="css-idkz9h">$3.99</span>$3.99</span></p></div><a href="/cashew-short-bread-cookie/p/20820681_EA?source=nspt" class="chakra-linkbox__overlay css-1hnz6hu"><div class="css-0"><p class="chakra-text css-1ecdp9w" data-testid="product-brand">Crispy</p><h3 class="chakra-heading css-6qrhwc" id="20820681_EA" data-testid="product-title">Cashew Short Bread Cookie</h3><p class="chakra-text css-1yftjin" data-testid="product-package-size">0.3 kg, $1.14/100g</p></div></a><div class="css-8keand"></div></div><div class="css-1q5omjq"><div class="css-fcebb8"><div data-testid="atc-compact" class="css-y94ivq" style="width: 45px;"><button type="button" class="chakra-button css-mudsm6" data-testid="atc-button"><svg stroke="currentColor" fill="currentColor" stroke-width="0" viewBox="0 0 24 24" focusable="false" class="chakra-icon css-1g3sp7a" data-testid="btn-icon" aria-hidden="true" height="1em" width="1em" xmlns="http://www.w3.org/2000/svg"><path d="M19 13h-6v6h-2v-6H5v-2h6V5h2v6h6v2z"></path></svg><span class="css-idkz9h">Add Cashew Short Bread Cookie to cart</span></button></div></div></div></div></div></div><div class="css-0"><div class="css-f5i5wc"><div class="chakra-linkbox css-vhnn8v"><div data-testid="product-image" class="css-16dr4ly"><img alt="President's Choice Flake Outs Blueberry Crumble Croissant Donuts 224 g, $3.13/100g" src="https://assets.shop.loblaws.ca/products/21590392/b3/en/front/21590392_front_a06_@2.png" srcset="https://assets.shop.loblaws.ca/products/21590392/b3/en/front/21590392_front_a06_@2.png 1x, https://assets.shop.loblaws.ca/products/21590392/b3/en/front/21590392_front_a06_@2.png 2x" loading="lazy" class="chakra-image css-oguq8l" aria-hidden="true"></div><div class="css-qoklea"><div class="css-12dchmx"></div><div data-testid="price-product-tile" class="css-8atqhb"><p class="chakra-text css-0"><span class="chakra-text css-pwnbcb" data-testid="regular-price"><span class="css-idkz9h">$7.00</span>$7.00</span></p></div><a href="/flake-outs-blueberry-crumble-croissant-donuts/p/21590392_EA?source=nspt" class="chakra-linkbox__overlay css-1hnz6hu"><div class="css-0"><p class="chakra-text css-1ecdp9w" data-testid="product-brand">President's Choice</p><h3 class="chakra-heading css-6qrhwc" id="21590392_EA" data-testid="product-title">Flake Outs Blueberry Crumble Croissant Donuts</h3><p class="chakra-text css-1yftjin" data-testid="product-package-size">224 g, $3.13/100g</p></div></a><div class="css-8keand"></div></div><div class="css-1q5omjq"><div class="css-fcebb8"><div data-testid="atc-compact" class="css-y94ivq" style="width: 45px;"><button type="button" class="chakra-button css-mudsm6" data-testid="atc-button"><svg stroke="currentColor" fill="currentColor" stroke-width="0" viewBox="0 0 24 24" focusable="false" class="chakra-icon css-1g3sp7a" data-testid="btn-icon" aria-hidden="true" height="1em" width="1em" xmlns="http://www.w3.org/2000/svg"><path d="M19 13h-6v6h-2v-6H5v-2h6V5h2v6h6v2z"></path></svg><span class="css-idkz9h">Add Flake Outs Blueberry Crumble Croissant Donuts to cart</span></button></div></div><div class="css-4saf4a"><p class="chakra-text css-py8788" data-testid="inventory-badge-text">Low Stock</p></div></div></div></div></div><div class="css-0"><div class="css-f5i5wc"><div class="chakra-linkbox css-vhnn8v"><div data-testid="product-image" class="css-16dr4ly"><img alt="Crispy Cake Rusk 650 g, $0.77/100g" src="https://assets.shop.loblaws.ca/products/20418926/b3/en/front/20418926_front_a06_@2.png" srcset="https://assets.shop.loblaws.ca/products/20418926/b3/en/front/20418926_front_a06_@2.png 1x, https://assets.shop.loblaws.ca/products/20418926/b3/en/front/20418926_front_a06_@2.png 2x" loading="lazy" class="chakra-image css-oguq8l" aria-hidden="true"></div><div class="css-qoklea"><div class="css-12dchmx"></div><div data-testid="price-product-tile" class="css-8atqhb"><p class="chakra-text css-0"><span class="chakra-text css-pwnbcb" data-testid="regular-price"><span class="css-idkz9h">$4.99</span>$4.99</span></p></div><a href="/cake-rusk/p/20418926_EA?source=nspt" class="chakra-linkbox__overlay css-1hnz6hu"><div class="css-0"><p class="chakra-text css-1ecdp9w" data-testid="product-brand">Crispy</p><h3 class="chakra-heading css-6qrhwc" id="20418926_EA" data-testid="product-title">Cake Rusk</h3><p class="chakra-text css-1yftjin" data-testid="product-package-size">650 g, $0.77/100g</p></div></a><div class="css-8keand"></div></div><div class="css-1q5omjq"><div class="css-fcebb8"><div data-testid="atc-compact" class="css-y94ivq" style="width: 45px;"><button type="button" class="chakra-button css-mudsm6" data-testid="atc-button"><svg stroke="currentColor" fill="currentColor" stroke-width="0" viewBox="0 0 24 24" focusable="false" class="chakra-icon css-1g3sp7a" data-testid="btn-icon" aria-hidden="true" height="1em" width="1em" xmlns="http://www.w3.org/2000/svg"><path d="M19 13h-6v6h-2v-6H5v-2h6V5h2v6h6v2z"></path></svg><span class="css-idkz9h">Add Cake Rusk to cart</span></button></div></div></div></div></div></div><div class="css-0"><div class="css-f5i5wc"><div class="chakra-linkbox css-vhnn8v"><div data-testid="product-image" class="css-16dr4ly"><img alt="Crispy Pani Puri 200 g, $2.25/100g" src="https://assets.shop.loblaws.ca/products/21443493/b3/en/front/21443493_front_a06_@2.png" srcset="https://assets.shop.loblaws.ca/products/21443493/b3/en/front/21443493_front_a06_@2.png 1x, https://assets.shop.loblaws.ca/products/21443493/b3/en/front/21443493_front_a06_@2.png 2x" loading="lazy" class="chakra-image css-oguq8l" aria-hidden="true"></div><div class="css-qoklea"><div class="css-12dchmx"></div><div data-testid="price-product-tile" class="css-8atqhb"><p class="chakra-text css-0"><span class="chakra-text css-pwnbcb" data-testid="regular-price"><span class="css-idkz9h">$4.49</span>$4.49</span></p></div><a href="/pani-puri/p/21443493_EA?source=nspt" class="chakra-linkbox__overlay css-1hnz6hu"><div class="css-0"><p class="chakra-text css-1ecdp9w" data-testid="product-brand">Crispy</p><h3 class="chakra-heading css-6qrhwc" id="21443493_EA" data-testid="product-title">Pani Puri</h3><p class="chakra-text css-1yftjin" data-testid="product-package-size">200 g, $2.25/100g</p></div></a><div class="css-8keand"></div></div><div class="css-1q5omjq"><div class="css-fcebb8"><div data-testid="atc-compact" class="css-y94ivq" style="width: 45px;"><button type="button" class="chakra-button css-mudsm6" data-testid="atc-button"><svg stroke="currentColor" fill="currentColor" stroke-width="0" viewBox="0 0 24 24" focusable="false" class="chakra-icon css-1g3sp7a" data-testid="btn-icon" aria-hidden="true" height="1em" width="1em" xmlns="http://www.w3.org/2000/svg"><path d="M19 13h-6v6h-2v-6H5v-2h6V5h2v6h6v2z"></path></svg><span class="css-idkz9h">Add Pani Puri to cart</span></button></div></div></div></div></div></div><div class="css-0"><div class="css-f5i5wc"><div class="chakra-linkbox css-vhnn8v"><div data-testid="product-image" class="css-16dr4ly"><img alt="null Treat Shop Chocolate Chip Sandwich Cookies 213 g, $2.35/100g" src="https://assets.shop.loblaws.ca/products/21590949/b3/en/front/21590949_front_a06_@2.png" srcset="https://assets.shop.loblaws.ca/products/21590949/b3/en/front/21590949_front_a06_@2.png 1x, https://assets.shop.loblaws.ca/products/21590949/b3/en/front/21590949_front_a06_@2.png 2x" loading="lazy" class="chakra-image css-oguq8l" aria-hidden="true"></div><div class="css-qoklea"><div class="css-12dchmx"></div><div data-testid="price-product-tile" class="css-8atqhb"><p class="chakra-text css-0"><span class="chakra-text css-pwnbcb" data-testid="regular-price"><span class="css-idkz9h">$5.00</span>$5.00</span></p></div><a href="/treat-shop-chocolate-chip-sandwich-cookies/p/21590949_EA?source=nspt" class="chakra-linkbox__overlay css-1hnz6hu"><div class="css-0"><h3 class="chakra-heading css-6qrhwc" id="21590949_EA" data-testid="product-title">Treat Shop Chocolate Chip Sandwich Cookies</h3><p class="chakra-text css-1yftjin" data-testid="product-package-size">213 g, $2.35/100g</p></div></a><div class="css-8keand"></div></div><div class="css-1q5omjq"><div class="css-fcebb8"><div data-testid="atc-compact" class="css-y94ivq" style="width: 45px;"><button type="button" class="chakra-button css-mudsm6" data-testid="atc-button"><svg stroke="currentColor" fill="currentColor" stroke-width="0" viewBox="0 0 24 24" focusable="false" class="chakra-icon css-1g3sp7a" data-testid="btn-icon" aria-hidden="true" height="1em" width="1em" xmlns="http://www.w3.org/2000/svg"><path d="M19 13h-6v6h-2v-6H5v-2h6V5h2v6h6v2z"></path></svg><span class="css-idkz9h">Add Treat Shop Chocolate Chip Sandwich Cookies to cart</span></button></div></div></div></div></div></div><div class="css-0"><div class="css-f5i5wc"><div class="chakra-linkbox css-vhnn8v"><div data-testid="product-image" class="css-16dr4ly"><img alt="United Bakery Apple Triangle Turnover 588 g, $0.94/100g" src="https://assets.shop.loblaws.ca/products/21570131/b3/en/front/21570131_front_a06_@2.png" srcset="https://assets.shop.loblaws.ca/products/21570131/b3/en/front/21570131_front_a06_@2.png 1x, https://assets.shop.loblaws.ca/products/21570131/b3/en/front/21570131_front_a06_@2.png 2x" loading="lazy" class="chakra-image css-oguq8l" aria-hidden="true"></div><div class="css-qoklea"><div class="css-12dchmx"></div><div data-testid="price-product-tile" class="css-8atqhb"><p class="chakra-text css-0"><span class="chakra-text css-pwnbcb" data-testid="regular-price"><span class="css-idkz9h">$5.50</span>$5.50</span></p></div><a href="/apple-triangle-turnover/p/21570131_EA?source=nspt" class="chakra-linkbox__overlay css-1hnz6hu"><div class="css-0"><p class="chakra-text css-1ecdp9w" data-testid="product-brand">United Bakery</p><h3 class="chakra-heading css-6qrhwc" id="21570131_EA" data-testid="product-title">Apple Triangle Turnover</h3><p class="chakra-text css-1yftjin" data-testid="product-package-size">588 g, $0.94/100g</p></div></a><div class="css-8keand"></div></div><div class="css-1q5omjq"><div class="css-fcebb8"><div data-testid="atc-compact" class="css-y94ivq" style="width: 45px;"><button type="button" class="chakra-button css-mudsm6" data-testid="atc-button"><svg stroke="currentColor" fill="currentColor" stroke-width="0" viewBox="0 0 24 24" focusable="false" class="chakra-icon css-1g3sp7a" data-testid="btn-icon" aria-hidden="true" height="1em" width="1em" xmlns="http://www.w3.org/2000/svg"><path d="M19 13h-6v6h-2v-6H5v-2h6V5h2v6h6v2z"></path></svg><span class="css-idkz9h">Add Apple Triangle Turnover to cart</span></button></div></div><div class="css-4saf4a"><p class="chakra-text css-py8788" data-testid="inventory-badge-text">Low Stock</p></div></div></div></div></div><div class="css-0"><div class="css-f5i5wc"><div class="chakra-linkbox css-vhnn8v"><div data-testid="product-image" class="css-16dr4ly"><img alt="Crispy Namak Para 360 g, $1.11/100g" src="https://assets.shop.loblaws.ca/products/21443491/b3/en/front/21443491_front_a06_@2.png" srcset="https://assets.shop.loblaws.ca/products/21443491/b3/en/front/21443491_front_a06_@2.png 1x, https://assets.shop.loblaws.ca/products/21443491/b3/en/front/21443491_front_a06_@2.png 2x" loading="lazy" class="chakra-image css-oguq8l" aria-hidden="true"></div><div class="css-qoklea"><div class="css-12dchmx"></div><div data-testid="price-product-tile" class="css-8atqhb"><p class="chakra-text css-0"><span class="chakra-text css-pwnbcb" data-testid="regular-price"><span class="css-idkz9h">$3.99</span>$3.99</span></p></div><a href="/namak-para/p/21443491_EA?source=nspt" class="chakra-linkbox__overlay css-1hnz6hu"><div class="css-0"><p class="chakra-text css-1ecdp9w" data-testid="product-brand">Crispy</p><h3 class="chakra-heading css-6qrhwc" id="21443491_EA" data-testid="product-title">Namak Para</h3><p class="chakra-text css-1yftjin" data-testid="product-package-size">360 g, $1.11/100g</p></div></a><div class="css-8keand"></div></div><div class="css-1q5omjq"><div class="css-fcebb8"><div data-testid="atc-compact" class="css-y94ivq" style="width: 45px;"><button type="button" class="chakra-button css-mudsm6" data-testid="atc-button"><svg stroke="currentColor" fill="currentColor" stroke-width="0" viewBox="0 0 24 24" focusable="false" class="chakra-icon css-1g3sp7a" data-testid="btn-icon" aria-hidden="true" height="1em" width="1em" xmlns="http://www.w3.org/2000/svg"><path d="M19 13h-6v6h-2v-6H5v-2h6V5h2v6h6v2z"></path></svg><span class="css-idkz9h">Add Namak Para to cart</span></button></div></div></div></div></div></div><div class="css-0"><div class="css-f5i5wc"><div class="chakra-linkbox css-vhnn8v"><div data-testid="product-image" class="css-16dr4ly"><img alt="President's Choice Frostovers Double Chocolate Hand Pies 150 g, $1.33/100g" src="https://assets.shop.loblaws.ca/products/21588459/b3/en/front/21588459_front_a06_@2.png" srcset="https://assets.shop.loblaws.ca/products/21588459/b3/en/front/21588459_front_a06_@2.png 1x, https://assets.shop.loblaws.ca/products/21588459/b3/en/front/21588459_front_a06_@2.png 2x" loading="lazy" class="chakra-image css-oguq8l" aria-hidden="true"></div><div class="css-qoklea"><div class="css-12dchmx"></div><div data-testid="price-product-tile" class="css-8atqhb"><p class="chakra-text css-0"><span class="chakra-text css-pwnbcb" data-testid="regular-price"><span class="css-idkz9h">$2.00</span>$2.00</span></p></div><a href="/frostovers-double-chocolate-hand-pies/p/21588459_EA?source=nspt" class="chakra-linkbox__overlay css-1hnz6hu"><div class="css-0"><p class="chakra-text css-1ecdp9w" data-testid="product-brand">President's Choice</p><h3 class="chakra-heading css-6qrhwc" id="21588459_EA" data-testid="product-title">Frostovers Double Chocolate Hand Pies</h3><p class="chakra-text css-1yftjin" data-testid="product-package-size">150 g, $1.33/100g</p></div></a><div class="css-8keand"></div></div><div class="css-1q5omjq"><div class="css-fcebb8"><div data-testid="atc-compact" class="css-y94ivq" style="width: 45px;"><button type="button" class="chakra-button css-mudsm6" data-testid="atc-button"><svg stroke="currentColor" fill="currentColor" stroke-width="0" viewBox="0 0 24 24" focusable="false" class="chakra-icon css-1g3sp7a" data-testid="btn-icon" aria-hidden="true" height="1em" width="1em" xmlns="http://www.w3.org/2000/svg"><path d="M19 13h-6v6h-2v-6H5v-2h6V5h2v6h6v2z"></path></svg><span class="css-idkz9h">Add Frostovers Double Chocolate Hand Pies to cart</span></button></div></div></div></div></div></div><div class="css-0"><div class="css-f5i5wc"><div class="chakra-linkbox css-vhnn8v"><div data-testid="product-image" class="css-16dr4ly"><img alt="President's Choice Original New York- Style Cheesecake 600 g, $1.83/100g" src="https://assets.shop.loblaws.ca/products/20318102/b3/en/front/20318102_front_a06_@2.png" srcset="https://assets.shop.loblaws.ca/products/20318102/b3/en/front/20318102_front_a06_@2.png 1x, https://assets.shop.loblaws.ca/products/20318102/b3/en/front/20318102_front_a06_@2.png 2x" loading="lazy" class="chakra-image css-oguq8l" aria-hidden="true"></div><div class="css-qoklea"><div class="css-12dchmx"></div><div data-testid="price-product-tile" class="css-8atqhb"><p class="chakra-text css-0"><span class="chakra-text css-pwnbcb" data-testid="regular-price"><span class="css-idkz9h">$11.00</span>$11.00</span></p></div><a href="/original-new-york-style-cheesecake/p/20318102_EA?source=nspt" class="chakra-linkbox__overlay css-1hnz6hu"><div class="css-0"><p class="chakra-text css-1ecdp9w" data-testid="product-brand">President's Choice</p><h3 class="chakra-heading css-6qrhwc" id="20318102_EA" data-testid="product-title">Original New York- Style Cheesecake</h3><p class="chakra-text css-1yftjin" data-testid="product-package-size">600 g, $1.83/100g</p></div></a><div class="css-8keand"></div></div><div class="css-1q5omjq"><div class="css-fcebb8"><div data-testid="atc-compact" class="css-y94ivq" style="width: 45px;"><button type="button" class="chakra-button css-mudsm6" data-testid="atc-button"><svg stroke="currentColor" fill="currentColor" stroke-width="0" viewBox="0 0 24 24" focusable="false" class="chakra-icon css-1g3sp7a" data-testid="btn-icon" aria-hidden="true" height="1em" width="1em" xmlns="http://www.w3.org/2000/svg"><path d="M19 13h-6v6h-2v-6H5v-2h6V5h2v6h6v2z"></path></svg><span class="css-idkz9h">Add Original New York- Style Cheesecake to cart</span></button></div></div></div></div></div></div><div class="css-0"><div class="css-f5i5wc"><div class="chakra-linkbox css-vhnn8v"><div data-testid="product-image" class="css-16dr4ly"><img alt="null Raspberry Filled Croissant 272 g, $1.84/100g" src="https://assets.shop.loblaws.ca/products/21570477/b3/en/front/21570477_front_a06_@2.png" srcset="https://assets.shop.loblaws.ca/products/21570477/b3/en/front/21570477_front_a06_@2.png 1x, https://assets.shop.loblaws.ca/products/21570477/b3/en/front/21570477_front_a06_@2.png 2x" loading="lazy" class="chakra-image css-oguq8l" aria-hidden="true"></div><div class="css-qoklea"><div class="css-12dchmx"></div><div data-testid="price-product-tile" class="css-8atqhb"><p class="chakra-text css-0"><span class="chakra-text css-pwnbcb" data-testid="regular-price"><span class="css-idkz9h">$5.00</span>$5.00</span></p></div><a href="/raspberry-filled-croissant/p/21570477_EA?source=nspt" class="chakra-linkbox__overlay css-1hnz6hu"><div class="css-0"><h3 class="chakra-heading css-6qrhwc" id="21570477_EA" data-testid="product-title">Raspberry Filled Croissant</h3><p class="chakra-text css-1yftjin" data-testid="product-package-size">272 g, $1.84/100g</p></div></a><div class="css-8keand"></div></div><div class="css-1q5omjq"><div class="css-fcebb8"><div data-testid="atc-compact" class="css-y94ivq" style="width: 45px;"><button type="button" class="chakra-button css-mudsm6" data-testid="atc-button"><svg stroke="currentColor" fill="currentColor" stroke-width="0" viewBox="0 0 24 24" focusable="false" class="chakra-icon css-1g3sp7a" data-testid="btn-icon" aria-hidden="true" height="1em" width="1em" xmlns="http://www.w3.org/2000/svg"><path d="M19 13h-6v6h-2v-6H5v-2h6V5h2v6h6v2z"></path></svg><span class="css-idkz9h">Add Raspberry Filled Croissant to cart</span></button></div></div></div></div></div></div><div class="css-0"><div class="css-f5i5wc"><div class="chakra-linkbox css-vhnn8v"><div data-testid="product-image" class="css-16dr4ly"><img alt="null Cherry Turnover 360 g, $0.83/100g" src="https://assets.shop.loblaws.ca/products/21549376/b3/en/front/21549376_front_a06_@2.png" srcset="https://assets.shop.loblaws.ca/products/21549376/b3/en/front/21549376_front_a06_@2.png 1x, https://assets.shop.loblaws.ca/products/21549376/b3/en/front/21549376_front_a06_@2.png 2x" loading="lazy" class="chakra-image css-oguq8l" aria-hidden="true"></div><div class="css-qoklea"><div class="css-12dchmx"></div><div data-testid="price-product-tile" class="css-8atqhb"><p class="chakra-text css-0"><span class="chakra-text css-pwnbcb" data-testid="regular-price"><span class="css-idkz9h">$3.00</span>$3.00</span></p></div><a href="/cherry-turnover/p/21549376_EA?source=nspt" class="chakra-linkbox__overlay css-1hnz6hu"><div class="css-0"><h3 class="chakra-heading css-6qrhwc" id="21549376_EA" data-testid="product-title">Cherry Turnover</h3><p class="chakra-text css-1yftjin" data-testid="product-package-size">360 g, $0.83/100g</p></div></a><div class="css-8keand"></div></div><div class="css-1q5omjq"><div class="css-fcebb8"><div data-testid="atc-compact" class="css-y94ivq" style="width: 45px;"><button type="button" class="chakra-button css-mudsm6" data-testid="atc-button"><svg stroke="currentColor" fill="currentColor" stroke-width="0" viewBox="0 0 24 24" focusable="false" class="chakra-icon css-1g3sp7a" data-testid="btn-icon" aria-hidden="true" height="1em" width="1em" xmlns="http://www.w3.org/2000/svg"><path d="M19 13h-6v6h-2v-6H5v-2h6V5h2v6h6v2z"></path></svg><span class="css-idkz9h">Add Cherry Turnover to cart</span></button></div></div></div></div></div></div><div class="css-0"><div class="css-f5i5wc"><div class="chakra-linkbox css-vhnn8v"><div data-testid="product-image" class="css-16dr4ly"><img alt="Farmer's Market Apple Pie 10 Inch 1 kg, $0.75/100g" src="https://assets.shop.loblaws.ca/products/21297367/b3/en/front/21297367_front_a06_@2.png" srcset="https://assets.shop.loblaws.ca/products/21297367/b3/en/front/21297367_front_a06_@2.png 1x, https://assets.shop.loblaws.ca/products/21297367/b3/en/front/21297367_front_a06_@2.png 2x" loading="lazy" class="chakra-image css-oguq8l" aria-hidden="true"></div><div class="css-qoklea"><div class="css-12dchmx"></div><div data-testid="price-product-tile" class="css-8atqhb"><p class="chakra-text css-0"><span class="chakra-text css-pwnbcb" data-testid="regular-price"><span class="css-idkz9h">$7.50</span>$7.50</span></p></div><a href="/apple-pie-10-inch/p/21297367_EA?source=nspt" class="chakra-linkbox__overlay css-1hnz6hu"><div class="css-0"><p class="chakra-text css-1ecdp9w" data-testid="product-brand">Farmer's Market</p><h3 class="chakra-heading css-6qrhwc" id="21297367_EA" data-testid="product-title">Apple Pie 10 Inch</h3><p class="chakra-text css-1yftjin" data-testid="product-package-size">1 kg, $0.75/100g</p></div></a><div class="css-8keand"></div></div><div class="css-1q5omjq"><div class="css-fcebb8"><div data-testid="atc-compact" class="css-y94ivq" style="width: 45px;"><button type="button" class="chakra-button css-mudsm6" data-testid="atc-button"><svg stroke="currentColor" fill="currentColor" stroke-width="0" viewBox="0 0 24 24" focusable="false" class="chakra-icon css-1g3sp7a" data-testid="btn-icon" aria-hidden="true" height="1em" width="1em" xmlns="http://www.w3.org/2000/svg"><path d="M19 13h-6v6h-2v-6H5v-2h6V5h2v6h6v2z"></path></svg><span class="css-idkz9h">Add Apple Pie 10 Inch to cart</span></button></div></div></div></div></div></div><div class="css-0"><div class="css-f5i5wc"><div class="chakra-linkbox css-vhnn8v"><div data-testid="product-image" class="css-16dr4ly"><img alt="Old Mill Apple Pie 550 g, $0.82/100g" src="https://assets.shop.loblaws.ca/products/21339519/b3/en/front/21339519_front_a06_@2.png" srcset="https://assets.shop.loblaws.ca/products/21339519/b3/en/front/21339519_front_a06_@2.png 1x, https://assets.shop.loblaws.ca/products/21339519/b3/en/front/21339519_front_a06_@2.png 2x" loading="lazy" class="chakra-image css-oguq8l" aria-hidden="true"></div><div class="css-qoklea"><div class="css-12dchmx"></div><div data-testid="price-product-tile" class="css-8atqhb"><p class="chakra-text css-0"><span class="chakra-text css-pwnbcb" data-testid="regular-price"><span class="css-idkz9h">$4.50</span>$4.50</span></p></div><a href="/apple-pie/p/21339519_EA?source=nspt" class="chakra-linkbox__overlay css-1hnz6hu"><div class="css-0"><p class="chakra-text css-1ecdp9w" data-testid="product-brand">Old Mill</p><h3 class="chakra-heading css-6qrhwc" id="21339519_EA" data-testid="product-title">Apple Pie</h3><p class="chakra-text css-1yftjin" data-testid="product-package-size">550 g, $0.82/100g</p></div></a><div class="css-8keand"></div></div><div class="css-1q5omjq"><div class="css-fcebb8"><div data-testid="atc-compact" class="css-y94ivq" style="width: 45px;"><button type="button" class="chakra-button css-mudsm6" data-testid="atc-button"><svg stroke="currentColor" fill="currentColor" stroke-width="0" viewBox="0 0 24 24" focusable="false" class="chakra-icon css-1g3sp7a" data-testid="btn-icon" aria-hidden="true" height="1em" width="1em" xmlns="http://www.w3.org/2000/svg"><path d="M19 13h-6v6h-2v-6H5v-2h6V5h2v6h6v2z"></path></svg><span class="css-idkz9h">Add Apple Pie to cart</span></button></div></div></div></div></div></div></div>