<div data-testid="product-grid" class="css-epcqr3"><div class="css-0"><div class="css-f5i5wc"><div class="chakra-linkbox css-vhnn8v"><div data-testid="product-image" class="css-16dr4ly"><img alt="Earths Own Oat Beverage, Original 1.75 l, $0.26/100ml" src="https://assets.shop.loblaws.ca/products/21037796/b3/en/front/21037796_front_a06_@2.png" srcset="https://assets.shop.loblaws.ca/products/21037796/b3/en/front/21037796_front_a06_@2.png 1x, https://assets.shop.loblaws.ca/products/21037796/b3/en/front/21037796_front_a06_@2.png 2x" loading="lazy" class="chakra-image css-oguq8l" aria-hidden="true"></div><div class="css-qoklea"><div class="css-12dchmx"></div><div data-testid="price-product-tile" class="css-8atqhb"><p class="chakra-text css-0"><span class="chakra-text css-pwnbcb" data-testid="regular-price"><span class="css-idkz9h">$4.49</span>$4.49</span></p></div><a href="/oat-beverage-original/p/21037796_EA?source=nspt" class="chakra-linkbox__overlay css-1hnz6hu"><div class="css-0"><p class="chakra-text css-1ecdp9w" data-testid="product-brand">Earths Own</p><h3 class="chakra-heading css-6qrhwc" id="21037796_EA" data-testid="product-title">Oat Beverage, Original</h3><p class="chakra-text css-1yftjin" data-testid="product-package-size">1.75 l, $0.26/100ml</p></div></a><div class="css-8keand"></div></div><div class="css-1q5omjq"><div class="css-fcebb8"><div data-testid="atc-compact" class="css-y94ivq" style="width: 45px;"><button type="button" class="chakra-button css-mudsm6" data-testid="atc-button"><svg stroke="currentColor" fill="currentColor" stroke-width="0" viewBox="0 0 24 24" focusable="false" class="chakra-icon css-1g3sp7a" data-testid="btn-icon" aria-hidden="true" height="1em" width="1em" xmlns="http://www.w3.org/2000/svg"><path d="M19 13h-6v6h-2v-6H5v-2h6V5h2v6h6v2z"></path></svg><span class="css-idkz9h">Add Oat Beverage, Original to cart</span></button></div></div></div></div></div></div><div class="css-0"><div class="css-f5i5wc"><div class="chakra-linkbox css-vhnn8v"><div data-testid="product-image" class="css-16dr4ly"><img alt="Earths Own Almond Beverage, Unsweetened Original  1.89 l, $0.21/100ml" src="https://assets.shop.loblaws.ca/products/20327647/b3/en/front/20327647_front_a06_@2.png" srcset="https://assets.shop.loblaws.ca/products/20327647/b3/en/front/20327647_front_a06_@2.png 1x, https://assets.shop.loblaws.ca/products/20327647/b3/en/front/20327647_front_a06_@2.png 2x" loading="lazy" class="chakra-image css-oguq8l" aria-hidden="true"></div><div class="css-qoklea"><div class="css-12dchmx"></div><div data-testid="price-product-tile" class="css-8atqhb"><p class="chakra-text css-0"><span class="chakra-text css-pwnbcb" data-testid="regular-price"><span class="css-idkz9h">$4.00</span>$4.00</span></p></div><a href="/almond-beverage-unsweetened-original/p/20327647_EA?source=nspt" class="chakra-linkbox__overlay css-1hnz6hu"><div class="css-0"><p class="chakra-text css-1ecdp9w" data-testid="product-brand">Earths Own</p><h3 class="chakra-heading css-6qrhwc" id="20327647_EA" data-testid="product-title">Almond Beverage, Unsweetened Original </h3><p class="chakra-text css-1yftjin" data-testid="product-package-size">1.89 l, $0.21/100ml</p></div></a><div class="css-8keand"></div></div><div class="css-1q5omjq"><div class="css-fcebb8"><div data-testid="atc-compact" class="css-y94ivq" style="width: 45px;"><button type="button" class="chakra-button css-mudsm6" data-testid="atc-button"><svg stroke="currentColor" fill="currentColor" stroke-width="0" viewBox="0 0 24 24" focusable="false" class="chakra-icon css-1g3sp7a" data-testid="btn-icon" aria-hidden="true" height="1em" width="1em" xmlns="http://www.w3.org/2000/svg"><path d="M19 13h-6v6h-2v-6H5v-2h6V5h2v6h6v2z"></path></svg><span class="css-idkz9h">Add Almond Beverage, Unsweetened Original  to cart</span></button></div></div></div></div></div></div><div class="css-0"><div class="css-f5i5wc"><div class="chakra-linkbox css-vhnn8v"><div data-testid="product-image" class="css-16dr4ly"><img alt="Silk Almond For Coffee, Vanilla Flavour, Plant Based Dairy Free Coffee Creamer 890 ml, $0.62/100ml" src="https://assets.shop.loblaws.ca/products/21245360/b3/en/front/21245360_front_a06_@2.png" srcset="https://assets.shop.loblaws.ca/products/21245360/b3/en/front/21245360_front_a06_@2.png 1x, https://assets.shop.loblaws.ca/products/21245360/b3/en/front/21245360_front_a06_@2.png 2x" loading="lazy" class="chakra-image css-oguq8l" aria-hidden="true"></div><div class="css-qoklea"><div class="css-12dchmx"></div><div data-testid="price-product-tile" class="css-8atqhb"><p class="chakra-text css-0"><span class="chakra-text css-pwnbcb" data-testid="regular-price"><span class="css-idkz9h">$5.49</span>$5.49</span></p></div><a href="/almond-for-coffee-vanilla-flavour-plant-based-dair/p/21245360_EA?source=nspt" class="chakra-linkbox__overlay css-1hnz6hu"><div class="css-0"><p class="chakra-text css-1ecdp9w" data-testid="product-brand">Silk</p><h3 class="chakra-heading css-6qrhwc" id="21245360_EA" data-testid="product-title">Almond For Coffee, Vanilla Flavour, Plant Based Dairy Free Coffee Creamer</h3><p class="chakra-text css-1yftjin" data-testid="product-package-size">890 ml, $0.62/100ml</p></div></a><div class="css-8keand"></div></div><div class="css-1q5omjq"><div class="css-fcebb8"><div data-testid="atc-compact" class="css-y94ivq" style="width: 45px;"><button type="button" class="chakra-button css-mudsm6" data-testid="atc-button"><svg stroke="currentColor" fill="currentColor" stroke-width="0" viewBox="0 0 24 24" focusable="false" class="chakra-icon css-1g3sp7a" data-testid="btn-icon" aria-hidden="true" height="1em" width="1em" xmlns="http://www.w3.org/2000/svg"><path d="M19 13h-6v6h-2v-6H5v-2h6V5h2v6h6v2z"></path></svg><span class="css-idkz9h">Add Almond For Coffee, Vanilla Flavour, Plant Based Dairy Free Coffee Creamer to cart</span></button></div></div></div></div></div></div><div class="css-0"><div class="css-f5i5wc"><div class="chakra-linkbox css-vhnn8v"><div data-testid="product-image" class="css-16dr4ly"><img alt="Earths Own  Oat Zero Sugar Beverage, Unsweetened Original 1.75 l, $0.26/100ml" src="https://assets.shop.loblaws.ca/products/21517729/b3/en/front/21517729_front_a06_@2.png" srcset="https://assets.shop.loblaws.ca/products/21517729/b3/en/front/21517729_front_a06_@2.png 1x, https://assets.shop.loblaws.ca/products/21517729/b3/en/front/21517729_front_a06_@2.png 2x" loading="lazy" class="chakra-image css-oguq8l" aria-hidden="true"></div><div class="css-qoklea"><div class="css-12dchmx"></div><div data-testid="price-product-tile" class="css-8atqhb"><p class="chakra-text css-0"><span class="chakra-text css-pwnbcb" data-testid="regular-price"><span class="css-idkz9h">$4.49</span>$4.49</span></p></div><a href="/oat-zero-sugar-beverage-unsweetened-original/p/21517729_EA?source=nspt" class="chakra-linkbox__overlay css-1hnz6hu"><div class="css-0"><p class="chakra-text css-1ecdp9w" data-testid="product-brand">Earths Own</p><h3 class="chakra-heading css-6qrhwc" id="21517729_EA" data-testid="product-title"> Oat Zero Sugar Beverage, Unsweetened Original</h3><p class="chakra-text css-1yftjin" data-testid="product-package-size">1.75 l, $0.26/100ml</p></div></a><div class="css-8keand"></div></div><div class="css-1q5omjq"><div class="css-fcebb8"><div data-testid="atc-compact" class="css-y94ivq" style="width: 45px;"><button type="button" class="chakra-button css-mudsm6" data-testid="atc-button"><svg stroke="currentColor" fill="currentColor" stroke-width="0" viewBox="0 0 24 24" focusable="false" class="chakra-icon css-1g3sp7a" data-testid="btn-icon" aria-hidden="true" height="1em" width="1em" xmlns="http://www.w3.org/2000/svg"><path d="M19 13h-6v6h-2v-6H5v-2h6V5h2v6h6v2z"></path></svg><span class="css-idkz9h">Add  Oat Zero Sugar Beverage, Unsweetened Original to cart</span></button></div></div></div></div></div></div><div class="css-0"><div class="css-f5i5wc"><div class="chakra-linkbox css-vhnn8v"><div data-testid="product-image" class="css-16dr4ly"><img alt="Earths Own Oat Beverage, Vanilla 1.75 l, $0.26/100ml" src="https://assets.shop.loblaws.ca/products/21037799/b3/en/front/21037799_front_a06_@2.png" srcset="https://assets.shop.loblaws.ca/products/21037799/b3/en/front/21037799_front_a06_@2.png 1x, https://assets.shop.loblaws.ca/products/21037799/b3/en/front/21037799_front_a06_@2.png 2x" loading="lazy" class="chakra-image css-oguq8l" aria-hidden="true"></div><div class="css-qoklea"><div class="css-12dchmx"></div><div data-testid="price-product-tile" class="css-8atqhb"><p class="chakra-text css-0"><span class="chakra-text css-pwnbcb" data-testid="regular-price"><span class="css-idkz9h">$4.49</span>$4.49</span></p></div><a href="/oat-beverage-vanilla/p/21037799_EA?source=nspt" class="chakra-linkbox__overlay css-1hnz6hu"><div class="css-0"><p class="chakra-text css-1ecdp9w" data-testid="product-brand">Earths Own</p><h3 class="chakra-heading css-6qrhwc" id="21037799_EA" data-testid="product-title">Oat Beverage, Vanilla</h3><p class="chakra-text css-1yftjin" data-testid="product-package-size">1.75 l, $0.26/100ml</p></div></a><div class="css-8keand"></div></div><div class="css-1q5omjq"><div class="css-fcebb8"><div data-testid="atc-compact" class="css-y94ivq" style="width: 45px;"><button disabled="" type="button" class="chakra-button css-mudsm6" data-testid="atc-button"><svg stroke="currentColor" fill="currentColor" stroke-width="0" viewBox="0 0 24 24" focusable="false" class="chakra-icon css-1g3sp7a" data-testid="btn-icon" aria-hidden="true" height="1em" width="1em" xmlns="http://www.w3.org/2000/svg"><path d="M19 13h-6v6h-2v-6H5v-2h6V5h2v6h6v2z"></path></svg><span class="css-idkz9h">Add Oat Beverage, Vanilla to cart</span></button></div></div><div class="css-4saf4a"><p class="chakra-text css-py8788" data-testid="inventory-badge-text">Out of Stock</p></div></div></div></div></div><div class="css-0"><div class="css-f5i5wc"><div class="chakra-linkbox css-vhnn8v"><div data-testid="product-image" class="css-16dr4ly"><img alt="Earths Own Almond Beverage, Unsweetened Vanilla 1.89 l, $0.21/100ml" src="https://assets.shop.loblaws.ca/products/20913872/b3/en/front/20913872_front_a06_@2.png" srcset="https://assets.shop.loblaws.ca/products/20913872/b3/en/front/20913872_front_a06_@2.png 1x, https://assets.shop.loblaws.ca/products/20913872/b3/en/front/20913872_front_a06_@2.png 2x" loading="lazy" class="chakra-image css-oguq8l" aria-hidden="true"></div><div class="css-qoklea"><div class="css-12dchmx"></div><div data-testid="price-product-tile" class="css-8atqhb"><p class="chakra-text css-0"><span class="chakra-text css-pwnbcb" data-testid="regular-price"><span class="css-idkz9h">$4.00</span>$4.00</span></p></div><a href="/almond-beverage-unsweetened-vanilla/p/20913872_EA?source=nspt" class="chakra-linkbox__overlay css-1hnz6hu"><div class="css-0"><p class="chakra-text css-1ecdp9w" data-testid="product-brand">Earths Own</p><h3 class="chakra-heading css-6qrhwc" id="20913872_EA" data-testid="product-title">Almond Beverage, Unsweetened Vanilla</h3><p class="chakra-text css-1yftjin" data-testid="product-package-size">1.89 l, $0.21/100ml</p></div></a><div class="css-8keand"></div></div><div class="css-1q5omjq"><div class="css-fcebb8"><div data-testid="atc-compact" class="css-y94ivq" style="width: 45px;"><button type="button" class="chakra-button css-mudsm6" data-testid="atc-button"><svg stroke="currentColor" fill="currentColor" stroke-width="0" viewBox="0 0 24 24" focusable="false" class="chakra-icon css-1g3sp7a" data-testid="btn-icon" aria-hidden="true" height="1em" width="1em" xmlns="http://www.w3.org/2000/svg"><path d="M19 13h-6v6h-2v-6H5v-2h6V5h2v6h6v2z"></path></svg><span class="css-idkz9h">Add Almond Beverage, Unsweetened Vanilla to cart</span></button></div></div></div></div></div></div><div class="css-0"><div class="css-f5i5wc"><div class="chakra-linkbox css-vhnn8v"><div data-testid="product-image" class="css-16dr4ly"><img alt="Earths Own Almond Beverage, Original  1.89 l, $0.21/100ml" src="https://assets.shop.loblaws.ca/products/20299698001/b3/en/front/20299698001_front_a06_@2.png" srcset="https://assets.shop.loblaws.ca/products/20299698001/b3/en/front/20299698001_front_a06_@2.png 1x, https://assets.shop.loblaws.ca/products/20299698001/b3/en/front/20299698001_front_a06_@2.png 2x" loading="lazy" class="chakra-image css-oguq8l" aria-hidden="true"></div><div class="css-qoklea"><div class="css-12dchmx"></div><div data-testid="price-product-tile" class="css-8atqhb"><p class="chakra-text css-0"><span class="chakra-text css-pwnbcb" data-testid="regular-price"><span class="css-idkz9h">$4.00</span>$4.00</span></p></div><a href="/almond-beverage-original/p/20299698001_EA?source=nspt" class="chakra-linkbox__overlay css-1hnz6hu"><div class="css-0"><p class="chakra-text css-1ecdp9w" data-testid="product-brand">Earths Own</p><h3 class="chakra-heading css-6qrhwc" id="20299698001_EA" data-testid="product-title">Almond Beverage, Original </h3><p class="chakra-text css-1yftjin" data-testid="product-package-size">1.89 l, $0.21/100ml</p></div></a><div class="css-8keand"></div></div><div class="css-1q5omjq"><div class="css-fcebb8"><div data-testid="atc-compact" class="css-y94ivq" style="width: 45px;"><button disabled="" type="button" class="chakra-button css-mudsm6" data-testid="atc-button"><svg stroke="currentColor" fill="currentColor" stroke-width="0" viewBox="0 0 24 24" focusable="false" class="chakra-icon css-1g3sp7a" data-testid="btn-icon" aria-hidden="true" height="1em" width="1em" xmlns="http://www.w3.org/2000/svg"><path d="M19 13h-6v6h-2v-6H5v-2h6V5h2v6h6v2z"></path></svg><span class="css-idkz9h">Add Almond Beverage, Original  to cart</span></button></div></div><div class="css-4saf4a"><p class="chakra-text css-py8788" data-testid="inventory-badge-text">Out of Stock</p></div></div></div></div></div><div class="css-0"><div class="css-f5i5wc"><div class="chakra-linkbox css-vhnn8v"><div data-testid="product-image" class="css-16dr4ly"><img alt="Earths Own Almond Beverage, Vanilla 1.89 l, $0.21/100ml" src="https://assets.shop.loblaws.ca/products/20299698002/b3/en/front/20299698002_front_a06_@2.png" srcset="https://assets.shop.loblaws.ca/products/20299698002/b3/en/front/20299698002_front_a06_@2.png 1x, https://assets.shop.loblaws.ca/products/20299698002/b3/en/front/20299698002_front_a06_@2.png 2x" loading="lazy" class="chakra-image css-oguq8l" aria-hidden="true"></div><div class="css-qoklea"><div class="css-12dchmx"></div><div data-testid="price-product-tile" class="css-8atqhb"><p class="chakra-text css-0"><span class="chakra-text css-pwnbcb" data-testid="regular-price"><span class="css-idkz9h">$4.00</span>$4.00</span></p></div><a href="/almond-beverage-vanilla/p/20299698002_EA?source=nspt" class="chakra-linkbox__overlay css-1hnz6hu"><div class="css-0"><p class="chakra-text css-1ecdp9w" data-testid="product-brand">Earths Own</p><h3 class="chakra-heading css-6qrhwc" id="20299698002_EA" data-testid="product-title">Almond Beverage, Vanilla</h3><p class="chakra-text css-1yftjin" data-testid="product-package-size">1.89 l, $0.21/100ml</p></div></a><div class="css-8keand"></div></div><div class="css-1q5omjq"><div class="css-fcebb8"><div data-testid="atc-compact" class="css-y94ivq" style="width: 45px;"><button type="button" class="chakra-button css-mudsm6" data-testid="atc-button"><svg stroke="currentColor" fill="currentColor" stroke-width="0" viewBox="0 0 24 24" focusable="false" class="chakra-icon css-1g3sp7a" data-testid="btn-icon" aria-hidden="true" height="1em" width="1em" xmlns="http://www.w3.org/2000/svg"><path d="M19 13h-6v6h-2v-6H5v-2h6V5h2v6h6v2z"></path></svg><span class="css-idkz9h">Add Almond Beverage, Vanilla to cart</span></button></div></div></div></div></div></div><div class="css-0"><div class="css-f5i5wc"><div class="chakra-linkbox css-vhnn8v"><div data-testid="product-image" class="css-16dr4ly"><img alt="Earths Own Oat Beverage, Chocolate 1.75 l, $0.26/100ml" src="https://assets.shop.loblaws.ca/products/21179354/b3/en/front/21179354_front_a06_@2.png" srcset="https://assets.shop.loblaws.ca/products/21179354/b3/en/front/21179354_front_a06_@2.png 1x, https://assets.shop.loblaws.ca/products/21179354/b3/en/front/21179354_front_a06_@2.png 2x" loading="lazy" class="chakra-image css-oguq8l" aria-hidden="true"></div><div class="css-qoklea"><div class="css-12dchmx"></div><div data-testid="price-product-tile" class="css-8atqhb"><p class="chakra-text css-0"><span class="chakra-text css-pwnbcb" data-testid="regular-price"><span class="css-idkz9h">$4.49</span>$4.49</span></p></div><a href="/oat-beverage-chocolate/p/21179354_EA?source=nspt" class="chakra-linkbox__overlay css-1hnz6hu"><div class="css-0"><p class="chakra-text css-1ecdp9w" data-testid="product-brand">Earths Own</p><h3 class="chakra-heading css-6qrhwc" id="21179354_EA" data-testid="product-title">Oat Beverage, Chocolate</h3><p class="chakra-text css-1yftjin" data-testid="product-package-size">1.75 l, $0.26/100ml</p></div></a><div class="css-8keand"></div></div><div class="css-1q5omjq"><div class="css-fcebb8"><div data-testid="atc-compact" class="css-y94ivq" style="width: 45px;"><button type="button" class="chakra-button css-mudsm6" data-testid="atc-button"><svg stroke="currentColor" fill="currentColor" stroke-width="0" viewBox="0 0 24 24" focusable="false" class="chakra-icon css-1g3sp7a" data-testid="btn-icon" aria-hidden="true" height="1em" width="1em" xmlns="http://www.w3.org/2000/svg"><path d="M19 13h-6v6h-2v-6H5v-2h6V5h2v6h6v2z"></path></svg><span class="css-idkz9h">Add Oat Beverage, Chocolate to cart</span></button></div></div></div></div></div></div><div class="css-0"><div class="css-f5i5wc"><div class="chakra-linkbox css-vhnn8v"><div data-testid="product-image" class="css-16dr4ly"><img alt="Silk Caramel Plant-Based Coffee Creamer, Limited Edition 450 ml, $0.73/100ml" src="https://assets.shop.loblaws.ca/products/21400040/b3/en/front/21400040_front_a06_@2.png" srcset="https://assets.shop.loblaws.ca/products/21400040/b3/en/front/21400040_front_a06_@2.png 1x, https://assets.shop.loblaws.ca/products/21400040/b3/en/front/21400040_front_a06_@2.png 2x" loading="lazy" class="chakra-image css-oguq8l" aria-hidden="true"></div><div class="css-qoklea"><div class="css-12dchmx"></div><div data-testid="price-product-tile" class="css-8atqhb"><p class="chakra-text css-0"><span class="chakra-text css-pwnbcb" data-testid="regular-price"><span class="css-idkz9h">$3.29</span>$3.29</span></p></div><a href="/caramel-plant-based-coffee-creamer-limited-edition/p/21400040_EA?source=nspt" class="chakra-linkbox__overlay css-1hnz6hu"><div class="css-0"><p class="chakra-text css-1ecdp9w" data-testid="product-brand">Silk</p><h3 class="chakra-heading css-6qrhwc" id="21400040_EA" data-testid="product-title">Caramel Plant-Based Coffee Creamer, Limited Edition</h3><p class="chakra-text css-1yftjin" data-testid="product-package-size">450 ml, $0.73/100ml</p></div></a><div class="css-8keand"></div></div><div class="css-1q5omjq"><div class="css-fcebb8"><div data-testid="atc-compact" class="css-y94ivq" style="width: 45px;"><button disabled="" type="button" class="chakra-button css-mudsm6" data-testid="atc-button"><svg stroke="currentColor" fill="currentColor" stroke-width="0" viewBox="0 0 24 24" focusable="false" class="chakra-icon css-1g3sp7a" data-testid="btn-icon" aria-hidden="true" height="1em" width="1em" xmlns="http://www.w3.org/2000/svg"><path d="M19 13h-6v6h-2v-6H5v-2h6V5h2v6h6v2z"></path></svg><span class="css-idkz9h">Add Caramel Plant-Based Coffee Creamer, Limited Edition to cart</span></button></div></div><div class="css-4saf4a"><p class="chakra-text css-py8788" data-testid="inventory-badge-text">Out of Stock</p></div></div></div></div></div><div class="css-0"><div class="css-f5i5wc"><div class="chakra-linkbox css-vhnn8v"><div data-testid="product-image" class="css-16dr4ly"><img alt="Earths Own Oat Barista 946 ml, $0.60/100ml" src="https://assets.shop.loblaws.ca/products/21179478/b3/en/front/21179478_front_a06_@2.png" srcset="https://assets.shop.loblaws.ca/products/21179478/b3/en/front/21179478_front_a06_@2.png 1x, https://assets.shop.loblaws.ca/products/21179478/b3/en/front/21179478_front_a06_@2.png 2x" loading="lazy" class="chakra-image css-oguq8l" aria-hidden="true"></div><div class="css-qoklea"><div class="css-12dchmx"></div><div data-testid="price-product-tile" class="css-8atqhb"><p class="chakra-text css-0"><span class="chakra-text css-pwnbcb" data-testid="regular-price"><span class="css-idkz9h">$5.69</span>$5.69</span></p></div><a href="/oat-barista/p/21179478_EA?source=nspt" class="chakra-linkbox__overlay css-1hnz6hu"><div class="css-0"><p class="chakra-text css-1ecdp9w" data-testid="product-brand">Earths Own</p><h3 class="chakra-heading css-6qrhwc" id="21179478_EA" data-testid="product-title">Oat Barista</h3><p class="chakra-text css-1yftjin" data-testid="product-package-size">946 ml, $0.60/100ml</p></div></a><div class="css-8keand"></div></div><div class="css-1q5omjq"><div class="css-fcebb8"><div data-testid="atc-compact" class="css-y94ivq" style="width: 45px;"><button type="button" class="chakra-button css-mudsm6" data-testid="atc-button"><svg stroke="currentColor" fill="currentColor" stroke-width="0" viewBox="0 0 24 24" focusable="false" class="chakra-icon css-1g3sp7a" data-testid="btn-icon" aria-hidden="true" height="1em" width="1em" xmlns="http://www.w3.org/2000/svg"><path d="M19 13h-6v6h-2v-6H5v-2h6V5h2v6h6v2z"></path></svg><span class="css-idkz9h">Add Oat Barista to cart</span></button></div></div></div></div></div></div><div class="css-0"><div class="css-f5i5wc"><div class="chakra-linkbox css-vhnn8v"><div data-testid="product-image" class="css-16dr4ly"><img alt="Silk Organic Soy Beverage, Vanilla Flavour, Dairy-Free 1.89 l, $0.25/100ml" src="https://assets.shop.loblaws.ca/products/20124384002/b3/en/front/20124384002_front_a06_@2.png" srcset="https://assets.shop.loblaws.ca/products/20124384002/b3/en/front/20124384002_front_a06_@2.png 1x, https://assets.shop.loblaws.ca/products/20124384002/b3/en/front/20124384002_front_a06_@2.png 2x" loading="lazy" class="chakra-image css-oguq8l" aria-hidden="true"></div><div class="css-qoklea"><div class="css-12dchmx"></div><div data-testid="price-product-tile" class="css-8atqhb"><p class="chakra-text css-0"><span class="chakra-text css-pwnbcb" data-testid="regular-price"><span class="css-idkz9h">$4.79</span>$4.79</span></p></div><a href="/organic-soy-beverage-vanilla-flavour-dairy-free/p/20124384002_EA?source=nspt" class="chakra-linkbox__overlay css-1hnz6hu"><div class="css-0"><p class="chakra-text css-1ecdp9w" data-testid="product-brand">Silk</p><h3 class="chakra-heading css-6qrhwc" id="20124384002_EA" data-testid="product-title">Organic Soy Beverage, Vanilla Flavour, Dairy-Free</h3><p class="chakra-text css-1yftjin" data-testid="product-package-size">1.89 l, $0.25/100ml</p></div></a><div class="css-8keand"></div></div><div class="css-1q5omjq"><div class="css-fcebb8"><div data-testid="atc-compact" class="css-y94ivq" style="width: 45px;"><button type="button" class="chakra-button css-mudsm6" data-testid="atc-button"><svg stroke="currentColor" fill="currentColor" stroke-width="0" viewBox="0 0 24 24" focusable="false" class="chakra-icon css-1g3sp7a" data-testid="btn-icon" aria-hidden="true" height="1em" width="1em" xmlns="http://www.w3.org/2000/svg"><path d="M19 13h-6v6h-2v-6H5v-2h6V5h2v6h6v2z"></path></svg><span class="css-idkz9h">Add Organic Soy Beverage, Vanilla Flavour, Dairy-Free to cart</span></button></div></div></div></div></div></div><div class="css-0"><div class="css-f5i5wc"><div class="chakra-linkbox css-vhnn8v"><div data-testid="product-image" class="css-16dr4ly"><img alt="Silk Creamy Cashew Beverage, Unsweetened, Vanilla Flavour 1.89 l, $0.25/100ml" src="https://assets.shop.loblaws.ca/products/20914285/b3/en/front/20914285_front_a06_@2.png" srcset="https://assets.shop.loblaws.ca/products/20914285/b3/en/front/20914285_front_a06_@2.png 1x, https://assets.shop.loblaws.ca/products/20914285/b3/en/front/20914285_front_a06_@2.png 2x" loading="lazy" class="chakra-image css-oguq8l" aria-hidden="true"></div><div class="css-qoklea"><div class="css-12dchmx"></div><div data-testid="price-product-tile" class="css-8atqhb"><p class="chakra-text css-0"><span class="chakra-text css-pwnbcb" data-testid="regular-price"><span class="css-idkz9h">$4.79</span>$4.79</span></p></div><a href="/creamy-cashew-beverage-unsweetened-vanilla-flavour/p/20914285_EA?source=nspt" class="chakra-linkbox__overlay css-1hnz6hu"><div class="css-0"><p class="chakra-text css-1ecdp9w" data-testid="product-brand">Silk</p><h3 class="chakra-heading css-6qrhwc" id="20914285_EA" data-testid="product-title">Creamy Cashew Beverage, Unsweetened, Vanilla Flavour</h3><p class="chakra-text css-1yftjin" data-testid="product-package-size">1.89 l, $0.25/100ml</p></div></a><div class="css-8keand"></div></div><div class="css-1q5omjq"><div class="css-fcebb8"><div data-testid="atc-compact" class="css-y94ivq" style="width: 45px;"><button type="button" class="chakra-button css-mudsm6" data-testid="atc-button"><svg stroke="currentColor" fill="currentColor" stroke-width="0" viewBox="0 0 24 24" focusable="false" class="chakra-icon css-1g3sp7a" data-testid="btn-icon" aria-hidden="true" height="1em" width="1em" xmlns="http://www.w3.org/2000/svg"><path d="M19 13h-6v6h-2v-6H5v-2h6V5h2v6h6v2z"></path></svg><span class="css-idkz9h">Add Creamy Cashew Beverage, Unsweetened, Vanilla Flavour to cart</span></button></div></div><div class="css-4saf4a"><p class="chakra-text css-py8788" data-testid="inventory-badge-text">Low Stock</p></div></div></div></div></div><div class="css-0"><div class="css-f5i5wc"><div class="chakra-linkbox css-vhnn8v"><div data-testid="product-image" class="css-16dr4ly"><img alt="Earths Own Almond Beverage, Chocolate 1.89 l, $0.21/100ml" src="https://assets.shop.loblaws.ca/products/20299698003/b3/en/front/20299698003_front_a06_@2.png" srcset="https://assets.shop.loblaws.ca/products/20299698003/b3/en/front/20299698003_front_a06_@2.png 1x, https://assets.shop.loblaws.ca/products/20299698003/b3/en/front/20299698003_front_a06_@2.png 2x" loading="lazy" class="chakra-image css-oguq8l" aria-hidden="true"></div><div class="css-qoklea"><div class="css-12dchmx"></div><div data-testid="price-product-tile" class="css-8atqhb"><p class="chakra-text css-0"><span class="chakra-text css-pwnbcb" data-testid="regular-price"><span class="css-idkz9h">$4.00</span>$4.00</span></p></div><a href="/almond-beverage-chocolate/p/20299698003_EA?source=nspt" class="chakra-linkbox__overlay css-1hnz6hu"><div class="css-0"><p class="chakra-text css-1ecdp9w" data-testid="product-brand">Earths Own</p><h3 class="chakra-heading css-6qrhwc" id="20299698003_EA" data-testid="product-title">Almond Beverage, Chocolate</h3><p class="chakra-text css-1yftjin" data-testid="product-package-size">1.89 l, $0.21/100ml</p></div></a><div class="css-8keand"></div></div><div class="css-1q5omjq"><div class="css-fcebb8"><div data-testid="atc-compact" class="css-y94ivq" style="width: 45px;"><button type="button" class="chakra-button css-mudsm6" data-testid="atc-button"><svg stroke="currentColor" fill="currentColor" stroke-width="0" viewBox="0 0 24 24" focusable="false" class="chakra-icon css-1g3sp7a" data-testid="btn-icon" aria-hidden="true" height="1em" width="1em" xmlns="http://www.w3.org/2000/svg"><path d="M19 13h-6v6h-2v-6H5v-2h6V5h2v6h6v2z"></path></svg><span class="css-idkz9h">Add Almond Beverage, Chocolate to cart</span></button></div></div></div></div></div></div><div class="css-0"><div class="css-f5i5wc"><div class="chakra-linkbox css-vhnn8v"><div data-testid="product-image" class="css-16dr4ly"><img alt="Silk Soy For Coffee, Original Coffee Creamer 890 ml, $0.62/100ml" src="https://assets.shop.loblaws.ca/products/21423292/b3/en/front/21423292_front_a06_@2.png" srcset="https://assets.shop.loblaws.ca/products/21423292/b3/en/front/21423292_front_a06_@2.png 1x, https://assets.shop.loblaws.ca/products/21423292/b3/en/front/21423292_front_a06_@2.png 2x" loading="lazy" class="chakra-image css-oguq8l" aria-hidden="true"></div><div class="css-qoklea"><div class="css-12dchmx"></div><div data-testid="price-product-tile" class="css-8atqhb"><p class="chakra-text css-0"><span class="chakra-text css-pwnbcb" data-testid="regular-price"><span class="css-idkz9h">$5.49</span>$5.49</span></p></div><a href="/soy-for-coffee-original-coffee-creamer/p/21423292_EA?source=nspt" class="chakra-linkbox__overlay css-1hnz6hu"><div class="css-0"><p class="chakra-text css-1ecdp9w" data-testid="product-brand">Silk</p><h3 class="chakra-heading css-6qrhwc" id="21423292_EA" data-testid="product-title">Soy For Coffee, Original Coffee Creamer</h3><p class="chakra-text css-1yftjin" data-testid="product-package-size">890 ml, $0.62/100ml</p></div></a><div class="css-8keand"></div></div><div class="css-1q5omjq"><div class="css-fcebb8"><div data-testid="atc-compact" class="css-y94ivq" style="width: 45px;"><button disabled="" type="button" class="chakra-button css-mudsm6" data-testid="atc-button"><svg stroke="currentColor" fill="currentColor" stroke-width="0" viewBox="0 0 24 24" focusable="false" class="chakra-icon css-1g3sp7a" data-testid="btn-icon" aria-hidden="true" height="1em" width="1em" xmlns="http://www.w3.org/2000/svg"><path d="M19 13h-6v6h-2v-6H5v-2h6V5h2v6h6v2z"></path></svg><span class="css-idkz9h">Add Soy For Coffee, Original Coffee Creamer to cart</span></button></div></div><div class="css-4saf4a"><p class="chakra-text css-py8788" data-testid="inventory-badge-text">Out of Stock</p></div></div></div></div></div><div class="css-0"><div class="css-f5i5wc"><div class="chakra-linkbox css-vhnn8v"><div data-testid="product-image" class="css-16dr4ly"><img alt="Blue Diamond Almond Breeze Natural Almond, Unsweetened 946 ml, $0.37/100ml" src="https://assets.shop.loblaws.ca/products/20107219004/b3/en/front/20107219004_front_a06_@2.png" srcset="https://assets.shop.loblaws.ca/products/20107219004/b3/en/front/20107219004_front_a06_@2.png 1x, https://assets.shop.loblaws.ca/products/20107219004/b3/en/front/20107219004_front_a06_@2.png 2x" loading="lazy" class="chakra-image css-oguq8l" aria-hidden="true"></div><div class="css-qoklea"><div class="css-12dchmx"></div><div data-testid="price-product-tile" class="css-8atqhb"><p class="chakra-text css-0"><span class="chakra-text css-pwnbcb" data-testid="regular-price"><span class="css-idkz9h">$3.49</span>$3.49</span></p></div><a href="/almond-breeze-natural-almond-unsweetened/p/20107219004_EA?source=nspt" class="chakra-linkbox__overlay css-1hnz6hu"><div class="css-0"><p class="chakra-text css-1ecdp9w" data-testid="product-brand">Blue Diamond</p><h3 class="chakra-heading css-6qrhwc" id="20107219004_EA" data-testid="product-title">Almond Breeze Natural Almond, Unsweetened</h3><p class="chakra-text css-1yftjin" data-testid="product-package-size">946 ml, $0.37/100ml</p></div></a><div class="css-8keand"></div></div><div class="css-1q5omjq"><div class="css-fcebb8"><div data-testid="atc-compact" class="css-y94ivq" style="width: 45px;"><button type="button" class="chakra-button css-mudsm6" data-testid="atc-button"><svg stroke="currentColor" fill="currentColor" stroke-width="0" viewBox="0 0 24 24" focusable="false" class="chakra-icon css-1g3sp7a" data-testid="btn-icon" aria-hidden="true" height="1em" width="1em" xmlns="http://www.w3.org/2000/svg"><path d="M19 13h-6v6h-2v-6H5v-2h6V5h2v6h6v2z"></path></svg><span class="css-idkz9h">Add Almond Breeze Natural Almond, Unsweetened to cart</span></button></div></div></div></div></div></div><div class="css-0"><div class="css-f5i5wc"><div class="chakra-linkbox css-vhnn8v"><div data-testid="product-image" class="css-16dr4ly"><img alt="Silk Almond Coffee Creamer Creamy Maple Flavoured 450 ml, $0.73/100ml" src="https://assets.shop.loblaws.ca/products/21589691/b3/en/front/21589691_front_a06_@2.png" srcset="https://assets.shop.loblaws.ca/products/21589691/b3/en/front/21589691_front_a06_@2.png 1x, https://assets.shop.loblaws.ca/products/21589691/b3/en/front/21589691_front_a06_@2.png 2x" loading="lazy" class="chakra-image css-oguq8l" aria-hidden="true"></div><div class="css-qoklea"><div class="css-12dchmx"></div><div data-testid="price-product-tile" class="css-8atqhb"><p class="chakra-text css-0"><span class="chakra-text css-pwnbcb" data-testid="regular-price"><span class="css-idkz9h">$3.29</span>$3.29</span></p></div><a href="/almond-coffee-creamer-creamy-maple-flavoured/p/21589691_EA?source=nspt" class="chakra-linkbox__overlay css-1hnz6hu"><div class="css-0"><p class="chakra-text css-1ecdp9w" data-testid="product-brand">Silk</p><h3 class="chakra-heading css-6qrhwc" id="21589691_EA" data-testid="product-title">Almond Coffee Creamer Creamy Maple Flavoured</h3><p class="chakra-text css-1yftjin" data-testid="product-package-size">450 ml, $0.73/100ml</p></div></a><div class="css-8keand"></div></div><div class="css-1q5omjq"><div class="css-fcebb8"><div data-testid="atc-compact" class="css-y94ivq" style="width: 45px;"><button disabled="" type="button" class="chakra-button css-mudsm6" data-testid="atc-button"><svg stroke="currentColor" fill="currentColor" stroke-width="0" viewBox="0 0 24 24" focusable="false" class="chakra-icon css-1g3sp7a" data-testid="btn-icon" aria-hidden="true" height="1em" width="1em" xmlns="http://www.w3.org/2000/svg"><path d="M19 13h-6v6h-2v-6H5v-2h6V5h2v6h6v2z"></path></svg><span class="css-idkz9h">Add Almond Coffee Creamer Creamy Maple Flavoured to cart</span></button></div></div><div class="css-4saf4a"><p class="chakra-text css-py8788" data-testid="inventory-badge-text">Out of Stock</p></div></div></div></div></div><div class="css-0"><div class="css-f5i5wc"><div class="chakra-linkbox css-vhnn8v"><div data-testid="product-image" class="css-16dr4ly"><img alt="Silk Almond Beverage, Unsweetened, Dairy-Free, Shelf Stable 946 ml, $0.32/100ml" src="https://assets.shop.loblaws.ca/products/20555265002/b3/en/front/20555265002_front_a06_@2.png" srcset="https://assets.shop.loblaws.ca/products/20555265002/b3/en/front/20555265002_front_a06_@2.png 1x, https://assets.shop.loblaws.ca/products/20555265002/b3/en/front/20555265002_front_a06_@2.png 2x" loading="lazy" class="chakra-image css-oguq8l" aria-hidden="true"></div><div class="css-qoklea"><div class="css-12dchmx"></div><div data-testid="price-product-tile" class="css-8atqhb"><p class="chakra-text css-0"><span class="chakra-text css-pwnbcb" data-testid="regular-price"><span class="css-idkz9h">$2.99</span>$2.99</span></p></div><a href="/almond-beverage-unsweetened-dairy-free-shelf-stabl/p/20555265002_EA?source=nspt" class="chakra-linkbox__overlay css-1hnz6hu"><div class="css-0"><p class="chakra-text css-1ecdp9w" data-testid="product-brand">Silk</p><h3 class="chakra-heading css-6qrhwc" id="20555265002_EA" data-testid="product-title">Almond Beverage, Unsweetened, Dairy-Free, Shelf Stable</h3><p class="chakra-text css-1yftjin" data-testid="product-package-size">946 ml, $0.32/100ml</p></div></a><div class="css-8keand"></div></div><div class="css-1q5omjq"><div class="css-fcebb8"><div data-testid="atc-compact" class="css-y94ivq" style="width: 45px;"><button disabled="" type="button" class="chakra-button css-mudsm6" data-testid="atc-button"><svg stroke="currentColor" fill="currentColor" stroke-width="0" viewBox="0 0 24 24" focusable="false" class="chakra-icon css-1g3sp7a" data-testid="btn-icon" aria-hidden="true" height="1em" width="1em" xmlns="http://www.w3.org/2000/svg"><path d="M19 13h-6v6h-2v-6H5v-2h6V5h2v6h6v2z"></path></svg><span class="css-idkz9h">Add Almond Beverage, Unsweetened, Dairy-Free, Shelf Stable to cart</span></button></div></div><div class="css-4saf4a"><p class="chakra-text css-py8788" data-testid="inventory-badge-text">Out of Stock</p></div></div></div></div></div><div class="css-0"><div class="css-f5i5wc"><div class="chakra-linkbox css-vhnn8v"><div data-testid="product-image" class="css-16dr4ly"><img alt="null Yorkshire Valley Farms Organic Grade A Eggs, Large 12 ea, $0.67/1ea" src="https://assets.shop.loblaws.ca/products/20982570001/b3/en/front/20982570001_front_a06_@2.png" srcset="https://assets.shop.loblaws.ca/products/20982570001/b3/en/front/20982570001_front_a06_@2.png 1x, https://assets.shop.loblaws.ca/products/20982570001/b3/en/front/20982570001_front_a06_@2.png 2x" loading="lazy" class="chakra-image css-oguq8l" aria-hidden="true"></div><div class="css-qoklea"><div class="css-12dchmx"></div><div data-testid="price-product-tile" class="css-8atqhb"><p class="chakra-text css-0"><span class="chakra-text css-pwnbcb" data-testid="regular-price"><span class="css-idkz9h">$8.09</span>$8.09</span></p></div><a href="/yorkshire-valley-farms-organic-grade-a-eggs-large/p/20982570001_EA?source=nspt" class="chakra-linkbox__overlay css-1hnz6hu"><div class="css-0"><h3 class="chakra-heading css-6qrhwc" id="20982570001_EA" data-testid="product-title">Yorkshire Valley Farms Organic Grade A Eggs, Large</h3><p class="chakra-text css-1yftjin" data-testid="product-package-size">12 ea, $0.67/1ea</p></div></a><div class="css-8keand"></div></div><div class="css-1q5omjq"><div class="css-fcebb8"><div data-testid="atc-compact" class="css-y94ivq" style="width: 45px;"><button type="button" class="chakra-button css-mudsm6" data-testid="atc-button"><svg stroke="currentColor" fill="currentColor" stroke-width="0" viewBox="0 0 24 24" focusable="false" class="chakra-icon css-1g3sp7a" data-testid="btn-icon" aria-hidden="true" height="1em" width="1em" xmlns="http://www.w3.org/2000/svg"><path d="M19 13h-6v6h-2v-6H5v-2h6V5h2v6h6v2z"></path></svg><span class="css-idkz9h">Add Yorkshire Valley Farms Organic Grade A Eggs, Large to cart</span></button></div></div></div></div></div></div><div class="css-0"><div class="css-f5i5wc"><div class="chakra-linkbox css-vhnn8v"><div data-testid="product-image" class="css-16dr4ly"><img alt="Organic Meadow Organic Chocolate Milk 2% M.F. 250 ml, $2.32/100ml" src="https://assets.shop.loblaws.ca/products/21054984/b3/en/front/21054984_front_a06_@2.png" srcset="https://assets.shop.loblaws.ca/products/21054984/b3/en/front/21054984_front_a06_@2.png 1x, https://assets.shop.loblaws.ca/products/21054984/b3/en/front/21054984_front_a06_@2.png 2x" loading="lazy" class="chakra-image css-oguq8l" aria-hidden="true"></div><div class="css-qoklea"><div class="css-12dchmx"></div><div data-testid="price-product-tile" class="css-8atqhb"><p class="chakra-text css-0"><span class="chakra-text css-pwnbcb" data-testid="regular-price"><span class="css-idkz9h">$5.79</span>$5.79</span></p></div><a href="/organic-chocolate-milk-2-m-f/p/21054984_EA?source=nspt" class="chakra-linkbox__overlay css-1hnz6hu"><div class="css-0"><p class="chakra-text css-1ecdp9w" data-testid="product-brand">Organic Meadow</p><h3 class="chakra-heading css-6qrhwc" id="21054984_EA" data-testid="product-title">Organic Chocolate Milk 2% M.F.</h3><p class="chakra-text css-1yftjin" data-testid="product-package-size">250 ml, $2.32/100ml</p></div></a><div class="css-8keand"></div></div><div class="css-1q5omjq"><div class="css-fcebb8"><div data-testid="atc-compact" class="css-y94ivq" style="width: 45px;"><button type="button" class="chakra-button css-mudsm6" data-testid="atc-button"><svg stroke="currentColor" fill="currentColor" stroke-width="0" viewBox="0 0 24 24" focusable="false" class="chakra-icon css-1g3sp7a" data-testid="btn-icon" aria-hidden="true" height="1em" width="1em" xmlns="http://www.w3.org/2000/svg"><path d="M19 13h-6v6h-2v-6H5v-2h6V5h2v6h6v2z"></path></svg><span class="css-idkz9h">Add Organic Chocolate Milk 2% M.F. to cart</span></button></div></div></div></div></div></div><div class="css-0"><div class="css-f5i5wc"><div class="chakra-linkbox css-vhnn8v"><div data-testid="product-image" class="css-16dr4ly"><img alt="PC Organics Organic Homogenized Milk 1 l, $0.43/100ml" src="https://assets.shop.loblaws.ca/products/20305664/b3/en/front/20305664_front_a06_@2.png" srcset="https://assets.shop.loblaws.ca/products/20305664/b3/en/front/20305664_front_a06_@2.png 1x, https://assets.shop.loblaws.ca/products/20305664/b3/en/front/20305664_front_a06_@2.png 2x" loading="lazy" class="chakra-image css-oguq8l" aria-hidden="true"></div><div class="css-qoklea"><div class="css-12dchmx"></div><div data-testid="price-product-tile" class="css-8atqhb"><p class="chakra-text css-0"><span class="chakra-text css-pwnbcb" data-testid="regular-price"><span class="css-idkz9h">$4.29</span>$4.29</span></p></div><a href="/organic-homogenized-milk/p/20305664_EA?source=nspt" class="chakra-linkbox__overlay css-1hnz6hu"><div class="css-0"><p class="chakra-text css-1ecdp9w" data-testid="product-brand">PC Organics</p><h3 class="chakra-heading css-6qrhwc" id="20305664_EA" data-testid="product-title">Organic Homogenized Milk</h3><p class="chakra-text css-1yftjin" data-testid="product-package-size">1 l, $0.43/100ml</p></div></a><div class="css-8keand"></div></div><div class="css-1q5omjq"><div class="css-fcebb8"><div data-testid="atc-compact" class="css-y94ivq" style="width: 45px;"><button type="button" class="chakra-button css-mudsm6" data-testid="atc-button"><svg stroke="currentColor" fill="currentColor" stroke-width="0" viewBox="0 0 24 24" focusable="false" class="chakra-icon css-1g3sp7a" data-testid="btn-icon" aria-hidden="true" height="1em" width="1em" xmlns="http://www.w3.org/2000/svg"><path d="M19 13h-6v6h-2v-6H5v-2h6V5h2v6h6v2z"></path></svg><span class="css-idkz9h">Add Organic Homogenized Milk to cart</span></button></div></div></div></div></div></div><div class="css-0"><div class="css-f5i5wc"><div class="chakra-linkbox css-vhnn8v"><div data-testid="product-image" class="css-16dr4ly"><img alt="PC Organics Organic 2% Milk 1 l, $0.43/100ml" src="https://assets.shop.loblaws.ca/products/20296180001/b3/en/front/20296180001_front_a06_@2.png" srcset="https://assets.shop.loblaws.ca/products/20296180001/b3/en/front/20296180001_front_a06_@2.png 1x, https://assets.shop.loblaws.ca/products/20296180001/b3/en/front/20296180001_front_a06_@2.png 2x" loading="lazy" class="chakra-image css-oguq8l" aria-hidden="true"></div><div class="css-qoklea"><div class="css-12dchmx"></div><div data-testid="price-product-tile" class="css-8atqhb"><p class="chakra-text css-0"><span class="chakra-text css-pwnbcb" data-testid="regular-price"><span class="css-idkz9h">$4.29</span>$4.29</span></p></div><a href="/organic-2-milk/p/20296180001_EA?source=nspt" class="chakra-linkbox__overlay css-1hnz6hu"><div class="css-0"><p class="chakra-text css-1ecdp9w" data-testid="product-brand">PC Organics</p><h3 class="chakra-heading css-6qrhwc" id="20296180001_EA" data-testid="product-title">Organic 2% Milk</h3><p class="chakra-text css-1yftjin" data-testid="product-package-size">1 l, $0.43/100ml</p></div></a><div class="css-8keand"></div></div><div class="css-1q5omjq"><div class="css-fcebb8"><div data-testid="atc-compact" class="css-y94ivq" style="width: 45px;"><button type="button" class="chakra-button css-mudsm6" data-testid="atc-button"><svg stroke="currentColor" fill="currentColor" stroke-width="0" viewBox="0 0 24 24" focusable="false" class="chakra-icon css-1g3sp7a" data-testid="btn-icon" aria-hidden="true" height="1em" width="1em" xmlns="http://www.w3.org/2000/svg"><path d="M19 13h-6v6h-2v-6H5v-2h6V5h2v6h6v2z"></path></svg><span class="css-idkz9h">Add Organic 2% Milk to cart</span></button></div></div></div></div></div></div><div class="css-0"><div class="css-f5i5wc"><div class="chakra-linkbox css-vhnn8v"><div data-testid="product-image" class="css-16dr4ly"><img alt="So Fresh Oat Beverage, Original 946 ml, $0.29/100ml" src="https://assets.shop.loblaws.ca/products/21109025/b3/en/front/21109025_front_a06_@2.png" srcset="https://assets.shop.loblaws.ca/products/21109025/b3/en/front/21109025_front_a06_@2.png 1x, https://assets.shop.loblaws.ca/products/21109025/b3/en/front/21109025_front_a06_@2.png 2x" loading="lazy" class="chakra-image css-oguq8l" aria-hidden="true"></div><div class="css-qoklea"><div class="css-12dchmx"></div><div data-testid="price-product-tile" class="css-8atqhb"><p class="chakra-text css-0"><span class="chakra-text css-o93gbd" data-testid="sale-price"><span class="css-idkz9h">$2.79</span>$2.79</span><span class="chakra-text css-623q5h" data-testid="was-price"><span class="css-idkz9h">$3.29</span>$3.29</span></p><p class="chakra-text css-1m5a6y8" data-testid="price-descriptor">SAVE $0.50</p></div><a href="/oat-beverage-original/p/21109025_EA?source=nspt" class="chakra-linkbox__overlay css-1hnz6hu"><div class="css-0"><p class="chakra-text css-1ecdp9w" data-testid="product-brand">So Fresh</p><h3 class="chakra-heading css-6qrhwc" id="21109025_EA" data-testid="product-title">Oat Beverage, Original</h3><p class="chakra-text css-1yftjin" data-testid="product-package-size">946 ml, $0.29/100ml</p></div></a><div class="css-8keand"></div></div><div class="css-1q5omjq"><div class="css-fcebb8"><div data-testid="atc-compact" class="css-y94ivq" style="width: 45px;"><button type="button" class="chakra-button css-mudsm6" data-testid="atc-button"><svg stroke="currentColor" fill="currentColor" stroke-width="0" viewBox="0 0 24 24" focusable="false" class="chakra-icon css-1g3sp7a" data-testid="btn-icon" aria-hidden="true" height="1em" width="1em" xmlns="http://www.w3.org/2000/svg"><path d="M19 13h-6v6h-2v-6H5v-2h6V5h2v6h6v2z"></path></svg><span class="css-idkz9h">Add Oat Beverage, Original to cart</span></button></div></div></div></div></div></div><div class="css-0"><div class="css-f5i5wc"><div class="chakra-linkbox css-vhnn8v"><div data-testid="product-image" class="css-16dr4ly"><img alt="Silk Almond Beverage, Unsweetened Original, Dairy-Free 6x946.0 ml, $0.23/100g" src="https://assets.shop.loblaws.ca/products/21309855/b3/en/front/21309855_front_a06_@2.png" srcset="https://assets.shop.loblaws.ca/products/21309855/b3/en/front/21309855_front_a06_@2.png 1x, https://assets.shop.loblaws.ca/products/21309855/b3/en/front/21309855_front_a06_@2.png 2x" loading="lazy" class="chakra-image css-oguq8l" aria-hidden="true"></div><div class="css-qoklea"><div class="css-12dchmx"></div><div data-testid="price-product-tile" class="css-8atqhb"><p class="chakra-text css-0"><span class="chakra-text css-pwnbcb" data-testid="regular-price"><span class="css-idkz9h">$12.99</span>$12.99</span></p></div><a href="/almond-beverage-unsweetened-original-dairy-free/p/21309855_C01?source=nspt" class="chakra-linkbox__overlay css-1hnz6hu"><div class="css-0"><p class="chakra-text css-1ecdp9w" data-testid="product-brand">Silk</p><h3 class="chakra-heading css-6qrhwc" id="21309855_C01" data-testid="product-title">Almond Beverage, Unsweetened Original, Dairy-Free</h3><p class="chakra-text css-1yftjin" data-testid="product-package-size">6x946.0 ml, $0.23/100g</p></div></a><div class="css-8keand"></div></div><div class="css-1q5omjq"><div class="css-fcebb8"><div data-testid="atc-compact" class="css-y94ivq" style="width: 45px;"><button type="button" class="chakra-button css-mudsm6" data-testid="atc-button"><svg stroke="currentColor" fill="currentColor" stroke-width="0" viewBox="0 0 24 24" focusable="false" class="chakra-icon css-1g3sp7a" data-testid="btn-icon" aria-hidden="true" height="1em" width="1em" xmlns="http://www.w3.org/2000/svg"><path d="M19 13h-6v6h-2v-6H5v-2h6V5h2v6h6v2z"></path></svg><span class="css-idkz9h">Add Almond Beverage, Unsweetened Original, Dairy-Free to cart</span></button></div></div></div></div></div></div><div class="css-0"><div class="css-f5i5wc"><div class="chakra-linkbox css-vhnn8v"><div data-testid="product-image" class="css-16dr4ly"><img alt="Violife Cheddar Style Slices  200 g, $3.00/100g" src="https://assets.shop.loblaws.ca/products/21339330/b3/en/front/21339330_front_a06_@2.png" srcset="https://assets.shop.loblaws.ca/products/21339330/b3/en/front/21339330_front_a06_@2.png 1x, https://assets.shop.loblaws.ca/products/21339330/b3/en/front/21339330_front_a06_@2.png 2x" loading="lazy" class="chakra-image css-oguq8l" aria-hidden="true"></div><div class="css-qoklea"><div class="css-12dchmx"></div><div data-testid="price-product-tile" class="css-8atqhb"><p class="chakra-text css-0"><span class="chakra-text css-pwnbcb" data-testid="regular-price"><span class="css-idkz9h">$5.99</span>$5.99</span></p></div><a href="/cheddar-style-slices/p/21339330_EA?source=nspt" class="chakra-linkbox__overlay css-1hnz6hu"><div class="css-0"><p class="chakra-text css-1ecdp9w" data-testid="product-brand">Violife</p><h3 class="chakra-heading css-6qrhwc" id="21339330_EA" data-testid="product-title">Cheddar Style Slices </h3><p class="chakra-text css-1yftjin" data-testid="product-package-size">200 g, $3.00/100g</p></div></a><div class="css-8keand"></div></div><div class="css-1q5omjq"><div class="css-fcebb8"><div data-testid="atc-compact" class="css-y94ivq" style="width: 45px;"><button type="button" class="chakra-button css-mudsm6" data-testid="atc-button"><svg stroke="currentColor" fill="currentColor" stroke-width="0" viewBox="0 0 24 24" focusable="false" class="chakra-icon css-1g3sp7a" data-testid="btn-icon" aria-hidden="true" height="1em" width="1em" xmlns="http://www.w3.org/2000/svg"><path d="M19 13h-6v6h-2v-6H5v-2h6V5h2v6h6v2z"></path></svg><span class="css-idkz9h">Add Cheddar Style Slices  to cart</span></button></div></div><div class="css-4saf4a"><p class="chakra-text css-py8788" data-testid="inventory-badge-text">Low Stock</p></div></div></div></div></div><div class="css-0"><div class="css-f5i5wc"><div class="chakra-linkbox css-vhnn8v"><div data-testid="product-image" class="css-16dr4ly"><img alt="Liberte Goat Milk 3.25% M.F 1 l, $0.50/100ml" src="https://assets.shop.loblaws.ca/products/20975190/b3/en/front/20975190_front_a06_@2.png" srcset="https://assets.shop.loblaws.ca/products/20975190/b3/en/front/20975190_front_a06_@2.png 1x, https://assets.shop.loblaws.ca/products/20975190/b3/en/front/20975190_front_a06_@2.png 2x" loading="lazy" class="chakra-image css-oguq8l" aria-hidden="true"></div><div class="css-qoklea"><div class="css-12dchmx"></div><div data-testid="price-product-tile" class="css-8atqhb"><p class="chakra-text css-0"><span class="chakra-text css-pwnbcb" data-testid="regular-price"><span class="css-idkz9h">$4.99</span>$4.99</span></p></div><a href="/goat-milk-3-25-m-f/p/20975190_EA?source=nspt" class="chakra-linkbox__overlay css-1hnz6hu"><div class="css-0"><p class="chakra-text css-1ecdp9w" data-testid="product-brand">Liberte</p><h3 class="chakra-heading css-6qrhwc" id="20975190_EA" data-testid="product-title">Goat Milk 3.25% M.F</h3><p class="chakra-text css-1yftjin" data-testid="product-package-size">1 l, $0.50/100ml</p></div></a><div class="css-8keand"></div></div><div class="css-1q5omjq"><div class="css-fcebb8"><div data-testid="atc-compact" class="css-y94ivq" style="width: 45px;"><button type="button" class="chakra-button css-mudsm6" data-testid="atc-button"><svg stroke="currentColor" fill="currentColor" stroke-width="0" viewBox="0 0 24 24" focusable="false" class="chakra-icon css-1g3sp7a" data-testid="btn-icon" aria-hidden="true" height="1em" width="1em" xmlns="http://www.w3.org/2000/svg"><path d="M19 13h-6v6h-2v-6H5v-2h6V5h2v6h6v2z"></path></svg><span class="css-idkz9h">Add Goat Milk 3.25% M.F to cart</span></button></div></div></div></div></div></div><div class="css-0"><div class="css-f5i5wc"><div class="chakra-linkbox css-vhnn8v"><div data-testid="product-image" class="css-16dr4ly"><img alt="Violife Mozzarella Style Shreds 200 g, $3.00/100g" src="https://assets.shop.loblaws.ca/products/21591969/b3/en/front/21591969_front_a06_@2.png" srcset="https://assets.shop.loblaws.ca/products/21591969/b3/en/front/21591969_front_a06_@2.png 1x, https://assets.shop.loblaws.ca/products/21591969/b3/en/front/21591969_front_a06_@2.png 2x" loading="lazy" class="chakra-image css-oguq8l" aria-hidden="true"></div><div class="css-qoklea"><div class="css-12dchmx"></div><div data-testid="price-product-tile" class="css-8atqhb"><p class="chakra-text css-0"><span class="chakra-text css-pwnbcb" data-testid="regular-price"><span class="css-idkz9h">$5.99</span>$5.99</span></p></div><a href="/mozzarella-style-shreds/p/21591969_EA?source=nspt" class="chakra-linkbox__overlay css-1hnz6hu"><div class="css-0"><p class="chakra-text css-1ecdp9w" data-testid="product-brand">Violife</p><h3 class="chakra-heading css-6qrhwc" id="21591969_EA" data-testid="product-title">Mozzarella Style Shreds</h3><p class="chakra-text css-1yftjin" data-testid="product-package-size">200 g, $3.00/100g</p></div></a><div class="css-8keand"></div></div><div class="css-1q5omjq"><div class="css-fcebb8"><div data-testid="atc-compact" class="css-y94ivq" style="width: 45px;"><button type="button" class="chakra-button css-mudsm6" data-testid="atc-button"><svg stroke="currentColor" fill="currentColor" stroke-width="0" viewBox="0 0 24 24" focusable="false" class="chakra-icon css-1g3sp7a" data-testid="btn-icon" aria-hidden="true" height="1em" width="1em" xmlns="http://www.w3.org/2000/svg"><path d="M19 13h-6v6h-2v-6H5v-2h6V5h2v6h6v2z"></path></svg><span class="css-idkz9h">Add Mozzarella Style Shreds to cart</span></button></div></div></div></div></div></div><div class="css-0"><div class="css-f5i5wc"><div class="chakra-linkbox css-vhnn8v"><div data-testid="product-image" class="css-16dr4ly"><img alt="Natura Unsweetened Enrich      946 ml, $0.29/100ml" src="https://assets.shop.loblaws.ca/products/20311173006/b3/en/front/20311173006_front_a06_@2.png" srcset="https://assets.shop.loblaws.ca/products/20311173006/b3/en/front/20311173006_front_a06_@2.png 1x, https://assets.shop.loblaws.ca/products/20311173006/b3/en/front/20311173006_front_a06_@2.png 2x" loading="lazy" class="chakra-image css-oguq8l" aria-hidden="true"></div><div class="css-qoklea"><div class="css-12dchmx"></div><div data-testid="price-product-tile" class="css-8atqhb"><p class="chakra-text css-0"><span class="chakra-text css-pwnbcb" data-testid="regular-price"><span class="css-idkz9h">$2.79</span>$2.79</span></p></div><a href="/unsweetened-enrich/p/20311173006_EA?source=nspt" class="chakra-linkbox__overlay css-1hnz6hu"><div class="css-0"><p class="chakra-text css-1ecdp9w" data-testid="product-brand">Natura</p><h3 class="chakra-heading css-6qrhwc" id="20311173006_EA" data-testid="product-title">Unsweetened Enrich     </h3><p class="chakra-text css-1yftjin" data-testid="product-package-size">946 ml, $0.29/100ml</p></div></a><div class="css-8keand"></div></div><div class="css-1q5omjq"><div class="css-fcebb8"><div data-testid="atc-compact" class="css-y94ivq" style="width: 45px;"><button type="button" class="chakra-button css-mudsm6" data-testid="atc-button"><svg stroke="currentColor" fill="currentColor" stroke-width="0" viewBox="0 0 24 24" focusable="false" class="chakra-icon css-1g3sp7a" data-testid="btn-icon" aria-hidden="true" height="1em" width="1em" xmlns="http://www.w3.org/2000/svg"><path d="M19 13h-6v6h-2v-6H5v-2h6V5h2v6h6v2z"></path></svg><span class="css-idkz9h">Add Unsweetened Enrich      to cart</span></button></div></div></div></div></div></div><div class="css-0"><div class="css-f5i5wc"><div class="chakra-linkbox css-vhnn8v"><div data-testid="product-image" class="css-16dr4ly"><img alt="PC Organics Organics Salted Butter Churned 250 g, $2.60/100g" src="https://assets.shop.loblaws.ca/products/21588708/b3/en/front/21588708_front_a06_@2.png" srcset="https://assets.shop.loblaws.ca/products/21588708/b3/en/front/21588708_front_a06_@2.png 1x, https://assets.shop.loblaws.ca/products/21588708/b3/en/front/21588708_front_a06_@2.png 2x" loading="lazy" class="chakra-image css-oguq8l" aria-hidden="true"></div><div class="css-qoklea"><div class="css-12dchmx"></div><div data-testid="price-product-tile" class="css-8atqhb"><p class="chakra-text css-0"><span class="chakra-text css-pwnbcb" data-testid="regular-price"><span class="css-idkz9h">$6.49</span>$6.49</span></p></div><a href="/organics-salted-butter-churned/p/21588708_EA?source=nspt" class="chakra-linkbox__overlay css-1hnz6hu"><div class="css-0"><p class="chakra-text css-1ecdp9w" data-testid="product-brand">PC Organics</p><h3 class="chakra-heading css-6qrhwc" id="21588708_EA" data-testid="product-title">Organics Salted Butter Churned</h3><p class="chakra-text css-1yftjin" data-testid="product-package-size">250 g, $2.60/100g</p></div></a><div class="css-8keand"></div></div><div class="css-1q5omjq"><div class="css-fcebb8"><div data-testid="atc-compact" class="css-y94ivq" style="width: 45px;"><button type="button" class="chakra-button css-mudsm6" data-testid="atc-button"><svg stroke="currentColor" fill="currentColor" stroke-width="0" viewBox="0 0 24 24" focusable="false" class="chakra-icon css-1g3sp7a" data-testid="btn-icon" aria-hidden="true" height="1em" width="1em" xmlns="http://www.w3.org/2000/svg"><path d="M19 13h-6v6h-2v-6H5v-2h6V5h2v6h6v2z"></path></svg><span class="css-idkz9h">Add Organics Salted Butter Churned to cart</span></button></div></div></div></div></div></div><div class="css-0"><div class="css-f5i5wc"><div class="chakra-linkbox css-vhnn8v"><div data-testid="product-image" class="css-16dr4ly"><img alt="PC Organics Organic Homogenized Milk 2 l, $0.36/100ml" src="https://assets.shop.loblaws.ca/products/20354144/b3/en/front/20354144_front_a06_@2.png" srcset="https://assets.shop.loblaws.ca/products/20354144/b3/en/front/20354144_front_a06_@2.png 1x, https://assets.shop.loblaws.ca/products/20354144/b3/en/front/20354144_front_a06_@2.png 2x" loading="lazy" class="chakra-image css-oguq8l" aria-hidden="true"></div><div class="css-qoklea"><div class="css-12dchmx"></div><div data-testid="price-product-tile" class="css-8atqhb"><p class="chakra-text css-0"><span class="chakra-text css-pwnbcb" data-testid="regular-price"><span class="css-idkz9h">$7.14</span>$7.14</span></p></div><a href="/organic-homogenized-milk/p/20354144_EA?source=nspt" class="chakra-linkbox__overlay css-1hnz6hu"><div class="css-0"><p class="chakra-text css-1ecdp9w" data-testid="product-brand">PC Organics</p><h3 class="chakra-heading css-6qrhwc" id="20354144_EA" data-testid="product-title">Organic Homogenized Milk</h3><p class="chakra-text css-1yftjin" data-testid="product-package-size">2 l, $0.36/100ml</p></div></a><div class="css-8keand"></div></div><div class="css-1q5omjq"><div class="css-fcebb8"><div data-testid="atc-compact" class="css-y94ivq" style="width: 45px;"><button type="button" class="chakra-button css-mudsm6" data-testid="atc-button"><svg stroke="currentColor" fill="currentColor" stroke-width="0" viewBox="0 0 24 24" focusable="false" class="chakra-icon css-1g3sp7a" data-testid="btn-icon" aria-hidden="true" height="1em" width="1em" xmlns="http://www.w3.org/2000/svg"><path d="M19 13h-6v6h-2v-6H5v-2h6V5h2v6h6v2z"></path></svg><span class="css-idkz9h">Add Organic Homogenized Milk to cart</span></button></div></div></div></div></div></div><div class="css-0"><div class="css-f5i5wc"><div class="chakra-linkbox css-vhnn8v"><div data-testid="product-image" class="css-16dr4ly"><img alt="PC Organics Organic Cheese, Old Cheddar 200 g, $3.50/100g" src="https://assets.shop.loblaws.ca/products/20324449/b3/en/front/20324449_front_a06_@2.png" srcset="https://assets.shop.loblaws.ca/products/20324449/b3/en/front/20324449_front_a06_@2.png 1x, https://assets.shop.loblaws.ca/products/20324449/b3/en/front/20324449_front_a06_@2.png 2x" loading="lazy" class="chakra-image css-oguq8l" aria-hidden="true"></div><div class="css-qoklea"><div class="css-12dchmx"></div><div data-testid="price-product-tile" class="css-8atqhb"><p class="chakra-text css-0"><span class="chakra-text css-pwnbcb" data-testid="regular-price"><span class="css-idkz9h">$6.99</span>$6.99</span></p></div><a href="/organic-cheese-old-cheddar/p/20324449_EA?source=nspt" class="chakra-linkbox__overlay css-1hnz6hu"><div class="css-0"><p class="chakra-text css-1ecdp9w" data-testid="product-brand">PC Organics</p><h3 class="chakra-heading css-6qrhwc" id="20324449_EA" data-testid="product-title">Organic Cheese, Old Cheddar</h3><p class="chakra-text css-1yftjin" data-testid="product-package-size">200 g, $3.50/100g</p></div></a><div class="css-8keand"></div></div><div class="css-1q5omjq"><div class="css-fcebb8"><div data-testid="atc-compact" class="css-y94ivq" style="width: 45px;"><button type="button" class="chakra-button css-mudsm6" data-testid="atc-button"><svg stroke="currentColor" fill="currentColor" stroke-width="0" viewBox="0 0 24 24" focusable="false" class="chakra-icon css-1g3sp7a" data-testid="btn-icon" aria-hidden="true" height="1em" width="1em" xmlns="http://www.w3.org/2000/svg"><path d="M19 13h-6v6h-2v-6H5v-2h6V5h2v6h6v2z"></path></svg><span class="css-idkz9h">Add Organic Cheese, Old Cheddar to cart</span></button></div></div></div></div></div></div><div class="css-0"><div class="css-f5i5wc"><div class="chakra-linkbox css-vhnn8v"><div data-testid="product-image" class="css-16dr4ly"><img alt="PC Organics Organic Greek Yogurt, Plain 500 g, $1.20/100g" src="https://assets.shop.loblaws.ca/products/20774037001/b3/en/front/20774037001_front_a06_@2.png" srcset="https://assets.shop.loblaws.ca/products/20774037001/b3/en/front/20774037001_front_a06_@2.png 1x, https://assets.shop.loblaws.ca/products/20774037001/b3/en/front/20774037001_front_a06_@2.png 2x" loading="lazy" class="chakra-image css-oguq8l" aria-hidden="true"></div><div class="css-qoklea"><div class="css-12dchmx"></div><div data-testid="price-product-tile" class="css-8atqhb"><p class="chakra-text css-0"><span class="chakra-text css-pwnbcb" data-testid="regular-price"><span class="css-idkz9h">$5.99</span>$5.99</span></p></div><a href="/organic-greek-yogurt-plain/p/20774037001_EA?source=nspt" class="chakra-linkbox__overlay css-1hnz6hu"><div class="css-0"><p class="chakra-text css-1ecdp9w" data-testid="product-brand">PC Organics</p><h3 class="chakra-heading css-6qrhwc" id="20774037001_EA" data-testid="product-title">Organic Greek Yogurt, Plain</h3><p class="chakra-text css-1yftjin" data-testid="product-package-size">500 g, $1.20/100g</p></div></a><div class="css-8keand"></div></div><div class="css-1q5omjq"><div class="css-fcebb8"><div data-testid="atc-compact" class="css-y94ivq" style="width: 45px;"><button type="button" class="chakra-button css-mudsm6" data-testid="atc-button"><svg stroke="currentColor" fill="currentColor" stroke-width="0" viewBox="0 0 24 24" focusable="false" class="chakra-icon css-1g3sp7a" data-testid="btn-icon" aria-hidden="true" height="1em" width="1em" xmlns="http://www.w3.org/2000/svg"><path d="M19 13h-6v6h-2v-6H5v-2h6V5h2v6h6v2z"></path></svg><span class="css-idkz9h">Add Organic Greek Yogurt, Plain to cart</span></button></div></div></div></div></div></div><div class="css-0"><div class="css-f5i5wc"><div class="chakra-linkbox css-vhnn8v"><div data-testid="product-image" class="css-16dr4ly"><img alt="Violife Smoke Flavoured Provolone Style Slices 200 g, $3.00/100g" src="https://assets.shop.loblaws.ca/products/21339317/b3/en/front/21339317_front_a06_@2.png" srcset="https://assets.shop.loblaws.ca/products/21339317/b3/en/front/21339317_front_a06_@2.png 1x, https://assets.shop.loblaws.ca/products/21339317/b3/en/front/21339317_front_a06_@2.png 2x" loading="lazy" class="chakra-image css-oguq8l" aria-hidden="true"></div><div class="css-qoklea"><div class="css-12dchmx"></div><div data-testid="price-product-tile" class="css-8atqhb"><p class="chakra-text css-0"><span class="chakra-text css-pwnbcb" data-testid="regular-price"><span class="css-idkz9h">$5.99</span>$5.99</span></p></div><a href="/smoke-flavoured-provolone-style-slices/p/21339317_EA?source=nspt" class="chakra-linkbox__overlay css-1hnz6hu"><div class="css-0"><p class="chakra-text css-1ecdp9w" data-testid="product-brand">Violife</p><h3 class="chakra-heading css-6qrhwc" id="21339317_EA" data-testid="product-title">Smoke Flavoured Provolone Style Slices</h3><p class="chakra-text css-1yftjin" data-testid="product-package-size">200 g, $3.00/100g</p></div></a><div class="css-8keand"></div></div><div class="css-1q5omjq"><div class="css-fcebb8"><div data-testid="atc-compact" class="css-y94ivq" style="width: 45px;"><button type="button" class="chakra-button css-mudsm6" data-testid="atc-button"><svg stroke="currentColor" fill="currentColor" stroke-width="0" viewBox="0 0 24 24" focusable="false" class="chakra-icon css-1g3sp7a" data-testid="btn-icon" aria-hidden="true" height="1em" width="1em" xmlns="http://www.w3.org/2000/svg"><path d="M19 13h-6v6h-2v-6H5v-2h6V5h2v6h6v2z"></path></svg><span class="css-idkz9h">Add Smoke Flavoured Provolone Style Slices to cart</span></button></div></div></div></div></div></div><div class="css-0"><div class="css-f5i5wc"><div class="chakra-linkbox css-vhnn8v"><div data-testid="product-image" class="css-16dr4ly"><img alt="PC Organics Free-Range Large Brown Eggs, Club Pack (30 Count) 30 ea, $0.56/1ea" src="https://assets.shop.loblaws.ca/products/21205224001/b3/en/front/21205224001_front_a06_@2.png" srcset="https://assets.shop.loblaws.ca/products/21205224001/b3/en/front/21205224001_front_a06_@2.png 1x, https://assets.shop.loblaws.ca/products/21205224001/b3/en/front/21205224001_front_a06_@2.png 2x" loading="lazy" class="chakra-image css-oguq8l" aria-hidden="true"></div><div class="css-qoklea"><div class="css-12dchmx"></div><div data-testid="price-product-tile" class="css-8atqhb"><p class="chakra-text css-0"><span class="chakra-text css-pwnbcb" data-testid="regular-price"><span class="css-idkz9h">$16.72</span>$16.72</span></p></div><a href="/free-range-large-brown-eggs-club-pack-30-count/p/21205224001_EA?source=nspt" class="chakra-linkbox__overlay css-1hnz6hu"><div class="css-0"><p class="chakra-text css-1ecdp9w" data-testid="product-brand">PC Organics</p><h3 class="chakra-heading css-6qrhwc" id="21205224001_EA" data-testid="product-title">Free-Range Large Brown Eggs, Club Pack (30 Count)</h3><p class="chakra-text css-1yftjin" data-testid="product-package-size">30 ea, $0.56/1ea</p></div></a><div class="css-8keand"></div></div><div class="css-1q5omjq"><div class="css-fcebb8"><div data-testid="atc-compact" class="css-y94ivq" style="width: 45px;"><button type="button" class="chakra-button css-mudsm6" data-testid="atc-button"><svg stroke="currentColor" fill="currentColor" stroke-width="0" viewBox="0 0 24 24" focusable="false" class="chakra-icon css-1g3sp7a" data-testid="btn-icon" aria-hidden="true" height="1em" width="1em" xmlns="http://www.w3.org/2000/svg"><path d="M19 13h-6v6h-2v-6H5v-2h6V5h2v6h6v2z"></path></svg><span class="css-idkz9h">Add Free-Range Large Brown Eggs, Club Pack (30 Count) to cart</span></button></div></div></div></div></div></div><div class="css-0"><div class="css-f5i5wc"><div class="chakra-linkbox css-vhnn8v"><div data-testid="product-image" class="css-16dr4ly"><img alt="Riviera Goat Yogurt, Plain 4.9% 500 g, $1.30/100ml" src="https://assets.shop.loblaws.ca/products/20977480/b3/en/front/20977480_front_a06_@2.png" srcset="https://assets.shop.loblaws.ca/products/20977480/b3/en/front/20977480_front_a06_@2.png 1x, https://assets.shop.loblaws.ca/products/20977480/b3/en/front/20977480_front_a06_@2.png 2x" loading="lazy" class="chakra-image css-oguq8l" aria-hidden="true"></div><div class="css-qoklea"><div class="css-12dchmx"></div><div data-testid="price-product-tile" class="css-8atqhb"><p class="chakra-text css-0"><span class="chakra-text css-pwnbcb" data-testid="regular-price"><span class="css-idkz9h">$6.49</span>$6.49</span></p></div><a href="/goat-yogurt-plain-4-9/p/20977480_EA?source=nspt" class="chakra-linkbox__overlay css-1hnz6hu"><div class="css-0"><p class="chakra-text css-1ecdp9w" data-testid="product-brand">Riviera</p><h3 class="chakra-heading css-6qrhwc" id="20977480_EA" data-testid="product-title">Goat Yogurt, Plain 4.9%</h3><p class="chakra-text css-1yftjin" data-testid="product-package-size">500 g, $1.30/100ml</p></div></a><div class="css-8keand"></div></div><div class="css-1q5omjq"><div class="css-fcebb8"><div data-testid="atc-compact" class="css-y94ivq" style="width: 45px;"><button type="button" class="chakra-button css-mudsm6" data-testid="atc-button"><svg stroke="currentColor" fill="currentColor" stroke-width="0" viewBox="0 0 24 24" focusable="false" class="chakra-icon css-1g3sp7a" data-testid="btn-icon" aria-hidden="true" height="1em" width="1em" xmlns="http://www.w3.org/2000/svg"><path d="M19 13h-6v6h-2v-6H5v-2h6V5h2v6h6v2z"></path></svg><span class="css-idkz9h">Add Goat Yogurt, Plain 4.9% to cart</span></button></div></div></div></div></div></div><div class="css-0"><div class="css-f5i5wc"><div class="chakra-linkbox css-vhnn8v"><div data-testid="product-image" class="css-16dr4ly"><img alt="Olympic Krema Yogurt, Plain 10% 650 g, $0.92/100g" src="https://assets.shop.loblaws.ca/products/20588372002/b3/en/front/20588372002_front_a06_@2.png" srcset="https://assets.shop.loblaws.ca/products/20588372002/b3/en/front/20588372002_front_a06_@2.png 1x, https://assets.shop.loblaws.ca/products/20588372002/b3/en/front/20588372002_front_a06_@2.png 2x" loading="lazy" class="chakra-image css-oguq8l" aria-hidden="true"></div><div class="css-qoklea"><div class="css-12dchmx"></div><div data-testid="price-product-tile" class="css-8atqhb"><p class="chakra-text css-0"><span class="chakra-text css-pwnbcb" data-testid="regular-price"><span class="css-idkz9h">$5.99</span>$5.99</span></p></div><a href="/krema-yogurt-plain-10/p/20588372002_EA?source=nspt" class="chakra-linkbox__overlay css-1hnz6hu"><div class="css-0"><p class="chakra-text css-1ecdp9w" data-testid="product-brand">Olympic</p><h3 class="chakra-heading css-6qrhwc" id="20588372002_EA" data-testid="product-title">Krema Yogurt, Plain 10%</h3><p class="chakra-text css-1yftjin" data-testid="product-package-size">650 g, $0.92/100g</p></div></a><div class="css-8keand"></div></div><div class="css-1q5omjq"><div class="css-fcebb8"><div data-testid="atc-compact" class="css-y94ivq" style="width: 45px;"><button type="button" class="chakra-button css-mudsm6" data-testid="atc-button"><svg stroke="currentColor" fill="currentColor" stroke-width="0" viewBox="0 0 24 24" focusable="false" class="chakra-icon css-1g3sp7a" data-testid="btn-icon" aria-hidden="true" height="1em" width="1em" xmlns="http://www.w3.org/2000/svg"><path d="M19 13h-6v6h-2v-6H5v-2h6V5h2v6h6v2z"></path></svg><span class="css-idkz9h">Add Krema Yogurt, Plain 10% to cart</span></button></div></div></div></div></div></div><div class="css-0"><div class="css-f5i5wc"><div class="chakra-linkbox css-vhnn8v"><div data-testid="product-image" class="css-16dr4ly"><img alt="PC Organics Organic Partly Skimmed 1% Milk 4 l, $0.25/100ml" src="https://assets.shop.loblaws.ca/products/20308534002/b3/en/front/20308534002_front_a06_@2.png" srcset="https://assets.shop.loblaws.ca/products/20308534002/b3/en/front/20308534002_front_a06_@2.png 1x, https://assets.shop.loblaws.ca/products/20308534002/b3/en/front/20308534002_front_a06_@2.png 2x" loading="lazy" class="chakra-image css-oguq8l" aria-hidden="true"></div><div class="css-qoklea"><div class="css-12dchmx"></div><div data-testid="price-product-tile" class="css-8atqhb"><p class="chakra-text css-0"><span class="chakra-text css-pwnbcb" data-testid="regular-price"><span class="css-idkz9h">$10.19</span>$10.19</span></p></div><a href="/organic-partly-skimmed-1-milk/p/20308534002_EA?source=nspt" class="chakra-linkbox__overlay css-1hnz6hu"><div class="css-0"><p class="chakra-text css-1ecdp9w" data-testid="product-brand">PC Organics</p><h3 class="chakra-heading css-6qrhwc" id="20308534002_EA" data-testid="product-title">Organic Partly Skimmed 1% Milk</h3><p class="chakra-text css-1yftjin" data-testid="product-package-size">4 l, $0.25/100ml</p></div></a><div class="css-8keand"></div></div><div class="css-1q5omjq"><div class="css-fcebb8"><div data-testid="atc-compact" class="css-y94ivq" style="width: 45px;"><button type="button" class="chakra-button css-mudsm6" data-testid="atc-button"><svg stroke="currentColor" fill="currentColor" stroke-width="0" viewBox="0 0 24 24" focusable="false" class="chakra-icon css-1g3sp7a" data-testid="btn-icon" aria-hidden="true" height="1em" width="1em" xmlns="http://www.w3.org/2000/svg"><path d="M19 13h-6v6h-2v-6H5v-2h6V5h2v6h6v2z"></path></svg><span class="css-idkz9h">Add Organic Partly Skimmed 1% Milk to cart</span></button></div></div></div></div></div></div><div class="css-0"><div class="css-f5i5wc"><div class="chakra-linkbox css-vhnn8v"><div data-testid="product-image" class="css-16dr4ly"><img alt="So Nice  Soy Barista  946 ml, $0.35/100ml" src="https://assets.shop.loblaws.ca/products/20666187/b3/en/front/20666187_front_a06_@2.png" srcset="https://assets.shop.loblaws.ca/products/20666187/b3/en/front/20666187_front_a06_@2.png 1x, https://assets.shop.loblaws.ca/products/20666187/b3/en/front/20666187_front_a06_@2.png 2x" loading="lazy" class="chakra-image css-oguq8l" aria-hidden="true"></div><div class="css-qoklea"><div class="css-12dchmx"></div><div data-testid="price-product-tile" class="css-8atqhb"><p class="chakra-text css-0"><span class="chakra-text css-pwnbcb" data-testid="regular-price"><span class="css-idkz9h">$3.29</span>$3.29</span></p></div><a href="/soy-barista/p/20666187_EA?source=nspt" class="chakra-linkbox__overlay css-1hnz6hu"><div class="css-0"><p class="chakra-text css-1ecdp9w" data-testid="product-brand">So Nice</p><h3 class="chakra-heading css-6qrhwc" id="20666187_EA" data-testid="product-title"> Soy Barista </h3><p class="chakra-text css-1yftjin" data-testid="product-package-size">946 ml, $0.35/100ml</p></div></a><div class="css-8keand"></div></div><div class="css-1q5omjq"><div class="css-fcebb8"><div data-testid="atc-compact" class="css-y94ivq" style="width: 45px;"><button type="button" class="chakra-button css-mudsm6" data-testid="atc-button"><svg stroke="currentColor" fill="currentColor" stroke-width="0" viewBox="0 0 24 24" focusable="false" class="chakra-icon css-1g3sp7a" data-testid="btn-icon" aria-hidden="true" height="1em" width="1em" xmlns="http://www.w3.org/2000/svg"><path d="M19 13h-6v6h-2v-6H5v-2h6V5h2v6h6v2z"></path></svg><span class="css-idkz9h">Add  Soy Barista  to cart</span></button></div></div></div></div></div></div><div class="css-0"><div class="css-f5i5wc"><div class="chakra-linkbox css-vhnn8v"><div data-testid="product-image" class="css-16dr4ly"><img alt="Olympic Organic Yogurt, Plain 3.5% 650 g, $0.92/100g" src="https://assets.shop.loblaws.ca/products/20316485005/b3/en/front/20316485005_front_a06_@2.png" srcset="https://assets.shop.loblaws.ca/products/20316485005/b3/en/front/20316485005_front_a06_@2.png 1x, https://assets.shop.loblaws.ca/products/20316485005/b3/en/front/20316485005_front_a06_@2.png 2x" loading="lazy" class="chakra-image css-oguq8l" aria-hidden="true"></div><div class="css-qoklea"><div class="css-12dchmx"></div><div data-testid="price-product-tile" class="css-8atqhb"><p class="chakra-text css-0"><span class="chakra-text css-pwnbcb" data-testid="regular-price"><span class="css-idkz9h">$5.99</span>$5.99</span></p></div><a href="/organic-yogurt-plain-3-5/p/20316485005_EA?source=nspt" class="chakra-linkbox__overlay css-1hnz6hu"><div class="css-0"><p class="chakra-text css-1ecdp9w" data-testid="product-brand">Olympic</p><h3 class="chakra-heading css-6qrhwc" id="20316485005_EA" data-testid="product-title">Organic Yogurt, Plain 3.5%</h3><p class="chakra-text css-1yftjin" data-testid="product-package-size">650 g, $0.92/100g</p></div></a><div class="css-8keand"></div></div><div class="css-1q5omjq"><div class="css-fcebb8"><div data-testid="atc-compact" class="css-y94ivq" style="width: 45px;"><button type="button" class="chakra-button css-mudsm6" data-testid="atc-button"><svg stroke="currentColor" fill="currentColor" stroke-width="0" viewBox="0 0 24 24" focusable="false" class="chakra-icon css-1g3sp7a" data-testid="btn-icon" aria-hidden="true" height="1em" width="1em" xmlns="http://www.w3.org/2000/svg"><path d="M19 13h-6v6h-2v-6H5v-2h6V5h2v6h6v2z"></path></svg><span class="css-idkz9h">Add Organic Yogurt, Plain 3.5% to cart</span></button></div></div></div></div></div></div><div class="css-0"><div class="css-f5i5wc"><div class="chakra-linkbox css-vhnn8v"><div data-testid="product-image" class="css-16dr4ly"><img alt="Earths Own Fortified Gluten-Free Oat Beverage Zero Sugar Unsweetened Vanilla 1.75 l, $0.26/100ml" src="https://assets.shop.loblaws.ca/products/21546544/b3/en/front/21546544_front_a06_@2.png" srcset="https://assets.shop.loblaws.ca/products/21546544/b3/en/front/21546544_front_a06_@2.png 1x, https://assets.shop.loblaws.ca/products/21546544/b3/en/front/21546544_front_a06_@2.png 2x" loading="lazy" class="chakra-image css-oguq8l" aria-hidden="true"></div><div class="css-qoklea"><div class="css-12dchmx"></div><div data-testid="price-product-tile" class="css-8atqhb"><p class="chakra-text css-0"><span class="chakra-text css-pwnbcb" data-testid="regular-price"><span class="css-idkz9h">$4.49</span>$4.49</span></p></div><a href="/fortified-gluten-free-oat-beverage-zero-sugar-unsw/p/21546544_EA?source=nspt" class="chakra-linkbox__overlay css-1hnz6hu"><div class="css-0"><p class="chakra-text css-1ecdp9w" data-testid="product-brand">Earths Own</p><h3 class="chakra-heading css-6qrhwc" id="21546544_EA" data-testid="product-title">Fortified Gluten-Free Oat Beverage Zero Sugar Unsweetened Vanilla</h3><p class="chakra-text css-1yftjin" data-testid="product-package-size">1.75 l, $0.26/100ml</p></div></a><div class="css-8keand"></div></div><div class="css-1q5omjq"><div class="css-fcebb8"><div data-testid="atc-compact" class="css-y94ivq" style="width: 45px;"><button type="button" class="chakra-button css-mudsm6" data-testid="atc-button"><svg stroke="currentColor" fill="currentColor" stroke-width="0" viewBox="0 0 24 24" focusable="false" class="chakra-icon css-1g3sp7a" data-testid="btn-icon" aria-hidden="true" height="1em" width="1em" xmlns="http://www.w3.org/2000/svg"><path d="M19 13h-6v6h-2v-6H5v-2h6V5h2v6h6v2z"></path></svg><span class="css-idkz9h">Add Fortified Gluten-Free Oat Beverage Zero Sugar Unsweetened Vanilla to cart</span></button></div></div></div></div></div></div><div class="css-0"><div class="css-f5i5wc"><div class="chakra-linkbox css-vhnn8v"><div data-testid="product-image" class="css-16dr4ly"><img alt="PC Organics Medium Size Free-Range Brown Eggs  12 eggs, $0.64/1ea" src="https://assets.shop.loblaws.ca/products/20818960001/b3/en/front/20818960001_front_a06_@2.png" srcset="https://assets.shop.loblaws.ca/products/20818960001/b3/en/front/20818960001_front_a06_@2.png 1x, https://assets.shop.loblaws.ca/products/20818960001/b3/en/front/20818960001_front_a06_@2.png 2x" loading="lazy" class="chakra-image css-oguq8l" aria-hidden="true"></div><div class="css-qoklea"><div class="css-12dchmx"></div><div data-testid="price-product-tile" class="css-8atqhb"><p class="chakra-text css-0"><span class="chakra-text css-pwnbcb" data-testid="regular-price"><span class="css-idkz9h">$7.68</span>$7.68</span></p></div><a href="/medium-size-free-range-brown-eggs/p/20818960001_EA?source=nspt" class="chakra-linkbox__overlay css-1hnz6hu"><div class="css-0"><p class="chakra-text css-1ecdp9w" data-testid="product-brand">PC Organics</p><h3 class="chakra-heading css-6qrhwc" id="20818960001_EA" data-testid="product-title">Medium Size Free-Range Brown Eggs </h3><p class="chakra-text css-1yftjin" data-testid="product-package-size">12 eggs, $0.64/1ea</p></div></a><div class="css-8keand"></div></div><div class="css-1q5omjq"><div class="css-fcebb8"><div data-testid="atc-compact" class="css-y94ivq" style="width: 45px;"><button type="button" class="chakra-button css-mudsm6" data-testid="atc-button"><svg stroke="currentColor" fill="currentColor" stroke-width="0" viewBox="0 0 24 24" focusable="false" class="chakra-icon css-1g3sp7a" data-testid="btn-icon" aria-hidden="true" height="1em" width="1em" xmlns="http://www.w3.org/2000/svg"><path d="M19 13h-6v6h-2v-6H5v-2h6V5h2v6h6v2z"></path></svg><span class="css-idkz9h">Add Medium Size Free-Range Brown Eggs  to cart</span></button></div></div></div></div></div></div><div class="css-0"><div class="css-f5i5wc"><div class="chakra-linkbox css-vhnn8v"><div data-testid="product-image" class="css-16dr4ly"><img alt="PC Organics Organic Homogenized Milk 3.25% M.F. 4 l, $0.26/100ml" src="https://assets.shop.loblaws.ca/products/20054844/b3/en/front/20054844_front_a06_@2.png" srcset="https://assets.shop.loblaws.ca/products/20054844/b3/en/front/20054844_front_a06_@2.png 1x, https://assets.shop.loblaws.ca/products/20054844/b3/en/front/20054844_front_a06_@2.png 2x" loading="lazy" class="chakra-image css-oguq8l" aria-hidden="true"></div><div class="css-qoklea"><div class="css-12dchmx"></div><div data-testid="price-product-tile" class="css-8atqhb"><p class="chakra-text css-0"><span class="chakra-text css-pwnbcb" data-testid="regular-price"><span class="css-idkz9h">$10.49</span>$10.49</span></p></div><a href="/organic-homogenized-milk-3-25-m-f/p/20054844_EA?source=nspt" class="chakra-linkbox__overlay css-1hnz6hu"><div class="css-0"><p class="chakra-text css-1ecdp9w" data-testid="product-brand">PC Organics</p><h3 class="chakra-heading css-6qrhwc" id="20054844_EA" data-testid="product-title">Organic Homogenized Milk 3.25% M.F.</h3><p class="chakra-text css-1yftjin" data-testid="product-package-size">4 l, $0.26/100ml</p></div></a><div class="css-8keand"></div></div><div class="css-1q5omjq"><div class="css-fcebb8"><div data-testid="atc-compact" class="css-y94ivq" style="width: 45px;"><button type="button" class="chakra-button css-mudsm6" data-testid="atc-button"><svg stroke="currentColor" fill="currentColor" stroke-width="0" viewBox="0 0 24 24" focusable="false" class="chakra-icon css-1g3sp7a" data-testid="btn-icon" aria-hidden="true" height="1em" width="1em" xmlns="http://www.w3.org/2000/svg"><path d="M19 13h-6v6h-2v-6H5v-2h6V5h2v6h6v2z"></path></svg><span class="css-idkz9h">Add Organic Homogenized Milk 3.25% M.F. to cart</span></button></div></div></div></div></div></div><div class="css-0"><div class="css-f5i5wc"><div class="chakra-linkbox css-vhnn8v"><div data-testid="product-image" class="css-16dr4ly"><img alt="Natura Organic Soy Beverage, Enriched Vanilla 946 ml, $0.29/100ml" src="https://assets.shop.loblaws.ca/products/20311173003/b3/en/front/20311173003_front_a06_@2.png" srcset="https://assets.shop.loblaws.ca/products/20311173003/b3/en/front/20311173003_front_a06_@2.png 1x, https://assets.shop.loblaws.ca/products/20311173003/b3/en/front/20311173003_front_a06_@2.png 2x" loading="lazy" class="chakra-image css-oguq8l" aria-hidden="true"></div><div class="css-qoklea"><div class="css-12dchmx"></div><div data-testid="price-product-tile" class="css-8atqhb"><p class="chakra-text css-0"><span class="chakra-text css-pwnbcb" data-testid="regular-price"><span class="css-idkz9h">$2.79</span>$2.79</span></p></div><a href="/organic-soy-beverage-enriched-vanilla/p/20311173003_EA?source=nspt" class="chakra-linkbox__overlay css-1hnz6hu"><div class="css-0"><p class="chakra-text css-1ecdp9w" data-testid="product-brand">Natura</p><h3 class="chakra-heading css-6qrhwc" id="20311173003_EA" data-testid="product-title">Organic Soy Beverage, Enriched Vanilla</h3><p class="chakra-text css-1yftjin" data-testid="product-package-size">946 ml, $0.29/100ml</p></div></a><div class="css-8keand"></div></div><div class="css-1q5omjq"><div class="css-fcebb8"><div data-testid="atc-compact" class="css-y94ivq" style="width: 45px;"><button type="button" class="chakra-button css-mudsm6" data-testid="atc-button"><svg stroke="currentColor" fill="currentColor" stroke-width="0" viewBox="0 0 24 24" focusable="false" class="chakra-icon css-1g3sp7a" data-testid="btn-icon" aria-hidden="true" height="1em" width="1em" xmlns="http://www.w3.org/2000/svg"><path d="M19 13h-6v6h-2v-6H5v-2h6V5h2v6h6v2z"></path></svg><span class="css-idkz9h">Add Organic Soy Beverage, Enriched Vanilla to cart</span></button></div></div></div></div></div></div><div class="css-0"><div class="css-f5i5wc"><div class="chakra-linkbox css-vhnn8v"><div data-testid="product-image" class="css-16dr4ly"><img alt="Natura Natur-A  Rice Original 946 ml, $0.29/100ml" src="https://assets.shop.loblaws.ca/products/20122818001/b3/en/front/20122818001_front_a06_@2.png" srcset="https://assets.shop.loblaws.ca/products/20122818001/b3/en/front/20122818001_front_a06_@2.png 1x, https://assets.shop.loblaws.ca/products/20122818001/b3/en/front/20122818001_front_a06_@2.png 2x" loading="lazy" class="chakra-image css-oguq8l" aria-hidden="true"></div><div class="css-qoklea"><div class="css-12dchmx"></div><div data-testid="price-product-tile" class="css-8atqhb"><p class="chakra-text css-0"><span class="chakra-text css-pwnbcb" data-testid="regular-price"><span class="css-idkz9h">$2.79</span>$2.79</span></p></div><a href="/natur-a-rice-original/p/20122818001_EA?source=nspt" class="chakra-linkbox__overlay css-1hnz6hu"><div class="css-0"><p class="chakra-text css-1ecdp9w" data-testid="product-brand">Natura</p><h3 class="chakra-heading css-6qrhwc" id="20122818001_EA" data-testid="product-title">Natur-A  Rice Original</h3><p class="chakra-text css-1yftjin" data-testid="product-package-size">946 ml, $0.29/100ml</p></div></a><div class="css-8keand"></div></div><div class="css-1q5omjq"><div class="css-fcebb8"><div data-testid="atc-compact" class="css-y94ivq" style="width: 45px;"><button type="button" class="chakra-button css-mudsm6" data-testid="atc-button"><svg stroke="currentColor" fill="currentColor" stroke-width="0" viewBox="0 0 24 24" focusable="false" class="chakra-icon css-1g3sp7a" data-testid="btn-icon" aria-hidden="true" height="1em" width="1em" xmlns="http://www.w3.org/2000/svg"><path d="M19 13h-6v6h-2v-6H5v-2h6V5h2v6h6v2z"></path></svg><span class="css-idkz9h">Add Natur-A  Rice Original to cart</span></button></div></div></div></div></div></div><div class="css-0"><div class="css-f5i5wc"><div class="chakra-linkbox css-vhnn8v"><div data-testid="product-image" class="css-16dr4ly"><img alt="PC Organics Organic 14% M.F. Sour Cream 500 g, $1.10/100g" src="https://assets.shop.loblaws.ca/products/21021374/b3/en/front/21021374_front_a06_@2.png" srcset="https://assets.shop.loblaws.ca/products/21021374/b3/en/front/21021374_front_a06_@2.png 1x, https://assets.shop.loblaws.ca/products/21021374/b3/en/front/21021374_front_a06_@2.png 2x" loading="lazy" class="chakra-image css-oguq8l" aria-hidden="true"></div><div class="css-qoklea"><div class="css-12dchmx"></div><div data-testid="price-product-tile" class="css-8atqhb"><p class="chakra-text css-0"><span class="chakra-text css-pwnbcb" data-testid="regular-price"><span class="css-idkz9h">$5.49</span>$5.49</span></p></div><a href="/organic-14-m-f-sour-cream/p/21021374_EA?source=nspt" class="chakra-linkbox__overlay css-1hnz6hu"><div class="css-0"><p class="chakra-text css-1ecdp9w" data-testid="product-brand">PC Organics</p><h3 class="chakra-heading css-6qrhwc" id="21021374_EA" data-testid="product-title">Organic 14% M.F. Sour Cream</h3><p class="chakra-text css-1yftjin" data-testid="product-package-size">500 g, $1.10/100g</p></div></a><div class="css-8keand"></div></div><div class="css-1q5omjq"><div class="css-fcebb8"><div data-testid="atc-compact" class="css-y94ivq" style="width: 45px;"><button type="button" class="chakra-button css-mudsm6" data-testid="atc-button"><svg stroke="currentColor" fill="currentColor" stroke-width="0" viewBox="0 0 24 24" focusable="false" class="chakra-icon css-1g3sp7a" data-testid="btn-icon" aria-hidden="true" height="1em" width="1em" xmlns="http://www.w3.org/2000/svg"><path d="M19 13h-6v6h-2v-6H5v-2h6V5h2v6h6v2z"></path></svg><span class="css-idkz9h">Add Organic 14% M.F. Sour Cream to cart</span></button></div></div></div></div></div></div><div class="css-0"><div class="css-f5i5wc"><div class="chakra-linkbox css-vhnn8v"><div data-testid="product-image" class="css-16dr4ly"><img alt="Oatly Oat Drink, Extra Creamy 946 ml, $0.58/100ml" src="https://assets.shop.loblaws.ca/products/21561135/b3/en/front/21561135_front_a06_@2.png" srcset="https://assets.shop.loblaws.ca/products/21561135/b3/en/front/21561135_front_a06_@2.png 1x, https://assets.shop.loblaws.ca/products/21561135/b3/en/front/21561135_front_a06_@2.png 2x" loading="lazy" class="chakra-image css-oguq8l" aria-hidden="true"></div><div class="css-qoklea"><div class="css-12dchmx"></div><div data-testid="price-product-tile" class="css-8atqhb"><p class="chakra-text css-0"><span class="chakra-text css-pwnbcb" data-testid="regular-price"><span class="css-idkz9h">$5.49</span>$5.49</span></p></div><a href="/oat-drink-extra-creamy/p/21561135_EA?source=nspt" class="chakra-linkbox__overlay css-1hnz6hu"><div class="css-0"><p class="chakra-text css-1ecdp9w" data-testid="product-brand">Oatly</p><h3 class="chakra-heading css-6qrhwc" id="21561135_EA" data-testid="product-title">Oat Drink, Extra Creamy</h3><p class="chakra-text css-1yftjin" data-testid="product-package-size">946 ml, $0.58/100ml</p></div></a><div class="css-8keand"></div></div><div class="css-1q5omjq"><div class="css-fcebb8"><div data-testid="atc-compact" class="css-y94ivq" style="width: 45px;"><button type="button" class="chakra-button css-mudsm6" data-testid="atc-button"><svg stroke="currentColor" fill="currentColor" stroke-width="0" viewBox="0 0 24 24" focusable="false" class="chakra-icon css-1g3sp7a" data-testid="btn-icon" aria-hidden="true" height="1em" width="1em" xmlns="http://www.w3.org/2000/svg"><path d="M19 13h-6v6h-2v-6H5v-2h6V5h2v6h6v2z"></path></svg><span class="css-idkz9h">Add Oat Drink, Extra Creamy to cart</span></button></div></div></div></div></div></div><div class="css-0"><div class="css-f5i5wc"><div class="chakra-linkbox css-vhnn8v"><div data-testid="product-image" class="css-16dr4ly"><img alt="Silk Dairy-Free Whipping Cream Alternative, Coconut based 473 ml, $1.16/100ml" src="https://assets.shop.loblaws.ca/products/21337504/b3/en/front/21337504_front_a06_@2.png" srcset="https://assets.shop.loblaws.ca/products/21337504/b3/en/front/21337504_front_a06_@2.png 1x, https://assets.shop.loblaws.ca/products/21337504/b3/en/front/21337504_front_a06_@2.png 2x" loading="lazy" class="chakra-image css-oguq8l" aria-hidden="true"></div><div class="css-qoklea"><div class="css-12dchmx"></div><div data-testid="price-product-tile" class="css-8atqhb"><p class="chakra-text css-0"><span class="chakra-text css-pwnbcb" data-testid="regular-price"><span class="css-idkz9h">$5.49</span>$5.49</span></p></div><a href="/dairy-free-whipping-cream-alternative-coconut-base/p/21337504_EA?source=nspt" class="chakra-linkbox__overlay css-1hnz6hu"><div class="css-0"><p class="chakra-text css-1ecdp9w" data-testid="product-brand">Silk</p><h3 class="chakra-heading css-6qrhwc" id="21337504_EA" data-testid="product-title">Dairy-Free Whipping Cream Alternative, Coconut based</h3><p class="chakra-text css-1yftjin" data-testid="product-package-size">473 ml, $1.16/100ml</p></div></a><div class="css-8keand"></div></div><div class="css-1q5omjq"><div class="css-fcebb8"><div data-testid="atc-compact" class="css-y94ivq" style="width: 45px;"><button disabled="" type="button" class="chakra-button css-mudsm6" data-testid="atc-button"><svg stroke="currentColor" fill="currentColor" stroke-width="0" viewBox="0 0 24 24" focusable="false" class="chakra-icon css-1g3sp7a" data-testid="btn-icon" aria-hidden="true" height="1em" width="1em" xmlns="http://www.w3.org/2000/svg"><path d="M19 13h-6v6h-2v-6H5v-2h6V5h2v6h6v2z"></path></svg><span class="css-idkz9h">Add Dairy-Free Whipping Cream Alternative, Coconut based to cart</span></button></div></div><div class="css-4saf4a"><p class="chakra-text css-py8788" data-testid="inventory-badge-text">Out of Stock</p></div></div></div></div></div><div class="css-0"><div class="css-f5i5wc"><div class="chakra-linkbox css-vhnn8v"><div data-testid="product-image" class="css-16dr4ly"><img alt="PC Organics Free Range Large Brown Eggs 12 eggs, $0.65/1ea" src="https://assets.shop.loblaws.ca/products/20813711001/b3/en/front/20813711001_front_a06_@2.png" srcset="https://assets.shop.loblaws.ca/products/20813711001/b3/en/front/20813711001_front_a06_@2.png 1x, https://assets.shop.loblaws.ca/products/20813711001/b3/en/front/20813711001_front_a06_@2.png 2x" loading="lazy" class="chakra-image css-oguq8l" aria-hidden="true"></div><div class="css-qoklea"><div class="css-12dchmx"></div><div data-testid="price-product-tile" class="css-8atqhb"><p class="chakra-text css-0"><span class="chakra-text css-pwnbcb" data-testid="regular-price"><span class="css-idkz9h">$7.79</span>$7.79</span></p></div><a href="/free-range-large-brown-eggs/p/20813711001_EA?source=nspt" class="chakra-linkbox__overlay css-1hnz6hu"><div class="css-0"><p class="chakra-text css-1ecdp9w" data-testid="product-brand">PC Organics</p><h3 class="chakra-heading css-6qrhwc" id="20813711001_EA" data-testid="product-title">Free Range Large Brown Eggs</h3><p class="chakra-text css-1yftjin" data-testid="product-package-size">12 eggs, $0.65/1ea</p></div></a><div class="css-8keand"></div></div><div class="css-1q5omjq"><div class="css-fcebb8"><div data-testid="atc-compact" class="css-y94ivq" style="width: 45px;"><button type="button" class="chakra-button css-mudsm6" data-testid="atc-button"><svg stroke="currentColor" fill="currentColor" stroke-width="0" viewBox="0 0 24 24" focusable="false" class="chakra-icon css-1g3sp7a" data-testid="btn-icon" aria-hidden="true" height="1em" width="1em" xmlns="http://www.w3.org/2000/svg"><path d="M19 13h-6v6h-2v-6H5v-2h6V5h2v6h6v2z"></path></svg><span class="css-idkz9h">Add Free Range Large Brown Eggs to cart</span></button></div></div></div></div></div></div></div><div data-testid="product-grid" class="css-epcqr3"><div class="css-0"><div class="css-f5i5wc"><div class="chakra-linkbox css-vhnn8v"><div data-testid="product-image" class="css-16dr4ly"><img alt="PC Organics Free Range Large Brown Eggs 12 eggs, $0.65/1ea" src="https://assets.shop.loblaws.ca/products/20813711001/b3/en/front/20813711001_front_a06_@2.png" srcset="https://assets.shop.loblaws.ca/products/20813711001/b3/en/front/20813711001_front_a06_@2.png 1x, https://assets.shop.loblaws.ca/products/20813711001/b3/en/front/20813711001_front_a06_@2.png 2x" loading="lazy" class="chakra-image css-oguq8l" aria-hidden="true"></div><div class="css-qoklea"><div class="css-12dchmx"></div><div data-testid="price-product-tile" class="css-8atqhb"><p class="chakra-text css-0"><span class="chakra-text css-pwnbcb" data-testid="regular-price"><span class="css-idkz9h">$7.79</span>$7.79</span></p></div><a href="/free-range-large-brown-eggs/p/20813711001_EA?source=nspt" class="chakra-linkbox__overlay css-1hnz6hu"><div class="css-0"><p class="chakra-text css-1ecdp9w" data-testid="product-brand">PC Organics</p><h3 class="chakra-heading css-6qrhwc" id="20813711001_EA" data-testid="product-title">Free Range Large Brown Eggs</h3><p class="chakra-text css-1yftjin" data-testid="product-package-size">12 eggs, $0.65/1ea</p></div></a><div class="css-8keand"></div></div><div class="css-1q5omjq"><div class="css-fcebb8"><div data-testid="atc-compact" class="css-y94ivq" style="width: 45px;"><button type="button" class="chakra-button css-mudsm6" data-testid="atc-button"><svg stroke="currentColor" fill="currentColor" stroke-width="0" viewBox="0 0 24 24" focusable="false" class="chakra-icon css-1g3sp7a" data-testid="btn-icon" aria-hidden="true" height="1em" width="1em" xmlns="http://www.w3.org/2000/svg"><path d="M19 13h-6v6h-2v-6H5v-2h6V5h2v6h6v2z"></path></svg><span class="css-idkz9h">Add Free Range Large Brown Eggs to cart</span></button></div></div></div></div></div></div><div class="css-0"><div class="css-f5i5wc"><div class="chakra-linkbox css-vhnn8v"><div data-testid="product-image" class="css-16dr4ly"><img alt="Earths Own Oat Beverage, Chocolate 946 ml, $0.29/100ml" src="https://assets.shop.loblaws.ca/products/21312346/b3/en/front/21312346_front_a06_@2.png" srcset="https://assets.shop.loblaws.ca/products/21312346/b3/en/front/21312346_front_a06_@2.png 1x, https://assets.shop.loblaws.ca/products/21312346/b3/en/front/21312346_front_a06_@2.png 2x" loading="lazy" class="chakra-image css-oguq8l" aria-hidden="true"></div><div class="css-qoklea"><div class="css-12dchmx"></div><div data-testid="price-product-tile" class="css-8atqhb"><p class="chakra-text css-0"><span class="chakra-text css-o93gbd" data-testid="sale-price"><span class="css-idkz9h">$2.79</span>$2.79</span><span class="chakra-text css-623q5h" data-testid="was-price"><span class="css-idkz9h">$3.29</span>$3.29</span></p><p class="chakra-text css-1m5a6y8" data-testid="price-descriptor">SAVE $0.50</p></div><a href="/oat-beverage-chocolate/p/21312346_EA?source=nspt" class="chakra-linkbox__overlay css-1hnz6hu"><div class="css-0"><p class="chakra-text css-1ecdp9w" data-testid="product-brand">Earths Own</p><h3 class="chakra-heading css-6qrhwc" id="21312346_EA" data-testid="product-title">Oat Beverage, Chocolate</h3><p class="chakra-text css-1yftjin" data-testid="product-package-size">946 ml, $0.29/100ml</p></div></a><div class="css-8keand"></div></div><div class="css-1q5omjq"><div class="css-fcebb8"><div data-testid="atc-compact" class="css-y94ivq" style="width: 45px;"><button type="button" class="chakra-button css-mudsm6" data-testid="atc-button"><svg stroke="currentColor" fill="currentColor" stroke-width="0" viewBox="0 0 24 24" focusable="false" class="chakra-icon css-1g3sp7a" data-testid="btn-icon" aria-hidden="true" height="1em" width="1em" xmlns="http://www.w3.org/2000/svg"><path d="M19 13h-6v6h-2v-6H5v-2h6V5h2v6h6v2z"></path></svg><span class="css-idkz9h">Add Oat Beverage, Chocolate to cart</span></button></div></div></div></div></div></div><div class="css-0"><div class="css-f5i5wc"><div class="chakra-linkbox css-vhnn8v"><div data-testid="product-image" class="css-16dr4ly"><img alt="Silk Protein Plant-Based Yogurt, Key Lime Flavoured 500 g, $1.20/100g" src="https://assets.shop.loblaws.ca/products/21588714/b3/en/front/21588714_front_a06_@2.png" srcset="https://assets.shop.loblaws.ca/products/21588714/b3/en/front/21588714_front_a06_@2.png 1x, https://assets.shop.loblaws.ca/products/21588714/b3/en/front/21588714_front_a06_@2.png 2x" loading="lazy" class="chakra-image css-oguq8l" aria-hidden="true"></div><div class="css-qoklea"><div class="css-12dchmx"></div><div data-testid="price-product-tile" class="css-8atqhb"><p class="chakra-text css-0"><span class="chakra-text css-pwnbcb" data-testid="regular-price"><span class="css-idkz9h">$5.99</span>$5.99</span></p></div><a href="/protein-plant-based-yogurt-key-lime-flavoured/p/21588714_EA?source=nspt" class="chakra-linkbox__overlay css-1hnz6hu"><div class="css-0"><p class="chakra-text css-1ecdp9w" data-testid="product-brand">Silk</p><h3 class="chakra-heading css-6qrhwc" id="21588714_EA" data-testid="product-title">Protein Plant-Based Yogurt, Key Lime Flavoured</h3><p class="chakra-text css-1yftjin" data-testid="product-package-size">500 g, $1.20/100g</p></div></a><div class="css-8keand"></div></div><div class="css-1q5omjq"><div class="css-fcebb8"><div data-testid="atc-compact" class="css-y94ivq" style="width: 45px;"><button type="button" class="chakra-button css-mudsm6" data-testid="atc-button"><svg stroke="currentColor" fill="currentColor" stroke-width="0" viewBox="0 0 24 24" focusable="false" class="chakra-icon css-1g3sp7a" data-testid="btn-icon" aria-hidden="true" height="1em" width="1em" xmlns="http://www.w3.org/2000/svg"><path d="M19 13h-6v6h-2v-6H5v-2h6V5h2v6h6v2z"></path></svg><span class="css-idkz9h">Add Protein Plant-Based Yogurt, Key Lime Flavoured to cart</span></button></div></div></div></div></div></div><div class="css-0"><div class="css-f5i5wc"><div class="chakra-linkbox css-vhnn8v"><div data-testid="product-image" class="css-16dr4ly"><img alt="Silk NextMilk Whole Plant-Based Beverage 1.74 l, $0.28/100ml" src="https://assets.shop.loblaws.ca/products/21518871/b3/en/front/21518871_front_a06_@2.png" srcset="https://assets.shop.loblaws.ca/products/21518871/b3/en/front/21518871_front_a06_@2.png 1x, https://assets.shop.loblaws.ca/products/21518871/b3/en/front/21518871_front_a06_@2.png 2x" loading="lazy" class="chakra-image css-oguq8l" aria-hidden="true"></div><div class="css-qoklea"><div class="css-12dchmx"></div><div data-testid="price-product-tile" class="css-8atqhb"><p class="chakra-text css-0"><span class="chakra-text css-pwnbcb" data-testid="regular-price"><span class="css-idkz9h">$4.79</span>$4.79</span></p></div><a href="/nextmilk-whole-plant-based-beverage/p/21518871_EA?source=nspt" class="chakra-linkbox__overlay css-1hnz6hu"><div class="css-0"><p class="chakra-text css-1ecdp9w" data-testid="product-brand">Silk</p><h3 class="chakra-heading css-6qrhwc" id="21518871_EA" data-testid="product-title">NextMilk Whole Plant-Based Beverage</h3><p class="chakra-text css-1yftjin" data-testid="product-package-size">1.74 l, $0.28/100ml</p></div></a><div class="css-8keand"></div></div><div class="css-1q5omjq"><div class="css-fcebb8"><div data-testid="atc-compact" class="css-y94ivq" style="width: 45px;"><button type="button" class="chakra-button css-mudsm6" data-testid="atc-button"><svg stroke="currentColor" fill="currentColor" stroke-width="0" viewBox="0 0 24 24" focusable="false" class="chakra-icon css-1g3sp7a" data-testid="btn-icon" aria-hidden="true" height="1em" width="1em" xmlns="http://www.w3.org/2000/svg"><path d="M19 13h-6v6h-2v-6H5v-2h6V5h2v6h6v2z"></path></svg><span class="css-idkz9h">Add NextMilk Whole Plant-Based Beverage to cart</span></button></div></div><div class="css-4saf4a"><p class="chakra-text css-py8788" data-testid="inventory-badge-text">Low Stock</p></div></div></div></div></div><div class="css-0"><div class="css-f5i5wc"><div class="chakra-linkbox css-vhnn8v"><div data-testid="product-image" class="css-16dr4ly"><img alt="PC Organics Organic Milk 1% 1 l, $0.43/100ml" src="https://assets.shop.loblaws.ca/products/20296180003/b3/en/front/20296180003_front_a06_@2.png" srcset="https://assets.shop.loblaws.ca/products/20296180003/b3/en/front/20296180003_front_a06_@2.png 1x, https://assets.shop.loblaws.ca/products/20296180003/b3/en/front/20296180003_front_a06_@2.png 2x" loading="lazy" class="chakra-image css-oguq8l" aria-hidden="true"></div><div class="css-qoklea"><div class="css-12dchmx"></div><div data-testid="price-product-tile" class="css-8atqhb"><p class="chakra-text css-0"><span class="chakra-text css-pwnbcb" data-testid="regular-price"><span class="css-idkz9h">$4.29</span>$4.29</span></p></div><a href="/organic-milk-1/p/20296180003_EA?source=nspt" class="chakra-linkbox__overlay css-1hnz6hu"><div class="css-0"><p class="chakra-text css-1ecdp9w" data-testid="product-brand">PC Organics</p><h3 class="chakra-heading css-6qrhwc" id="20296180003_EA" data-testid="product-title">Organic Milk 1%</h3><p class="chakra-text css-1yftjin" data-testid="product-package-size">1 l, $0.43/100ml</p></div></a><div class="css-8keand"></div></div><div class="css-1q5omjq"><div class="css-fcebb8"><div data-testid="atc-compact" class="css-y94ivq" style="width: 45px;"><button type="button" class="chakra-button css-mudsm6" data-testid="atc-button"><svg stroke="currentColor" fill="currentColor" stroke-width="0" viewBox="0 0 24 24" focusable="false" class="chakra-icon css-1g3sp7a" data-testid="btn-icon" aria-hidden="true" height="1em" width="1em" xmlns="http://www.w3.org/2000/svg"><path d="M19 13h-6v6h-2v-6H5v-2h6V5h2v6h6v2z"></path></svg><span class="css-idkz9h">Add Organic Milk 1% to cart</span></button></div></div></div></div></div></div><div class="css-0"><div class="css-f5i5wc"><div class="chakra-linkbox css-vhnn8v"><div data-testid="product-image" class="css-16dr4ly"><img alt="Silk Almond Plant Based Yogurt, Plain, Unsweetened, Dairy-Free 640 g, $0.94/100g" src="https://assets.shop.loblaws.ca/products/21245214/b3/en/front/21245214_front_a06_@2.png" srcset="https://assets.shop.loblaws.ca/products/21245214/b3/en/front/21245214_front_a06_@2.png 1x, https://assets.shop.loblaws.ca/products/21245214/b3/en/front/21245214_front_a06_@2.png 2x" loading="lazy" class="chakra-image css-oguq8l" aria-hidden="true"></div><div class="css-qoklea"><div class="css-12dchmx"></div><div data-testid="price-product-tile" class="css-8atqhb"><p class="chakra-text css-0"><span class="chakra-text css-pwnbcb" data-testid="regular-price"><span class="css-idkz9h">$5.99</span>$5.99</span></p></div><a href="/almond-plant-based-yogurt-plain-unsweetened-dairy/p/21245214_EA?source=nspt" class="chakra-linkbox__overlay css-1hnz6hu"><div class="css-0"><p class="chakra-text css-1ecdp9w" data-testid="product-brand">Silk</p><h3 class="chakra-heading css-6qrhwc" id="21245214_EA" data-testid="product-title">Almond Plant Based Yogurt, Plain, Unsweetened, Dairy-Free</h3><p class="chakra-text css-1yftjin" data-testid="product-package-size">640 g, $0.94/100g</p></div></a><div class="css-8keand"></div></div><div class="css-1q5omjq"><div class="css-fcebb8"><div data-testid="atc-compact" class="css-y94ivq" style="width: 45px;"><button type="button" class="chakra-button css-mudsm6" data-testid="atc-button"><svg stroke="currentColor" fill="currentColor" stroke-width="0" viewBox="0 0 24 24" focusable="false" class="chakra-icon css-1g3sp7a" data-testid="btn-icon" aria-hidden="true" height="1em" width="1em" xmlns="http://www.w3.org/2000/svg"><path d="M19 13h-6v6h-2v-6H5v-2h6V5h2v6h6v2z"></path></svg><span class="css-idkz9h">Add Almond Plant Based Yogurt, Plain, Unsweetened, Dairy-Free to cart</span></button></div></div><div class="css-4saf4a"><p class="chakra-text css-py8788" data-testid="inventory-badge-text">Low Stock</p></div></div></div></div></div><div class="css-0"><div class="css-f5i5wc"><div class="chakra-linkbox css-vhnn8v"><div data-testid="product-image" class="css-16dr4ly"><img alt="Riviera Vegan Yogurt, Vanilla Coconut 650 g, $1.00/100g" src="https://assets.shop.loblaws.ca/products/21184636/b3/en/front/21184636_front_a06_@2.png" srcset="https://assets.shop.loblaws.ca/products/21184636/b3/en/front/21184636_front_a06_@2.png 1x, https://assets.shop.loblaws.ca/products/21184636/b3/en/front/21184636_front_a06_@2.png 2x" loading="lazy" class="chakra-image css-oguq8l" aria-hidden="true"></div><div class="css-qoklea"><div class="css-12dchmx"></div><div data-testid="price-product-tile" class="css-8atqhb"><p class="chakra-text css-0"><span class="chakra-text css-pwnbcb" data-testid="regular-price"><span class="css-idkz9h">$6.49</span>$6.49</span></p></div><a href="/vegan-yogurt-vanilla-coconut/p/21184636_EA?source=nspt" class="chakra-linkbox__overlay css-1hnz6hu"><div class="css-0"><p class="chakra-text css-1ecdp9w" data-testid="product-brand">Riviera</p><h3 class="chakra-heading css-6qrhwc" id="21184636_EA" data-testid="product-title">Vegan Yogurt, Vanilla Coconut</h3><p class="chakra-text css-1yftjin" data-testid="product-package-size">650 g, $1.00/100g</p></div></a><div class="css-8keand"></div></div><div class="css-1q5omjq"><div class="css-fcebb8"><div data-testid="atc-compact" class="css-y94ivq" style="width: 45px;"><button type="button" class="chakra-button css-mudsm6" data-testid="atc-button"><svg stroke="currentColor" fill="currentColor" stroke-width="0" viewBox="0 0 24 24" focusable="false" class="chakra-icon css-1g3sp7a" data-testid="btn-icon" aria-hidden="true" height="1em" width="1em" xmlns="http://www.w3.org/2000/svg"><path d="M19 13h-6v6h-2v-6H5v-2h6V5h2v6h6v2z"></path></svg><span class="css-idkz9h">Add Vegan Yogurt, Vanilla Coconut to cart</span></button></div></div></div></div></div></div><div class="css-0"><div class="css-f5i5wc"><div class="chakra-linkbox css-vhnn8v"><div data-testid="product-image" class="css-16dr4ly"><img alt="Silk Soy Beverage, Chocolate Flavour, Dairy-Free 1.89 l, $0.25/100ml" src="https://assets.shop.loblaws.ca/products/20124384003/b3/en/front/20124384003_front_a06_@2.png" srcset="https://assets.shop.loblaws.ca/products/20124384003/b3/en/front/20124384003_front_a06_@2.png 1x, https://assets.shop.loblaws.ca/products/20124384003/b3/en/front/20124384003_front_a06_@2.png 2x" loading="lazy" class="chakra-image css-oguq8l" aria-hidden="true"></div><div class="css-qoklea"><div class="css-12dchmx"></div><div data-testid="price-product-tile" class="css-8atqhb"><p class="chakra-text css-0"><span class="chakra-text css-pwnbcb" data-testid="regular-price"><span class="css-idkz9h">$4.79</span>$4.79</span></p></div><a href="/soy-beverage-chocolate-flavour-dairy-free/p/20124384003_EA?source=nspt" class="chakra-linkbox__overlay css-1hnz6hu"><div class="css-0"><p class="chakra-text css-1ecdp9w" data-testid="product-brand">Silk</p><h3 class="chakra-heading css-6qrhwc" id="20124384003_EA" data-testid="product-title">Soy Beverage, Chocolate Flavour, Dairy-Free</h3><p class="chakra-text css-1yftjin" data-testid="product-package-size">1.89 l, $0.25/100ml</p></div></a><div class="css-8keand"></div></div><div class="css-1q5omjq"><div class="css-fcebb8"><div data-testid="atc-compact" class="css-y94ivq" style="width: 45px;"><button type="button" class="chakra-button css-mudsm6" data-testid="atc-button"><svg stroke="currentColor" fill="currentColor" stroke-width="0" viewBox="0 0 24 24" focusable="false" class="chakra-icon css-1g3sp7a" data-testid="btn-icon" aria-hidden="true" height="1em" width="1em" xmlns="http://www.w3.org/2000/svg"><path d="M19 13h-6v6h-2v-6H5v-2h6V5h2v6h6v2z"></path></svg><span class="css-idkz9h">Add Soy Beverage, Chocolate Flavour, Dairy-Free to cart</span></button></div></div></div></div></div></div><div class="css-0"><div class="css-f5i5wc"><div class="chakra-linkbox css-vhnn8v"><div data-testid="product-image" class="css-16dr4ly"><img alt="Silk Vanilla Protein Plant-Based Yogurt 500 g, $1.20/100g" src="https://assets.shop.loblaws.ca/products/21588707/b3/en/front/21588707_front_a06_@2.png" srcset="https://assets.shop.loblaws.ca/products/21588707/b3/en/front/21588707_front_a06_@2.png 1x, https://assets.shop.loblaws.ca/products/21588707/b3/en/front/21588707_front_a06_@2.png 2x" loading="lazy" class="chakra-image css-oguq8l" aria-hidden="true"></div><div class="css-qoklea"><div class="css-12dchmx"></div><div data-testid="price-product-tile" class="css-8atqhb"><p class="chakra-text css-0"><span class="chakra-text css-pwnbcb" data-testid="regular-price"><span class="css-idkz9h">$5.99</span>$5.99</span></p></div><a href="/vanilla-protein-plant-based-yogurt/p/21588707_EA?source=nspt" class="chakra-linkbox__overlay css-1hnz6hu"><div class="css-0"><p class="chakra-text css-1ecdp9w" data-testid="product-brand">Silk</p><h3 class="chakra-heading css-6qrhwc" id="21588707_EA" data-testid="product-title">Vanilla Protein Plant-Based Yogurt</h3><p class="chakra-text css-1yftjin" data-testid="product-package-size">500 g, $1.20/100g</p></div></a><div class="css-8keand"></div></div><div class="css-1q5omjq"><div class="css-fcebb8"><div data-testid="atc-compact" class="css-y94ivq" style="width: 45px;"><button type="button" class="chakra-button css-mudsm6" data-testid="atc-button"><svg stroke="currentColor" fill="currentColor" stroke-width="0" viewBox="0 0 24 24" focusable="false" class="chakra-icon css-1g3sp7a" data-testid="btn-icon" aria-hidden="true" height="1em" width="1em" xmlns="http://www.w3.org/2000/svg"><path d="M19 13h-6v6h-2v-6H5v-2h6V5h2v6h6v2z"></path></svg><span class="css-idkz9h">Add Vanilla Protein Plant-Based Yogurt to cart</span></button></div></div><div class="css-4saf4a"><p class="chakra-text css-py8788" data-testid="inventory-badge-text">Low Stock</p></div></div></div></div></div><div class="css-0"><div class="css-f5i5wc"><div class="chakra-linkbox css-vhnn8v"><div data-testid="product-image" class="css-16dr4ly"><img alt="PC Organics Organic Partly Skimmed 1% Milk 2 l, $0.36/100ml" src="https://assets.shop.loblaws.ca/products/20354536/b3/en/front/20354536_front_a06_@2.png" srcset="https://assets.shop.loblaws.ca/products/20354536/b3/en/front/20354536_front_a06_@2.png 1x, https://assets.shop.loblaws.ca/products/20354536/b3/en/front/20354536_front_a06_@2.png 2x" loading="lazy" class="chakra-image css-oguq8l" aria-hidden="true"></div><div class="css-qoklea"><div class="css-12dchmx"></div><div data-testid="price-product-tile" class="css-8atqhb"><p class="chakra-text css-0"><span class="chakra-text css-pwnbcb" data-testid="regular-price"><span class="css-idkz9h">$7.14</span>$7.14</span></p></div><a href="/organic-partly-skimmed-1-milk/p/20354536_EA?source=nspt" class="chakra-linkbox__overlay css-1hnz6hu"><div class="css-0"><p class="chakra-text css-1ecdp9w" data-testid="product-brand">PC Organics</p><h3 class="chakra-heading css-6qrhwc" id="20354536_EA" data-testid="product-title">Organic Partly Skimmed 1% Milk</h3><p class="chakra-text css-1yftjin" data-testid="product-package-size">2 l, $0.36/100ml</p></div></a><div class="css-8keand"></div></div><div class="css-1q5omjq"><div class="css-fcebb8"><div data-testid="atc-compact" class="css-y94ivq" style="width: 45px;"><button type="button" class="chakra-button css-mudsm6" data-testid="atc-button"><svg stroke="currentColor" fill="currentColor" stroke-width="0" viewBox="0 0 24 24" focusable="false" class="chakra-icon css-1g3sp7a" data-testid="btn-icon" aria-hidden="true" height="1em" width="1em" xmlns="http://www.w3.org/2000/svg"><path d="M19 13h-6v6h-2v-6H5v-2h6V5h2v6h6v2z"></path></svg><span class="css-idkz9h">Add Organic Partly Skimmed 1% Milk to cart</span></button></div></div></div></div></div></div><div class="css-0"><div class="css-f5i5wc"><div class="chakra-linkbox css-vhnn8v"><div data-testid="product-image" class="css-16dr4ly"><img alt="Blue Diamond Almond Breeze, Unsweetened Vanilla 946 ml, $0.37/100ml" src="https://assets.shop.loblaws.ca/products/20264273/b3/en/front/20264273_front_a06_@2.png" srcset="https://assets.shop.loblaws.ca/products/20264273/b3/en/front/20264273_front_a06_@2.png 1x, https://assets.shop.loblaws.ca/products/20264273/b3/en/front/20264273_front_a06_@2.png 2x" loading="lazy" class="chakra-image css-oguq8l" aria-hidden="true"></div><div class="css-qoklea"><div class="css-12dchmx"></div><div data-testid="price-product-tile" class="css-8atqhb"><p class="chakra-text css-0"><span class="chakra-text css-pwnbcb" data-testid="regular-price"><span class="css-idkz9h">$3.49</span>$3.49</span></p></div><a href="/almond-breeze-unsweetened-vanilla/p/20264273_EA?source=nspt" class="chakra-linkbox__overlay css-1hnz6hu"><div class="css-0"><p class="chakra-text css-1ecdp9w" data-testid="product-brand">Blue Diamond</p><h3 class="chakra-heading css-6qrhwc" id="20264273_EA" data-testid="product-title">Almond Breeze, Unsweetened Vanilla</h3><p class="chakra-text css-1yftjin" data-testid="product-package-size">946 ml, $0.37/100ml</p></div></a><div class="css-8keand"></div></div><div class="css-1q5omjq"><div class="css-fcebb8"><div data-testid="atc-compact" class="css-y94ivq" style="width: 45px;"><button type="button" class="chakra-button css-mudsm6" data-testid="atc-button"><svg stroke="currentColor" fill="currentColor" stroke-width="0" viewBox="0 0 24 24" focusable="false" class="chakra-icon css-1g3sp7a" data-testid="btn-icon" aria-hidden="true" height="1em" width="1em" xmlns="http://www.w3.org/2000/svg"><path d="M19 13h-6v6h-2v-6H5v-2h6V5h2v6h6v2z"></path></svg><span class="css-idkz9h">Add Almond Breeze, Unsweetened Vanilla to cart</span></button></div></div></div></div></div></div><div class="css-0"><div class="css-f5i5wc"><div class="chakra-linkbox css-vhnn8v"><div data-testid="product-image" class="css-16dr4ly"><img alt="PC Organics Extra Large Size Free-Range Brown Eggs 12 eggs, $0.67/1ea" src="https://assets.shop.loblaws.ca/products/20813389001/b3/en/front/20813389001_front_a06_@2.png" srcset="https://assets.shop.loblaws.ca/products/20813389001/b3/en/front/20813389001_front_a06_@2.png 1x, https://assets.shop.loblaws.ca/products/20813389001/b3/en/front/20813389001_front_a06_@2.png 2x" loading="lazy" class="chakra-image css-oguq8l" aria-hidden="true"></div><div class="css-qoklea"><div class="css-12dchmx"></div><div data-testid="price-product-tile" class="css-8atqhb"><p class="chakra-text css-0"><span class="chakra-text css-pwnbcb" data-testid="regular-price"><span class="css-idkz9h">$8.08</span>$8.08</span></p></div><a href="/extra-large-size-free-range-brown-eggs/p/20813389001_EA?source=nspt" class="chakra-linkbox__overlay css-1hnz6hu"><div class="css-0"><p class="chakra-text css-1ecdp9w" data-testid="product-brand">PC Organics</p><h3 class="chakra-heading css-6qrhwc" id="20813389001_EA" data-testid="product-title">Extra Large Size Free-Range Brown Eggs</h3><p class="chakra-text css-1yftjin" data-testid="product-package-size">12 eggs, $0.67/1ea</p></div></a><div class="css-8keand"></div></div><div class="css-1q5omjq"><div class="css-fcebb8"><div data-testid="atc-compact" class="css-y94ivq" style="width: 45px;"><button disabled="" type="button" class="chakra-button css-mudsm6" data-testid="atc-button"><svg stroke="currentColor" fill="currentColor" stroke-width="0" viewBox="0 0 24 24" focusable="false" class="chakra-icon css-1g3sp7a" data-testid="btn-icon" aria-hidden="true" height="1em" width="1em" xmlns="http://www.w3.org/2000/svg"><path d="M19 13h-6v6h-2v-6H5v-2h6V5h2v6h6v2z"></path></svg><span class="css-idkz9h">Add Extra Large Size Free-Range Brown Eggs to cart</span></button></div></div><div class="css-4saf4a"><p class="chakra-text css-py8788" data-testid="inventory-badge-text">Out of Stock</p></div></div></div></div></div><div class="css-0"><div class="css-f5i5wc"><div class="chakra-linkbox css-vhnn8v"><div data-testid="product-image" class="css-16dr4ly"><img alt="PC Organics Organics Unsalted Butter Churned 250 g, $2.60/100g" src="https://assets.shop.loblaws.ca/products/21588696/b3/en/front/21588696_front_a06_@2.png" srcset="https://assets.shop.loblaws.ca/products/21588696/b3/en/front/21588696_front_a06_@2.png 1x, https://assets.shop.loblaws.ca/products/21588696/b3/en/front/21588696_front_a06_@2.png 2x" loading="lazy" class="chakra-image css-oguq8l" aria-hidden="true"></div><div class="css-qoklea"><div class="css-12dchmx"></div><div data-testid="price-product-tile" class="css-8atqhb"><p class="chakra-text css-0"><span class="chakra-text css-pwnbcb" data-testid="regular-price"><span class="css-idkz9h">$6.49</span>$6.49</span></p></div><a href="/organics-unsalted-butter-churned/p/21588696_EA?source=nspt" class="chakra-linkbox__overlay css-1hnz6hu"><div class="css-0"><p class="chakra-text css-1ecdp9w" data-testid="product-brand">PC Organics</p><h3 class="chakra-heading css-6qrhwc" id="21588696_EA" data-testid="product-title">Organics Unsalted Butter Churned</h3><p class="chakra-text css-1yftjin" data-testid="product-package-size">250 g, $2.60/100g</p></div></a><div class="css-8keand"></div></div><div class="css-1q5omjq"><div class="css-fcebb8"><div data-testid="atc-compact" class="css-y94ivq" style="width: 45px;"><button type="button" class="chakra-button css-mudsm6" data-testid="atc-button"><svg stroke="currentColor" fill="currentColor" stroke-width="0" viewBox="0 0 24 24" focusable="false" class="chakra-icon css-1g3sp7a" data-testid="btn-icon" aria-hidden="true" height="1em" width="1em" xmlns="http://www.w3.org/2000/svg"><path d="M19 13h-6v6h-2v-6H5v-2h6V5h2v6h6v2z"></path></svg><span class="css-idkz9h">Add Organics Unsalted Butter Churned to cart</span></button></div></div></div></div></div></div><div class="css-0"><div class="css-f5i5wc"><div class="chakra-linkbox css-vhnn8v"><div data-testid="product-image" class="css-16dr4ly"><img alt="Riviera Oat Based Vegan Delight Plain 650 g, $1.00/100g" src="https://assets.shop.loblaws.ca/products/21497497/b3/en/front/21497497_front_a06_@2.png" srcset="https://assets.shop.loblaws.ca/products/21497497/b3/en/front/21497497_front_a06_@2.png 1x, https://assets.shop.loblaws.ca/products/21497497/b3/en/front/21497497_front_a06_@2.png 2x" loading="lazy" class="chakra-image css-oguq8l" aria-hidden="true"></div><div class="css-qoklea"><div class="css-12dchmx"></div><div data-testid="price-product-tile" class="css-8atqhb"><p class="chakra-text css-0"><span class="chakra-text css-pwnbcb" data-testid="regular-price"><span class="css-idkz9h">$6.49</span>$6.49</span></p></div><a href="/oat-based-vegan-delight-plain/p/21497497_EA?source=nspt" class="chakra-linkbox__overlay css-1hnz6hu"><div class="css-0"><p class="chakra-text css-1ecdp9w" data-testid="product-brand">Riviera</p><h3 class="chakra-heading css-6qrhwc" id="21497497_EA" data-testid="product-title">Oat Based Vegan Delight Plain</h3><p class="chakra-text css-1yftjin" data-testid="product-package-size">650 g, $1.00/100g</p></div></a><div class="css-8keand"></div></div><div class="css-1q5omjq"><div class="css-fcebb8"><div data-testid="atc-compact" class="css-y94ivq" style="width: 45px;"><button type="button" class="chakra-button css-mudsm6" data-testid="atc-button"><svg stroke="currentColor" fill="currentColor" stroke-width="0" viewBox="0 0 24 24" focusable="false" class="chakra-icon css-1g3sp7a" data-testid="btn-icon" aria-hidden="true" height="1em" width="1em" xmlns="http://www.w3.org/2000/svg"><path d="M19 13h-6v6h-2v-6H5v-2h6V5h2v6h6v2z"></path></svg><span class="css-idkz9h">Add Oat Based Vegan Delight Plain to cart</span></button></div></div><div class="css-4saf4a"><p class="chakra-text css-py8788" data-testid="inventory-badge-text">Low Stock</p></div></div></div></div></div><div class="css-0"><div class="css-f5i5wc"><div class="chakra-linkbox css-vhnn8v"><div data-testid="product-image" class="css-16dr4ly"><img alt="Silk Plant-Based Coconut Yogurt Unsweetened Plain 650 g, $0.92/100g" src="https://assets.shop.loblaws.ca/products/21588784/b3/en/front/21588784_front_a06_@2.png" srcset="https://assets.shop.loblaws.ca/products/21588784/b3/en/front/21588784_front_a06_@2.png 1x, https://assets.shop.loblaws.ca/products/21588784/b3/en/front/21588784_front_a06_@2.png 2x" loading="lazy" class="chakra-image css-oguq8l" aria-hidden="true"></div><div class="css-qoklea"><div class="css-12dchmx"></div><div data-testid="price-product-tile" class="css-8atqhb"><p class="chakra-text css-0"><span class="chakra-text css-pwnbcb" data-testid="regular-price"><span class="css-idkz9h">$5.99</span>$5.99</span></p></div><a href="/plant-based-coconut-yogurt-unsweetened-plain/p/21588784_EA?source=nspt" class="chakra-linkbox__overlay css-1hnz6hu"><div class="css-0"><p class="chakra-text css-1ecdp9w" data-testid="product-brand">Silk</p><h3 class="chakra-heading css-6qrhwc" id="21588784_EA" data-testid="product-title">Plant-Based Coconut Yogurt Unsweetened Plain</h3><p class="chakra-text css-1yftjin" data-testid="product-package-size">650 g, $0.92/100g</p></div></a><div class="css-8keand"></div></div><div class="css-1q5omjq"><div class="css-fcebb8"><div data-testid="atc-compact" class="css-y94ivq" style="width: 45px;"><button type="button" class="chakra-button css-mudsm6" data-testid="atc-button"><svg stroke="currentColor" fill="currentColor" stroke-width="0" viewBox="0 0 24 24" focusable="false" class="chakra-icon css-1g3sp7a" data-testid="btn-icon" aria-hidden="true" height="1em" width="1em" xmlns="http://www.w3.org/2000/svg"><path d="M19 13h-6v6h-2v-6H5v-2h6V5h2v6h6v2z"></path></svg><span class="css-idkz9h">Add Plant-Based Coconut Yogurt Unsweetened Plain to cart</span></button></div></div></div></div></div></div><div class="css-0"><div class="css-f5i5wc"><div class="chakra-linkbox css-vhnn8v"><div data-testid="product-image" class="css-16dr4ly"><img alt="PC Organics Organic Cheese, Marble Cheddar 200 g, $3.50/100g" src="https://assets.shop.loblaws.ca/products/20320775001/b3/en/front/20320775001_front_a06_@2.png" srcset="https://assets.shop.loblaws.ca/products/20320775001/b3/en/front/20320775001_front_a06_@2.png 1x, https://assets.shop.loblaws.ca/products/20320775001/b3/en/front/20320775001_front_a06_@2.png 2x" loading="lazy" class="chakra-image css-oguq8l" aria-hidden="true"></div><div class="css-qoklea"><div class="css-12dchmx"></div><div data-testid="price-product-tile" class="css-8atqhb"><p class="chakra-text css-0"><span class="chakra-text css-pwnbcb" data-testid="regular-price"><span class="css-idkz9h">$6.99</span>$6.99</span></p></div><a href="/organic-cheese-marble-cheddar/p/20320775001_EA?source=nspt" class="chakra-linkbox__overlay css-1hnz6hu"><div class="css-0"><p class="chakra-text css-1ecdp9w" data-testid="product-brand">PC Organics</p><h3 class="chakra-heading css-6qrhwc" id="20320775001_EA" data-testid="product-title">Organic Cheese, Marble Cheddar</h3><p class="chakra-text css-1yftjin" data-testid="product-package-size">200 g, $3.50/100g</p></div></a><div class="css-8keand"></div></div><div class="css-1q5omjq"><div class="css-fcebb8"><div data-testid="atc-compact" class="css-y94ivq" style="width: 45px;"><button type="button" class="chakra-button css-mudsm6" data-testid="atc-button"><svg stroke="currentColor" fill="currentColor" stroke-width="0" viewBox="0 0 24 24" focusable="false" class="chakra-icon css-1g3sp7a" data-testid="btn-icon" aria-hidden="true" height="1em" width="1em" xmlns="http://www.w3.org/2000/svg"><path d="M19 13h-6v6h-2v-6H5v-2h6V5h2v6h6v2z"></path></svg><span class="css-idkz9h">Add Organic Cheese, Marble Cheddar to cart</span></button></div></div></div></div></div></div><div class="css-0"><div class="css-f5i5wc"><div class="chakra-linkbox css-vhnn8v"><div data-testid="product-image" class="css-16dr4ly"><img alt="PC Organics Dairy-Free Coconut Milk Kefir 1000 ml, $0.65/100ml" src="https://assets.shop.loblaws.ca/products/21105766/b3/en/front/21105766_front_a06_@2.png" srcset="https://assets.shop.loblaws.ca/products/21105766/b3/en/front/21105766_front_a06_@2.png 1x, https://assets.shop.loblaws.ca/products/21105766/b3/en/front/21105766_front_a06_@2.png 2x" loading="lazy" class="chakra-image css-oguq8l" aria-hidden="true"></div><div class="css-qoklea"><div class="css-12dchmx"></div><div data-testid="price-product-tile" class="css-8atqhb"><p class="chakra-text css-0"><span class="chakra-text css-pwnbcb" data-testid="regular-price"><span class="css-idkz9h">$6.49</span>$6.49</span></p></div><a href="/dairy-free-coconut-milk-kefir/p/21105766_EA?source=nspt" class="chakra-linkbox__overlay css-1hnz6hu"><div class="css-0"><p class="chakra-text css-1ecdp9w" data-testid="product-brand">PC Organics</p><h3 class="chakra-heading css-6qrhwc" id="21105766_EA" data-testid="product-title">Dairy-Free Coconut Milk Kefir</h3><p class="chakra-text css-1yftjin" data-testid="product-package-size">1000 ml, $0.65/100ml</p></div></a><div class="css-8keand"></div></div><div class="css-1q5omjq"><div class="css-fcebb8"><div data-testid="atc-compact" class="css-y94ivq" style="width: 45px;"><button type="button" class="chakra-button css-mudsm6" data-testid="atc-button"><svg stroke="currentColor" fill="currentColor" stroke-width="0" viewBox="0 0 24 24" focusable="false" class="chakra-icon css-1g3sp7a" data-testid="btn-icon" aria-hidden="true" height="1em" width="1em" xmlns="http://www.w3.org/2000/svg"><path d="M19 13h-6v6h-2v-6H5v-2h6V5h2v6h6v2z"></path></svg><span class="css-idkz9h">Add Dairy-Free Coconut Milk Kefir to cart</span></button></div></div></div></div></div></div><div class="css-0"><div class="css-f5i5wc"><div class="chakra-linkbox css-vhnn8v"><div data-testid="product-image" class="css-16dr4ly"><img alt="Silk Dairy Free Plant Based Almond Yogurt, Vanilla Flavour 640 g, $0.94/100g" src="https://assets.shop.loblaws.ca/products/21196118/b3/en/front/21196118_front_a06_@2.png" srcset="https://assets.shop.loblaws.ca/products/21196118/b3/en/front/21196118_front_a06_@2.png 1x, https://assets.shop.loblaws.ca/products/21196118/b3/en/front/21196118_front_a06_@2.png 2x" loading="lazy" class="chakra-image css-oguq8l" aria-hidden="true"></div><div class="css-qoklea"><div class="css-12dchmx"></div><div data-testid="price-product-tile" class="css-8atqhb"><p class="chakra-text css-0"><span class="chakra-text css-pwnbcb" data-testid="regular-price"><span class="css-idkz9h">$5.99</span>$5.99</span></p></div><a href="/dairy-free-plant-based-almond-yogurt-vanilla-flavo/p/21196118_EA?source=nspt" class="chakra-linkbox__overlay css-1hnz6hu"><div class="css-0"><p class="chakra-text css-1ecdp9w" data-testid="product-brand">Silk</p><h3 class="chakra-heading css-6qrhwc" id="21196118_EA" data-testid="product-title">Dairy Free Plant Based Almond Yogurt, Vanilla Flavour</h3><p class="chakra-text css-1yftjin" data-testid="product-package-size">640 g, $0.94/100g</p></div></a><div class="css-8keand"></div></div><div class="css-1q5omjq"><div class="css-fcebb8"><div data-testid="atc-compact" class="css-y94ivq" style="width: 45px;"><button type="button" class="chakra-button css-mudsm6" data-testid="atc-button"><svg stroke="currentColor" fill="currentColor" stroke-width="0" viewBox="0 0 24 24" focusable="false" class="chakra-icon css-1g3sp7a" data-testid="btn-icon" aria-hidden="true" height="1em" width="1em" xmlns="http://www.w3.org/2000/svg"><path d="M19 13h-6v6h-2v-6H5v-2h6V5h2v6h6v2z"></path></svg><span class="css-idkz9h">Add Dairy Free Plant Based Almond Yogurt, Vanilla Flavour to cart</span></button></div></div></div></div></div></div><div class="css-0"><div class="css-f5i5wc"><div class="chakra-linkbox css-vhnn8v"><div data-testid="product-image" class="css-16dr4ly"><img alt="Blue Diamond Almond Breeze, Vanilla 946 ml, $0.37/100ml" src="https://assets.shop.loblaws.ca/products/20107219001/b3/en/front/20107219001_front_a06_@2.png" srcset="https://assets.shop.loblaws.ca/products/20107219001/b3/en/front/20107219001_front_a06_@2.png 1x, https://assets.shop.loblaws.ca/products/20107219001/b3/en/front/20107219001_front_a06_@2.png 2x" loading="lazy" class="chakra-image css-oguq8l" aria-hidden="true"></div><div class="css-qoklea"><div class="css-12dchmx"></div><div data-testid="price-product-tile" class="css-8atqhb"><p class="chakra-text css-0"><span class="chakra-text css-pwnbcb" data-testid="regular-price"><span class="css-idkz9h">$3.49</span>$3.49</span></p></div><a href="/almond-breeze-vanilla/p/20107219001_EA?source=nspt" class="chakra-linkbox__overlay css-1hnz6hu"><div class="css-0"><p class="chakra-text css-1ecdp9w" data-testid="product-brand">Blue Diamond</p><h3 class="chakra-heading css-6qrhwc" id="20107219001_EA" data-testid="product-title">Almond Breeze, Vanilla</h3><p class="chakra-text css-1yftjin" data-testid="product-package-size">946 ml, $0.37/100ml</p></div></a><div class="css-8keand"></div></div><div class="css-1q5omjq"><div class="css-fcebb8"><div data-testid="atc-compact" class="css-y94ivq" style="width: 45px;"><button type="button" class="chakra-button css-mudsm6" data-testid="atc-button"><svg stroke="currentColor" fill="currentColor" stroke-width="0" viewBox="0 0 24 24" focusable="false" class="chakra-icon css-1g3sp7a" data-testid="btn-icon" aria-hidden="true" height="1em" width="1em" xmlns="http://www.w3.org/2000/svg"><path d="M19 13h-6v6h-2v-6H5v-2h6V5h2v6h6v2z"></path></svg><span class="css-idkz9h">Add Almond Breeze, Vanilla to cart</span></button></div></div></div></div></div></div><div class="css-0"><div class="css-f5i5wc"><div class="chakra-linkbox css-vhnn8v"><div data-testid="product-image" class="css-16dr4ly"><img alt="So Fresh Oat Beverage, Vanilla 946 ml, $0.29/100ml" src="https://assets.shop.loblaws.ca/products/21108254/b3/en/front/21108254_front_a06_@2.png" srcset="https://assets.shop.loblaws.ca/products/21108254/b3/en/front/21108254_front_a06_@2.png 1x, https://assets.shop.loblaws.ca/products/21108254/b3/en/front/21108254_front_a06_@2.png 2x" loading="lazy" class="chakra-image css-oguq8l" aria-hidden="true"></div><div class="css-qoklea"><div class="css-12dchmx"></div><div data-testid="price-product-tile" class="css-8atqhb"><p class="chakra-text css-0"><span class="chakra-text css-o93gbd" data-testid="sale-price"><span class="css-idkz9h">$2.79</span>$2.79</span><span class="chakra-text css-623q5h" data-testid="was-price"><span class="css-idkz9h">$3.29</span>$3.29</span></p><p class="chakra-text css-1m5a6y8" data-testid="price-descriptor">SAVE $0.50</p></div><a href="/oat-beverage-vanilla/p/21108254_EA?source=nspt" class="chakra-linkbox__overlay css-1hnz6hu"><div class="css-0"><p class="chakra-text css-1ecdp9w" data-testid="product-brand">So Fresh</p><h3 class="chakra-heading css-6qrhwc" id="21108254_EA" data-testid="product-title">Oat Beverage, Vanilla</h3><p class="chakra-text css-1yftjin" data-testid="product-package-size">946 ml, $0.29/100ml</p></div></a><div class="css-8keand"></div></div><div class="css-1q5omjq"><div class="css-fcebb8"><div data-testid="atc-compact" class="css-y94ivq" style="width: 45px;"><button type="button" class="chakra-button css-mudsm6" data-testid="atc-button"><svg stroke="currentColor" fill="currentColor" stroke-width="0" viewBox="0 0 24 24" focusable="false" class="chakra-icon css-1g3sp7a" data-testid="btn-icon" aria-hidden="true" height="1em" width="1em" xmlns="http://www.w3.org/2000/svg"><path d="M19 13h-6v6h-2v-6H5v-2h6V5h2v6h6v2z"></path></svg><span class="css-idkz9h">Add Oat Beverage, Vanilla to cart</span></button></div></div></div></div></div></div><div class="css-0"><div class="css-f5i5wc"><div class="chakra-linkbox css-vhnn8v"><div data-testid="product-image" class="css-16dr4ly"><img alt="PC Organics Organic Skim Milk 4 l, $0.25/100ml" src="https://assets.shop.loblaws.ca/products/20308534001/b3/en/front/20308534001_front_a06_@2.png" srcset="https://assets.shop.loblaws.ca/products/20308534001/b3/en/front/20308534001_front_a06_@2.png 1x, https://assets.shop.loblaws.ca/products/20308534001/b3/en/front/20308534001_front_a06_@2.png 2x" loading="lazy" class="chakra-image css-oguq8l" aria-hidden="true"></div><div class="css-qoklea"><div class="css-12dchmx"></div><div data-testid="price-product-tile" class="css-8atqhb"><p class="chakra-text css-0"><span class="chakra-text css-pwnbcb" data-testid="regular-price"><span class="css-idkz9h">$10.19</span>$10.19</span></p></div><a href="/organic-skim-milk/p/20308534001_EA?source=nspt" class="chakra-linkbox__overlay css-1hnz6hu"><div class="css-0"><p class="chakra-text css-1ecdp9w" data-testid="product-brand">PC Organics</p><h3 class="chakra-heading css-6qrhwc" id="20308534001_EA" data-testid="product-title">Organic Skim Milk</h3><p class="chakra-text css-1yftjin" data-testid="product-package-size">4 l, $0.25/100ml</p></div></a><div class="css-8keand"></div></div><div class="css-1q5omjq"><div class="css-fcebb8"><div data-testid="atc-compact" class="css-y94ivq" style="width: 45px;"><button type="button" class="chakra-button css-mudsm6" data-testid="atc-button"><svg stroke="currentColor" fill="currentColor" stroke-width="0" viewBox="0 0 24 24" focusable="false" class="chakra-icon css-1g3sp7a" data-testid="btn-icon" aria-hidden="true" height="1em" width="1em" xmlns="http://www.w3.org/2000/svg"><path d="M19 13h-6v6h-2v-6H5v-2h6V5h2v6h6v2z"></path></svg><span class="css-idkz9h">Add Organic Skim Milk to cart</span></button></div></div></div></div></div></div><div class="css-0"><div class="css-f5i5wc"><div class="chakra-linkbox css-vhnn8v"><div data-testid="product-image" class="css-16dr4ly"><img alt="PC Organics Organic Partly Skimmed 2% Milk 2 l, $0.36/100ml" src="https://assets.shop.loblaws.ca/products/20354310/b3/en/front/20354310_front_a06_@2.png" srcset="https://assets.shop.loblaws.ca/products/20354310/b3/en/front/20354310_front_a06_@2.png 1x, https://assets.shop.loblaws.ca/products/20354310/b3/en/front/20354310_front_a06_@2.png 2x" loading="lazy" class="chakra-image css-oguq8l" aria-hidden="true"></div><div class="css-qoklea"><div class="css-12dchmx"></div><div data-testid="price-product-tile" class="css-8atqhb"><p class="chakra-text css-0"><span class="chakra-text css-pwnbcb" data-testid="regular-price"><span class="css-idkz9h">$7.14</span>$7.14</span></p></div><a href="/organic-partly-skimmed-2-milk/p/20354310_EA?source=nspt" class="chakra-linkbox__overlay css-1hnz6hu"><div class="css-0"><p class="chakra-text css-1ecdp9w" data-testid="product-brand">PC Organics</p><h3 class="chakra-heading css-6qrhwc" id="20354310_EA" data-testid="product-title">Organic Partly Skimmed 2% Milk</h3><p class="chakra-text css-1yftjin" data-testid="product-package-size">2 l, $0.36/100ml</p></div></a><div class="css-8keand"></div></div><div class="css-1q5omjq"><div class="css-fcebb8"><div data-testid="atc-compact" class="css-y94ivq" style="width: 45px;"><button type="button" class="chakra-button css-mudsm6" data-testid="atc-button"><svg stroke="currentColor" fill="currentColor" stroke-width="0" viewBox="0 0 24 24" focusable="false" class="chakra-icon css-1g3sp7a" data-testid="btn-icon" aria-hidden="true" height="1em" width="1em" xmlns="http://www.w3.org/2000/svg"><path d="M19 13h-6v6h-2v-6H5v-2h6V5h2v6h6v2z"></path></svg><span class="css-idkz9h">Add Organic Partly Skimmed 2% Milk to cart</span></button></div></div></div></div></div></div><div class="css-0"><div class="css-f5i5wc"><div class="chakra-linkbox css-vhnn8v"><div data-testid="product-image" class="css-16dr4ly"><img alt="Violife Mature Cheddar Style Slices 200 g, $3.00/100g" src="https://assets.shop.loblaws.ca/products/21339319/b3/en/front/21339319_front_a06_@2.png" srcset="https://assets.shop.loblaws.ca/products/21339319/b3/en/front/21339319_front_a06_@2.png 1x, https://assets.shop.loblaws.ca/products/21339319/b3/en/front/21339319_front_a06_@2.png 2x" loading="lazy" class="chakra-image css-oguq8l" aria-hidden="true"></div><div class="css-qoklea"><div class="css-12dchmx"></div><div data-testid="price-product-tile" class="css-8atqhb"><p class="chakra-text css-0"><span class="chakra-text css-pwnbcb" data-testid="regular-price"><span class="css-idkz9h">$5.99</span>$5.99</span></p></div><a href="/mature-cheddar-style-slices/p/21339319_EA?source=nspt" class="chakra-linkbox__overlay css-1hnz6hu"><div class="css-0"><p class="chakra-text css-1ecdp9w" data-testid="product-brand">Violife</p><h3 class="chakra-heading css-6qrhwc" id="21339319_EA" data-testid="product-title">Mature Cheddar Style Slices</h3><p class="chakra-text css-1yftjin" data-testid="product-package-size">200 g, $3.00/100g</p></div></a><div class="css-8keand"></div></div><div class="css-1q5omjq"><div class="css-fcebb8"><div data-testid="atc-compact" class="css-y94ivq" style="width: 45px;"><button type="button" class="chakra-button css-mudsm6" data-testid="atc-button"><svg stroke="currentColor" fill="currentColor" stroke-width="0" viewBox="0 0 24 24" focusable="false" class="chakra-icon css-1g3sp7a" data-testid="btn-icon" aria-hidden="true" height="1em" width="1em" xmlns="http://www.w3.org/2000/svg"><path d="M19 13h-6v6h-2v-6H5v-2h6V5h2v6h6v2z"></path></svg><span class="css-idkz9h">Add Mature Cheddar Style Slices to cart</span></button></div></div></div></div></div></div><div class="css-0"><div class="css-f5i5wc"><div class="chakra-linkbox css-vhnn8v"><div data-testid="product-image" class="css-16dr4ly"><img alt="Violife Cheddar Style Shreds 200 g, $3.00/100g" src="https://assets.shop.loblaws.ca/products/21592030/b3/en/front/21592030_front_a06_@2.png" srcset="https://assets.shop.loblaws.ca/products/21592030/b3/en/front/21592030_front_a06_@2.png 1x, https://assets.shop.loblaws.ca/products/21592030/b3/en/front/21592030_front_a06_@2.png 2x" loading="lazy" class="chakra-image css-oguq8l" aria-hidden="true"></div><div class="css-qoklea"><div class="css-12dchmx"></div><div data-testid="price-product-tile" class="css-8atqhb"><p class="chakra-text css-0"><span class="chakra-text css-pwnbcb" data-testid="regular-price"><span class="css-idkz9h">$5.99</span>$5.99</span></p></div><a href="/cheddar-style-shreds/p/21592030_EA?source=nspt" class="chakra-linkbox__overlay css-1hnz6hu"><div class="css-0"><p class="chakra-text css-1ecdp9w" data-testid="product-brand">Violife</p><h3 class="chakra-heading css-6qrhwc" id="21592030_EA" data-testid="product-title">Cheddar Style Shreds</h3><p class="chakra-text css-1yftjin" data-testid="product-package-size">200 g, $3.00/100g</p></div></a><div class="css-8keand"></div></div><div class="css-1q5omjq"><div class="css-fcebb8"><div data-testid="atc-compact" class="css-y94ivq" style="width: 45px;"><button type="button" class="chakra-button css-mudsm6" data-testid="atc-button"><svg stroke="currentColor" fill="currentColor" stroke-width="0" viewBox="0 0 24 24" focusable="false" class="chakra-icon css-1g3sp7a" data-testid="btn-icon" aria-hidden="true" height="1em" width="1em" xmlns="http://www.w3.org/2000/svg"><path d="M19 13h-6v6h-2v-6H5v-2h6V5h2v6h6v2z"></path></svg><span class="css-idkz9h">Add Cheddar Style Shreds to cart</span></button></div></div><div class="css-4saf4a"><p class="chakra-text css-py8788" data-testid="inventory-badge-text">Low Stock</p></div></div></div></div></div><div class="css-0"><div class="css-f5i5wc"><div class="chakra-linkbox css-vhnn8v"><div data-testid="product-image" class="css-16dr4ly"><img alt="PC Organics Organic Partly Skimmed 2% Milk 4 l, $0.25/100ml" src="https://assets.shop.loblaws.ca/products/20304385/b3/en/front/20304385_front_a06_@2.png" srcset="https://assets.shop.loblaws.ca/products/20304385/b3/en/front/20304385_front_a06_@2.png 1x, https://assets.shop.loblaws.ca/products/20304385/b3/en/front/20304385_front_a06_@2.png 2x" loading="lazy" class="chakra-image css-oguq8l" aria-hidden="true"></div><div class="css-qoklea"><div class="css-12dchmx"></div><div data-testid="price-product-tile" class="css-8atqhb"><p class="chakra-text css-0"><span class="chakra-text css-pwnbcb" data-testid="regular-price"><span class="css-idkz9h">$10.19</span>$10.19</span></p></div><a href="/organic-partly-skimmed-2-milk/p/20304385_EA?source=nspt" class="chakra-linkbox__overlay css-1hnz6hu"><div class="css-0"><p class="chakra-text css-1ecdp9w" data-testid="product-brand">PC Organics</p><h3 class="chakra-heading css-6qrhwc" id="20304385_EA" data-testid="product-title">Organic Partly Skimmed 2% Milk</h3><p class="chakra-text css-1yftjin" data-testid="product-package-size">4 l, $0.25/100ml</p></div></a><div class="css-8keand"></div></div><div class="css-1q5omjq"><div class="css-fcebb8"><div data-testid="atc-compact" class="css-y94ivq" style="width: 45px;"><button type="button" class="chakra-button css-mudsm6" data-testid="atc-button"><svg stroke="currentColor" fill="currentColor" stroke-width="0" viewBox="0 0 24 24" focusable="false" class="chakra-icon css-1g3sp7a" data-testid="btn-icon" aria-hidden="true" height="1em" width="1em" xmlns="http://www.w3.org/2000/svg"><path d="M19 13h-6v6h-2v-6H5v-2h6V5h2v6h6v2z"></path></svg><span class="css-idkz9h">Add Organic Partly Skimmed 2% Milk to cart</span></button></div></div></div></div></div></div><div class="css-0"><div class="css-f5i5wc"><div class="chakra-linkbox css-vhnn8v"><div data-testid="product-image" class="css-16dr4ly"><img alt="Olympic Organic Yogurt, Blueberry 3% 650 g, $0.92/100g" src="https://assets.shop.loblaws.ca/products/20316485007/b3/en/front/20316485007_front_a06_@2.png" srcset="https://assets.shop.loblaws.ca/products/20316485007/b3/en/front/20316485007_front_a06_@2.png 1x, https://assets.shop.loblaws.ca/products/20316485007/b3/en/front/20316485007_front_a06_@2.png 2x" loading="lazy" class="chakra-image css-oguq8l" aria-hidden="true"></div><div class="css-qoklea"><div class="css-12dchmx"></div><div data-testid="price-product-tile" class="css-8atqhb"><p class="chakra-text css-0"><span class="chakra-text css-pwnbcb" data-testid="regular-price"><span class="css-idkz9h">$5.99</span>$5.99</span></p></div><a href="/organic-yogurt-blueberry-3/p/20316485007_EA?source=nspt" class="chakra-linkbox__overlay css-1hnz6hu"><div class="css-0"><p class="chakra-text css-1ecdp9w" data-testid="product-brand">Olympic</p><h3 class="chakra-heading css-6qrhwc" id="20316485007_EA" data-testid="product-title">Organic Yogurt, Blueberry 3%</h3><p class="chakra-text css-1yftjin" data-testid="product-package-size">650 g, $0.92/100g</p></div></a><div class="css-8keand"></div></div><div class="css-1q5omjq"><div class="css-fcebb8"><div data-testid="atc-compact" class="css-y94ivq" style="width: 45px;"><button type="button" class="chakra-button css-mudsm6" data-testid="atc-button"><svg stroke="currentColor" fill="currentColor" stroke-width="0" viewBox="0 0 24 24" focusable="false" class="chakra-icon css-1g3sp7a" data-testid="btn-icon" aria-hidden="true" height="1em" width="1em" xmlns="http://www.w3.org/2000/svg"><path d="M19 13h-6v6h-2v-6H5v-2h6V5h2v6h6v2z"></path></svg><span class="css-idkz9h">Add Organic Yogurt, Blueberry 3% to cart</span></button></div></div></div></div></div></div><div class="css-0"><div class="css-f5i5wc"><div class="chakra-linkbox css-vhnn8v"><div data-testid="product-image" class="css-16dr4ly"><img alt="Oatly Barista Oat Drink, Original 946 ml, $0.63/100ml" src="https://assets.shop.loblaws.ca/products/21561119/b3/en/front/21561119_front_a06_@2.png" srcset="https://assets.shop.loblaws.ca/products/21561119/b3/en/front/21561119_front_a06_@2.png 1x, https://assets.shop.loblaws.ca/products/21561119/b3/en/front/21561119_front_a06_@2.png 2x" loading="lazy" class="chakra-image css-oguq8l" aria-hidden="true"></div><div class="css-qoklea"><div class="css-12dchmx"></div><div data-testid="price-product-tile" class="css-8atqhb"><p class="chakra-text css-0"><span class="chakra-text css-pwnbcb" data-testid="regular-price"><span class="css-idkz9h">$5.99</span>$5.99</span></p></div><a href="/barista-oat-drink-original/p/21561119_EA?source=nspt" class="chakra-linkbox__overlay css-1hnz6hu"><div class="css-0"><p class="chakra-text css-1ecdp9w" data-testid="product-brand">Oatly</p><h3 class="chakra-heading css-6qrhwc" id="21561119_EA" data-testid="product-title">Barista Oat Drink, Original</h3><p class="chakra-text css-1yftjin" data-testid="product-package-size">946 ml, $0.63/100ml</p></div></a><div class="css-8keand"></div></div><div class="css-1q5omjq"><div class="css-fcebb8"><div data-testid="atc-compact" class="css-y94ivq" style="width: 45px;"><button type="button" class="chakra-button css-mudsm6" data-testid="atc-button"><svg stroke="currentColor" fill="currentColor" stroke-width="0" viewBox="0 0 24 24" focusable="false" class="chakra-icon css-1g3sp7a" data-testid="btn-icon" aria-hidden="true" height="1em" width="1em" xmlns="http://www.w3.org/2000/svg"><path d="M19 13h-6v6h-2v-6H5v-2h6V5h2v6h6v2z"></path></svg><span class="css-idkz9h">Add Barista Oat Drink, Original to cart</span></button></div></div></div></div></div></div><div class="css-0"><div class="css-f5i5wc"><div class="chakra-linkbox css-vhnn8v"><div data-testid="product-image" class="css-16dr4ly"><img alt="PC Organics Organic Fresh Skim Milk 2 l, $0.36/100ml" src="https://assets.shop.loblaws.ca/products/20354309/b3/en/front/20354309_front_a06_@2.png" srcset="https://assets.shop.loblaws.ca/products/20354309/b3/en/front/20354309_front_a06_@2.png 1x, https://assets.shop.loblaws.ca/products/20354309/b3/en/front/20354309_front_a06_@2.png 2x" loading="lazy" class="chakra-image css-oguq8l" aria-hidden="true"></div><div class="css-qoklea"><div class="css-12dchmx"></div><div data-testid="price-product-tile" class="css-8atqhb"><p class="chakra-text css-0"><span class="chakra-text css-pwnbcb" data-testid="regular-price"><span class="css-idkz9h">$7.14</span>$7.14</span></p></div><a href="/organic-fresh-skim-milk/p/20354309_EA?source=nspt" class="chakra-linkbox__overlay css-1hnz6hu"><div class="css-0"><p class="chakra-text css-1ecdp9w" data-testid="product-brand">PC Organics</p><h3 class="chakra-heading css-6qrhwc" id="20354309_EA" data-testid="product-title">Organic Fresh Skim Milk</h3><p class="chakra-text css-1yftjin" data-testid="product-package-size">2 l, $0.36/100ml</p></div></a><div class="css-8keand"></div></div><div class="css-1q5omjq"><div class="css-fcebb8"><div data-testid="atc-compact" class="css-y94ivq" style="width: 45px;"><button type="button" class="chakra-button css-mudsm6" data-testid="atc-button"><svg stroke="currentColor" fill="currentColor" stroke-width="0" viewBox="0 0 24 24" focusable="false" class="chakra-icon css-1g3sp7a" data-testid="btn-icon" aria-hidden="true" height="1em" width="1em" xmlns="http://www.w3.org/2000/svg"><path d="M19 13h-6v6h-2v-6H5v-2h6V5h2v6h6v2z"></path></svg><span class="css-idkz9h">Add Organic Fresh Skim Milk to cart</span></button></div></div><div class="css-4saf4a"><p class="chakra-text css-py8788" data-testid="inventory-badge-text">Low Stock</p></div></div></div></div></div><div class="css-0"><div class="css-f5i5wc"><div class="chakra-linkbox css-vhnn8v"><div data-testid="product-image" class="css-16dr4ly"><img alt="Riviera Coconut Milk Vegan Yogurt - Raspberry Blackcurrant 500 g, $1.30/100g" src="https://assets.shop.loblaws.ca/products/21201434/b3/en/front/21201434_front_a06_@2.png" srcset="https://assets.shop.loblaws.ca/products/21201434/b3/en/front/21201434_front_a06_@2.png 1x, https://assets.shop.loblaws.ca/products/21201434/b3/en/front/21201434_front_a06_@2.png 2x" loading="lazy" class="chakra-image css-oguq8l" aria-hidden="true"></div><div class="css-qoklea"><div class="css-12dchmx"></div><div data-testid="price-product-tile" class="css-8atqhb"><p class="chakra-text css-0"><span class="chakra-text css-pwnbcb" data-testid="regular-price"><span class="css-idkz9h">$6.49</span>$6.49</span></p></div><a href="/coconut-milk-vegan-yogurt-raspberry-blackcurrant/p/21201434_EA?source=nspt" class="chakra-linkbox__overlay css-1hnz6hu"><div class="css-0"><p class="chakra-text css-1ecdp9w" data-testid="product-brand">Riviera</p><h3 class="chakra-heading css-6qrhwc" id="21201434_EA" data-testid="product-title">Coconut Milk Vegan Yogurt - Raspberry Blackcurrant</h3><p class="chakra-text css-1yftjin" data-testid="product-package-size">500 g, $1.30/100g</p></div></a><div class="css-8keand"></div></div><div class="css-1q5omjq"><div class="css-fcebb8"><div data-testid="atc-compact" class="css-y94ivq" style="width: 45px;"><button type="button" class="chakra-button css-mudsm6" data-testid="atc-button"><svg stroke="currentColor" fill="currentColor" stroke-width="0" viewBox="0 0 24 24" focusable="false" class="chakra-icon css-1g3sp7a" data-testid="btn-icon" aria-hidden="true" height="1em" width="1em" xmlns="http://www.w3.org/2000/svg"><path d="M19 13h-6v6h-2v-6H5v-2h6V5h2v6h6v2z"></path></svg><span class="css-idkz9h">Add Coconut Milk Vegan Yogurt - Raspberry Blackcurrant to cart</span></button></div></div></div></div></div></div><div class="css-0"><div class="css-f5i5wc"><div class="chakra-linkbox css-vhnn8v"><div data-testid="product-image" class="css-16dr4ly"><img alt="Olympic Krema Yogurt, Vanilla 10% 650 g, $0.92/100g" src="https://assets.shop.loblaws.ca/products/20588372001/b3/en/front/20588372001_front_a06_@2.png" srcset="https://assets.shop.loblaws.ca/products/20588372001/b3/en/front/20588372001_front_a06_@2.png 1x, https://assets.shop.loblaws.ca/products/20588372001/b3/en/front/20588372001_front_a06_@2.png 2x" loading="lazy" class="chakra-image css-oguq8l" aria-hidden="true"></div><div class="css-qoklea"><div class="css-12dchmx"></div><div data-testid="price-product-tile" class="css-8atqhb"><p class="chakra-text css-0"><span class="chakra-text css-pwnbcb" data-testid="regular-price"><span class="css-idkz9h">$5.99</span>$5.99</span></p></div><a href="/krema-yogurt-vanilla-10/p/20588372001_EA?source=nspt" class="chakra-linkbox__overlay css-1hnz6hu"><div class="css-0"><p class="chakra-text css-1ecdp9w" data-testid="product-brand">Olympic</p><h3 class="chakra-heading css-6qrhwc" id="20588372001_EA" data-testid="product-title">Krema Yogurt, Vanilla 10%</h3><p class="chakra-text css-1yftjin" data-testid="product-package-size">650 g, $0.92/100g</p></div></a><div class="css-8keand"></div></div><div class="css-1q5omjq"><div class="css-fcebb8"><div data-testid="atc-compact" class="css-y94ivq" style="width: 45px;"><button type="button" class="chakra-button css-mudsm6" data-testid="atc-button"><svg stroke="currentColor" fill="currentColor" stroke-width="0" viewBox="0 0 24 24" focusable="false" class="chakra-icon css-1g3sp7a" data-testid="btn-icon" aria-hidden="true" height="1em" width="1em" xmlns="http://www.w3.org/2000/svg"><path d="M19 13h-6v6h-2v-6H5v-2h6V5h2v6h6v2z"></path></svg><span class="css-idkz9h">Add Krema Yogurt, Vanilla 10% to cart</span></button></div></div><div class="css-4saf4a"><p class="chakra-text css-py8788" data-testid="inventory-badge-text">Low Stock</p></div></div></div></div></div><div class="css-0"><div class="css-f5i5wc"><div class="chakra-linkbox css-vhnn8v"><div data-testid="product-image" class="css-16dr4ly"><img alt="PC Organics Organic Plain Kefir Probiotic Fermented 1% M.F. Milk 1 l, $0.65/100ml" src="https://assets.shop.loblaws.ca/products/20944278/b3/en/front/20944278_front_a06_@2.png" srcset="https://assets.shop.loblaws.ca/products/20944278/b3/en/front/20944278_front_a06_@2.png 1x, https://assets.shop.loblaws.ca/products/20944278/b3/en/front/20944278_front_a06_@2.png 2x" loading="lazy" class="chakra-image css-oguq8l" aria-hidden="true"></div><div class="css-qoklea"><div class="css-12dchmx"></div><div data-testid="price-product-tile" class="css-8atqhb"><p class="chakra-text css-0"><span class="chakra-text css-pwnbcb" data-testid="regular-price"><span class="css-idkz9h">$6.49</span>$6.49</span></p></div><a href="/organic-plain-kefir-probiotic-fermented-1-m-f-milk/p/20944278_EA?source=nspt" class="chakra-linkbox__overlay css-1hnz6hu"><div class="css-0"><p class="chakra-text css-1ecdp9w" data-testid="product-brand">PC Organics</p><h3 class="chakra-heading css-6qrhwc" id="20944278_EA" data-testid="product-title">Organic Plain Kefir Probiotic Fermented 1% M.F. Milk</h3><p class="chakra-text css-1yftjin" data-testid="product-package-size">1 l, $0.65/100ml</p></div></a><div class="css-8keand"></div></div><div class="css-1q5omjq"><div class="css-fcebb8"><div data-testid="atc-compact" class="css-y94ivq" style="width: 45px;"><button type="button" class="chakra-button css-mudsm6" data-testid="atc-button"><svg stroke="currentColor" fill="currentColor" stroke-width="0" viewBox="0 0 24 24" focusable="false" class="chakra-icon css-1g3sp7a" data-testid="btn-icon" aria-hidden="true" height="1em" width="1em" xmlns="http://www.w3.org/2000/svg"><path d="M19 13h-6v6h-2v-6H5v-2h6V5h2v6h6v2z"></path></svg><span class="css-idkz9h">Add Organic Plain Kefir Probiotic Fermented 1% M.F. Milk to cart</span></button></div></div></div></div></div></div><div class="css-0"><div class="css-f5i5wc"><div class="chakra-linkbox css-vhnn8v"><div data-testid="product-image" class="css-16dr4ly"><img alt="Riviera Coconut Milk Vegan Yogurt - Mango And Passion Fruit 500 g, $1.30/100g" src="https://assets.shop.loblaws.ca/products/21201523/b3/en/front/21201523_front_a06_@2.png" srcset="https://assets.shop.loblaws.ca/products/21201523/b3/en/front/21201523_front_a06_@2.png 1x, https://assets.shop.loblaws.ca/products/21201523/b3/en/front/21201523_front_a06_@2.png 2x" loading="lazy" class="chakra-image css-oguq8l" aria-hidden="true"></div><div class="css-qoklea"><div class="css-12dchmx"></div><div data-testid="price-product-tile" class="css-8atqhb"><p class="chakra-text css-0"><span class="chakra-text css-pwnbcb" data-testid="regular-price"><span class="css-idkz9h">$6.49</span>$6.49</span></p></div><a href="/coconut-milk-vegan-yogurt-mango-and-passion-fruit/p/21201523_EA?source=nspt" class="chakra-linkbox__overlay css-1hnz6hu"><div class="css-0"><p class="chakra-text css-1ecdp9w" data-testid="product-brand">Riviera</p><h3 class="chakra-heading css-6qrhwc" id="21201523_EA" data-testid="product-title">Coconut Milk Vegan Yogurt - Mango And Passion Fruit</h3><p class="chakra-text css-1yftjin" data-testid="product-package-size">500 g, $1.30/100g</p></div></a><div class="css-8keand"></div></div><div class="css-1q5omjq"><div class="css-fcebb8"><div data-testid="atc-compact" class="css-y94ivq" style="width: 45px;"><button type="button" class="chakra-button css-mudsm6" data-testid="atc-button"><svg stroke="currentColor" fill="currentColor" stroke-width="0" viewBox="0 0 24 24" focusable="false" class="chakra-icon css-1g3sp7a" data-testid="btn-icon" aria-hidden="true" height="1em" width="1em" xmlns="http://www.w3.org/2000/svg"><path d="M19 13h-6v6h-2v-6H5v-2h6V5h2v6h6v2z"></path></svg><span class="css-idkz9h">Add Coconut Milk Vegan Yogurt - Mango And Passion Fruit to cart</span></button></div></div></div></div></div></div><div class="css-0"><div class="css-f5i5wc"><div class="chakra-linkbox css-vhnn8v"><div data-testid="product-image" class="css-16dr4ly"><img alt="Blue Diamond Almond Breeze, Original 946 ml, $0.37/100ml" src="https://assets.shop.loblaws.ca/products/20107219003/b3/en/front/20107219003_front_a06_@2.png" srcset="https://assets.shop.loblaws.ca/products/20107219003/b3/en/front/20107219003_front_a06_@2.png 1x, https://assets.shop.loblaws.ca/products/20107219003/b3/en/front/20107219003_front_a06_@2.png 2x" loading="lazy" class="chakra-image css-oguq8l" aria-hidden="true"></div><div class="css-qoklea"><div class="css-12dchmx"></div><div data-testid="price-product-tile" class="css-8atqhb"><p class="chakra-text css-0"><span class="chakra-text css-pwnbcb" data-testid="regular-price"><span class="css-idkz9h">$3.49</span>$3.49</span></p></div><a href="/almond-breeze-original/p/20107219003_EA?source=nspt" class="chakra-linkbox__overlay css-1hnz6hu"><div class="css-0"><p class="chakra-text css-1ecdp9w" data-testid="product-brand">Blue Diamond</p><h3 class="chakra-heading css-6qrhwc" id="20107219003_EA" data-testid="product-title">Almond Breeze, Original</h3><p class="chakra-text css-1yftjin" data-testid="product-package-size">946 ml, $0.37/100ml</p></div></a><div class="css-8keand"></div></div><div class="css-1q5omjq"><div class="css-fcebb8"><div data-testid="atc-compact" class="css-y94ivq" style="width: 45px;"><button type="button" class="chakra-button css-mudsm6" data-testid="atc-button"><svg stroke="currentColor" fill="currentColor" stroke-width="0" viewBox="0 0 24 24" focusable="false" class="chakra-icon css-1g3sp7a" data-testid="btn-icon" aria-hidden="true" height="1em" width="1em" xmlns="http://www.w3.org/2000/svg"><path d="M19 13h-6v6h-2v-6H5v-2h6V5h2v6h6v2z"></path></svg><span class="css-idkz9h">Add Almond Breeze, Original to cart</span></button></div></div></div></div></div></div><div class="css-0"><div class="css-f5i5wc"><div class="chakra-linkbox css-vhnn8v"><div data-testid="product-image" class="css-16dr4ly"><img alt="Riviera Oat Based Vegan Delight Vanilla 650 g, $1.00/100g" src="https://assets.shop.loblaws.ca/products/21497492/b3/en/front/21497492_front_a06_@2.png" srcset="https://assets.shop.loblaws.ca/products/21497492/b3/en/front/21497492_front_a06_@2.png 1x, https://assets.shop.loblaws.ca/products/21497492/b3/en/front/21497492_front_a06_@2.png 2x" loading="lazy" class="chakra-image css-oguq8l" aria-hidden="true"></div><div class="css-qoklea"><div class="css-12dchmx"></div><div data-testid="price-product-tile" class="css-8atqhb"><p class="chakra-text css-0"><span class="chakra-text css-pwnbcb" data-testid="regular-price"><span class="css-idkz9h">$6.49</span>$6.49</span></p></div><a href="/oat-based-vegan-delight-vanilla/p/21497492_EA?source=nspt" class="chakra-linkbox__overlay css-1hnz6hu"><div class="css-0"><p class="chakra-text css-1ecdp9w" data-testid="product-brand">Riviera</p><h3 class="chakra-heading css-6qrhwc" id="21497492_EA" data-testid="product-title">Oat Based Vegan Delight Vanilla</h3><p class="chakra-text css-1yftjin" data-testid="product-package-size">650 g, $1.00/100g</p></div></a><div class="css-8keand"></div></div><div class="css-1q5omjq"><div class="css-fcebb8"><div data-testid="atc-compact" class="css-y94ivq" style="width: 45px;"><button type="button" class="chakra-button css-mudsm6" data-testid="atc-button"><svg stroke="currentColor" fill="currentColor" stroke-width="0" viewBox="0 0 24 24" focusable="false" class="chakra-icon css-1g3sp7a" data-testid="btn-icon" aria-hidden="true" height="1em" width="1em" xmlns="http://www.w3.org/2000/svg"><path d="M19 13h-6v6h-2v-6H5v-2h6V5h2v6h6v2z"></path></svg><span class="css-idkz9h">Add Oat Based Vegan Delight Vanilla to cart</span></button></div></div></div></div></div></div><div class="css-0"><div class="css-f5i5wc"><div class="chakra-linkbox css-vhnn8v"><div data-testid="product-image" class="css-16dr4ly"><img alt="Riviera Vegan Yogurt, Plain Coconut 650 g, $1.00/100g" src="https://assets.shop.loblaws.ca/products/21184634/b3/en/front/21184634_front_a06_@2.png" srcset="https://assets.shop.loblaws.ca/products/21184634/b3/en/front/21184634_front_a06_@2.png 1x, https://assets.shop.loblaws.ca/products/21184634/b3/en/front/21184634_front_a06_@2.png 2x" loading="lazy" class="chakra-image css-oguq8l" aria-hidden="true"></div><div class="css-qoklea"><div class="css-12dchmx"></div><div data-testid="price-product-tile" class="css-8atqhb"><p class="chakra-text css-0"><span class="chakra-text css-pwnbcb" data-testid="regular-price"><span class="css-idkz9h">$6.49</span>$6.49</span></p></div><a href="/vegan-yogurt-plain-coconut/p/21184634_EA?source=nspt" class="chakra-linkbox__overlay css-1hnz6hu"><div class="css-0"><p class="chakra-text css-1ecdp9w" data-testid="product-brand">Riviera</p><h3 class="chakra-heading css-6qrhwc" id="21184634_EA" data-testid="product-title">Vegan Yogurt, Plain Coconut</h3><p class="chakra-text css-1yftjin" data-testid="product-package-size">650 g, $1.00/100g</p></div></a><div class="css-8keand"></div></div><div class="css-1q5omjq"><div class="css-fcebb8"><div data-testid="atc-compact" class="css-y94ivq" style="width: 45px;"><button type="button" class="chakra-button css-mudsm6" data-testid="atc-button"><svg stroke="currentColor" fill="currentColor" stroke-width="0" viewBox="0 0 24 24" focusable="false" class="chakra-icon css-1g3sp7a" data-testid="btn-icon" aria-hidden="true" height="1em" width="1em" xmlns="http://www.w3.org/2000/svg"><path d="M19 13h-6v6h-2v-6H5v-2h6V5h2v6h6v2z"></path></svg><span class="css-idkz9h">Add Vegan Yogurt, Plain Coconut to cart</span></button></div></div></div></div></div></div><div class="css-0"><div class="css-f5i5wc"><div class="chakra-linkbox css-vhnn8v"><div data-testid="product-image" class="css-16dr4ly"><img alt="Silk Almond Beverage, Unsweetened, Vanilla Flavour, Dairy-Free, Shelf Stable 946 ml, $0.32/100ml" src="https://assets.shop.loblaws.ca/products/20555265001/b3/en/front/20555265001_front_a06_@2.png" srcset="https://assets.shop.loblaws.ca/products/20555265001/b3/en/front/20555265001_front_a06_@2.png 1x, https://assets.shop.loblaws.ca/products/20555265001/b3/en/front/20555265001_front_a06_@2.png 2x" loading="lazy" class="chakra-image css-oguq8l" aria-hidden="true"></div><div class="css-qoklea"><div class="css-12dchmx"></div><div data-testid="price-product-tile" class="css-8atqhb"><p class="chakra-text css-0"><span class="chakra-text css-pwnbcb" data-testid="regular-price"><span class="css-idkz9h">$2.99</span>$2.99</span></p></div><a href="/almond-beverage-unsweetened-vanilla-flavour-dairy/p/20555265001_EA?source=nspt" class="chakra-linkbox__overlay css-1hnz6hu"><div class="css-0"><p class="chakra-text css-1ecdp9w" data-testid="product-brand">Silk</p><h3 class="chakra-heading css-6qrhwc" id="20555265001_EA" data-testid="product-title">Almond Beverage, Unsweetened, Vanilla Flavour, Dairy-Free, Shelf Stable</h3><p class="chakra-text css-1yftjin" data-testid="product-package-size">946 ml, $0.32/100ml</p></div></a><div class="css-8keand"></div></div><div class="css-1q5omjq"><div class="css-fcebb8"><div data-testid="atc-compact" class="css-y94ivq" style="width: 45px;"><button type="button" class="chakra-button css-mudsm6" data-testid="atc-button"><svg stroke="currentColor" fill="currentColor" stroke-width="0" viewBox="0 0 24 24" focusable="false" class="chakra-icon css-1g3sp7a" data-testid="btn-icon" aria-hidden="true" height="1em" width="1em" xmlns="http://www.w3.org/2000/svg"><path d="M19 13h-6v6h-2v-6H5v-2h6V5h2v6h6v2z"></path></svg><span class="css-idkz9h">Add Almond Beverage, Unsweetened, Vanilla Flavour, Dairy-Free, Shelf Stable to cart</span></button></div></div><div class="css-4saf4a"><p class="chakra-text css-py8788" data-testid="inventory-badge-text">Low Stock</p></div></div></div></div></div><div class="css-0"><div class="css-f5i5wc"><div class="chakra-linkbox css-vhnn8v"><div data-testid="product-image" class="css-16dr4ly"><img alt="PC Organics Plain Skyr Icelandic Style 0% MF Yogurt 500 g, $1.20/100g" src="https://assets.shop.loblaws.ca/products/21170510/b3/en/front/21170510_front_a06_@2.png" srcset="https://assets.shop.loblaws.ca/products/21170510/b3/en/front/21170510_front_a06_@2.png 1x, https://assets.shop.loblaws.ca/products/21170510/b3/en/front/21170510_front_a06_@2.png 2x" loading="lazy" class="chakra-image css-oguq8l" aria-hidden="true"></div><div class="css-qoklea"><div class="css-12dchmx"></div><div data-testid="price-product-tile" class="css-8atqhb"><p class="chakra-text css-0"><span class="chakra-text css-pwnbcb" data-testid="regular-price"><span class="css-idkz9h">$5.99</span>$5.99</span></p></div><a href="/plain-skyr-icelandic-style-0-mf-yogurt/p/21170510_EA?source=nspt" class="chakra-linkbox__overlay css-1hnz6hu"><div class="css-0"><p class="chakra-text css-1ecdp9w" data-testid="product-brand">PC Organics</p><h3 class="chakra-heading css-6qrhwc" id="21170510_EA" data-testid="product-title">Plain Skyr Icelandic Style 0% MF Yogurt</h3><p class="chakra-text css-1yftjin" data-testid="product-package-size">500 g, $1.20/100g</p></div></a><div class="css-8keand"></div></div><div class="css-1q5omjq"><div class="css-fcebb8"><div data-testid="atc-compact" class="css-y94ivq" style="width: 45px;"><button type="button" class="chakra-button css-mudsm6" data-testid="atc-button"><svg stroke="currentColor" fill="currentColor" stroke-width="0" viewBox="0 0 24 24" focusable="false" class="chakra-icon css-1g3sp7a" data-testid="btn-icon" aria-hidden="true" height="1em" width="1em" xmlns="http://www.w3.org/2000/svg"><path d="M19 13h-6v6h-2v-6H5v-2h6V5h2v6h6v2z"></path></svg><span class="css-idkz9h">Add Plain Skyr Icelandic Style 0% MF Yogurt to cart</span></button></div></div></div></div></div></div><div class="css-0"><div class="css-f5i5wc"><div class="chakra-linkbox css-vhnn8v"><div data-testid="product-image" class="css-16dr4ly"><img alt="PC Organics Organic Kefir Milk, Strawberry 1000 ml, $0.65/100ml" src="https://assets.shop.loblaws.ca/products/20941529/b3/en/front/20941529_front_a06_@2.png" srcset="https://assets.shop.loblaws.ca/products/20941529/b3/en/front/20941529_front_a06_@2.png 1x, https://assets.shop.loblaws.ca/products/20941529/b3/en/front/20941529_front_a06_@2.png 2x" loading="lazy" class="chakra-image css-oguq8l" aria-hidden="true"></div><div class="css-qoklea"><div class="css-12dchmx"></div><div data-testid="price-product-tile" class="css-8atqhb"><p class="chakra-text css-0"><span class="chakra-text css-pwnbcb" data-testid="regular-price"><span class="css-idkz9h">$6.49</span>$6.49</span></p></div><a href="/organic-kefir-milk-strawberry/p/20941529_EA?source=nspt" class="chakra-linkbox__overlay css-1hnz6hu"><div class="css-0"><p class="chakra-text css-1ecdp9w" data-testid="product-brand">PC Organics</p><h3 class="chakra-heading css-6qrhwc" id="20941529_EA" data-testid="product-title">Organic Kefir Milk, Strawberry</h3><p class="chakra-text css-1yftjin" data-testid="product-package-size">1000 ml, $0.65/100ml</p></div></a><div class="css-8keand"></div></div><div class="css-1q5omjq"><div class="css-fcebb8"><div data-testid="atc-compact" class="css-y94ivq" style="width: 45px;"><button type="button" class="chakra-button css-mudsm6" data-testid="atc-button"><svg stroke="currentColor" fill="currentColor" stroke-width="0" viewBox="0 0 24 24" focusable="false" class="chakra-icon css-1g3sp7a" data-testid="btn-icon" aria-hidden="true" height="1em" width="1em" xmlns="http://www.w3.org/2000/svg"><path d="M19 13h-6v6h-2v-6H5v-2h6V5h2v6h6v2z"></path></svg><span class="css-idkz9h">Add Organic Kefir Milk, Strawberry to cart</span></button></div></div><div class="css-4saf4a"><p class="chakra-text css-py8788" data-testid="inventory-badge-text">Low Stock</p></div></div></div></div></div><div class="css-0"><div class="css-f5i5wc"><div class="chakra-linkbox css-vhnn8v"><div data-testid="product-image" class="css-16dr4ly"><img alt="Olympic Organic Yogurt, Vanilla 3% 650 g, $0.92/100g" src="https://assets.shop.loblaws.ca/products/20316485006/b3/en/front/20316485006_front_a06_@2.png" srcset="https://assets.shop.loblaws.ca/products/20316485006/b3/en/front/20316485006_front_a06_@2.png 1x, https://assets.shop.loblaws.ca/products/20316485006/b3/en/front/20316485006_front_a06_@2.png 2x" loading="lazy" class="chakra-image css-oguq8l" aria-hidden="true"></div><div class="css-qoklea"><div class="css-12dchmx"></div><div data-testid="price-product-tile" class="css-8atqhb"><p class="chakra-text css-0"><span class="chakra-text css-pwnbcb" data-testid="regular-price"><span class="css-idkz9h">$5.99</span>$5.99</span></p></div><a href="/organic-yogurt-vanilla-3/p/20316485006_EA?source=nspt" class="chakra-linkbox__overlay css-1hnz6hu"><div class="css-0"><p class="chakra-text css-1ecdp9w" data-testid="product-brand">Olympic</p><h3 class="chakra-heading css-6qrhwc" id="20316485006_EA" data-testid="product-title">Organic Yogurt, Vanilla 3%</h3><p class="chakra-text css-1yftjin" data-testid="product-package-size">650 g, $0.92/100g</p></div></a><div class="css-8keand"></div></div><div class="css-1q5omjq"><div class="css-fcebb8"><div data-testid="atc-compact" class="css-y94ivq" style="width: 45px;"><button type="button" class="chakra-button css-mudsm6" data-testid="atc-button"><svg stroke="currentColor" fill="currentColor" stroke-width="0" viewBox="0 0 24 24" focusable="false" class="chakra-icon css-1g3sp7a" data-testid="btn-icon" aria-hidden="true" height="1em" width="1em" xmlns="http://www.w3.org/2000/svg"><path d="M19 13h-6v6h-2v-6H5v-2h6V5h2v6h6v2z"></path></svg><span class="css-idkz9h">Add Organic Yogurt, Vanilla 3% to cart</span></button></div></div></div></div></div></div><div class="css-0"><div class="css-f5i5wc"><div class="chakra-linkbox css-vhnn8v"><div data-testid="product-image" class="css-16dr4ly"><img alt="Earths Own Oat Zero Sugar Beverage Original 946 ml, $0.29/100ml" src="https://assets.shop.loblaws.ca/products/21547996/b3/en/front/21547996_front_a06_@2.png" srcset="https://assets.shop.loblaws.ca/products/21547996/b3/en/front/21547996_front_a06_@2.png 1x, https://assets.shop.loblaws.ca/products/21547996/b3/en/front/21547996_front_a06_@2.png 2x" loading="lazy" class="chakra-image css-oguq8l" aria-hidden="true"></div><div class="css-qoklea"><div class="css-12dchmx"></div><div data-testid="price-product-tile" class="css-8atqhb"><p class="chakra-text css-0"><span class="chakra-text css-o93gbd" data-testid="sale-price"><span class="css-idkz9h">$2.79</span>$2.79</span><span class="chakra-text css-623q5h" data-testid="was-price"><span class="css-idkz9h">$3.29</span>$3.29</span></p><p class="chakra-text css-1m5a6y8" data-testid="price-descriptor">SAVE $0.50</p></div><a href="/oat-zero-sugar-beverage-original/p/21547996_EA?source=nspt" class="chakra-linkbox__overlay css-1hnz6hu"><div class="css-0"><p class="chakra-text css-1ecdp9w" data-testid="product-brand">Earths Own</p><h3 class="chakra-heading css-6qrhwc" id="21547996_EA" data-testid="product-title">Oat Zero Sugar Beverage Original</h3><p class="chakra-text css-1yftjin" data-testid="product-package-size">946 ml, $0.29/100ml</p></div></a><div class="css-8keand"></div></div><div class="css-1q5omjq"><div class="css-fcebb8"><div data-testid="atc-compact" class="css-y94ivq" style="width: 45px;"><button type="button" class="chakra-button css-mudsm6" data-testid="atc-button"><svg stroke="currentColor" fill="currentColor" stroke-width="0" viewBox="0 0 24 24" focusable="false" class="chakra-icon css-1g3sp7a" data-testid="btn-icon" aria-hidden="true" height="1em" width="1em" xmlns="http://www.w3.org/2000/svg"><path d="M19 13h-6v6h-2v-6H5v-2h6V5h2v6h6v2z"></path></svg><span class="css-idkz9h">Add Oat Zero Sugar Beverage Original to cart</span></button></div></div><div class="css-4saf4a"><p class="chakra-text css-py8788" data-testid="inventory-badge-text">Low Stock</p></div></div></div></div></div></div>