<div data-testid="product-grid" class="css-epcqr3"><div class="css-0"><div class="css-f5i5wc"><div class="chakra-linkbox css-vhnn8v"><div data-testid="product-image" class="css-16dr4ly"><img alt="Sunrise Tofu, Extra Firm 350 g, $0.85/100g" src="https://assets.shop.loblaws.ca/products/20570507/b3/en/front/20570507_front_a06_@2.png" srcset="https://assets.shop.loblaws.ca/products/20570507/b3/en/front/20570507_front_a06_@2.png 1x, https://assets.shop.loblaws.ca/products/20570507/b3/en/front/20570507_front_a06_@2.png 2x" loading="lazy" class="chakra-image css-oguq8l" aria-hidden="true"></div><div class="css-qoklea"><div class="css-12dchmx"></div><div data-testid="price-product-tile" class="css-8atqhb"><p class="chakra-text css-0"><span class="chakra-text css-pwnbcb" data-testid="regular-price"><span class="css-idkz9h">$2.99</span>$2.99</span></p></div><a href="/tofu-extra-firm/p/20570507_EA?source=nspt" class="chakra-linkbox__overlay css-1hnz6hu"><div class="css-0"><p class="chakra-text css-1ecdp9w" data-testid="product-brand">Sunrise</p><h3 class="chakra-heading css-6qrhwc" id="20570507_EA" data-testid="product-title">Tofu, Extra Firm</h3><p class="chakra-text css-1yftjin" data-testid="product-package-size">350 g, $0.85/100g</p></div></a><div class="css-8keand"></div></div><div class="css-1q5omjq"><div class="css-fcebb8"><div data-testid="atc-compact" class="css-y94ivq" style="width: 45px;"><button type="button" class="chakra-button css-mudsm6" data-testid="atc-button"><svg stroke="currentColor" fill="currentColor" stroke-width="0" viewBox="0 0 24 24" focusable="false" class="chakra-icon css-1g3sp7a" data-testid="btn-icon" aria-hidden="true" height="1em" width="1em" xmlns="http://www.w3.org/2000/svg"><path d="M19 13h-6v6h-2v-6H5v-2h6V5h2v6h6v2z"></path></svg><span class="css-idkz9h">Add Tofu, Extra Firm to cart</span></button></div></div></div></div></div></div><div class="css-0"><div class="css-f5i5wc"><div class="chakra-linkbox css-vhnn8v"><div data-testid="product-image" class="css-16dr4ly"><img alt="Soyganic Organic Tofu Extra Firm 350 g, $1.14/100g" src="https://assets.shop.loblaws.ca/products/21023474/b3/en/front/21023474_front_a06_@2.png" srcset="https://assets.shop.loblaws.ca/products/21023474/b3/en/front/21023474_front_a06_@2.png 1x, https://assets.shop.loblaws.ca/products/21023474/b3/en/front/21023474_front_a06_@2.png 2x" loading="lazy" class="chakra-image css-oguq8l" aria-hidden="true"></div><div class="css-qoklea"><div class="css-12dchmx"></div><div data-testid="price-product-tile" class="css-8atqhb"><p class="chakra-text css-0"><span class="chakra-text css-pwnbcb" data-testid="regular-price"><span class="css-idkz9h">$3.99</span>$3.99</span></p></div><a href="/organic-tofu-extra-firm/p/21023474_EA?source=nspt" class="chakra-linkbox__overlay css-1hnz6hu"><div class="css-0"><p class="chakra-text css-1ecdp9w" data-testid="product-brand">Soyganic</p><h3 class="chakra-heading css-6qrhwc" id="21023474_EA" data-testid="product-title">Organic Tofu Extra Firm</h3><p class="chakra-text css-1yftjin" data-testid="product-package-size">350 g, $1.14/100g</p></div></a><div class="css-8keand"></div></div><div class="css-1q5omjq"><div class="css-fcebb8"><div data-testid="atc-compact" class="css-y94ivq" style="width: 45px;"><button type="button" class="chakra-button css-mudsm6" data-testid="atc-button"><svg stroke="currentColor" fill="currentColor" stroke-width="0" viewBox="0 0 24 24" focusable="false" class="chakra-icon css-1g3sp7a" data-testid="btn-icon" aria-hidden="true" height="1em" width="1em" xmlns="http://www.w3.org/2000/svg"><path d="M19 13h-6v6h-2v-6H5v-2h6V5h2v6h6v2z"></path></svg><span class="css-idkz9h">Add Organic Tofu Extra Firm to cart</span></button></div></div></div></div></div></div><div class="css-0"><div class="css-f5i5wc"><div class="chakra-linkbox css-vhnn8v"><div data-testid="product-image" class="css-16dr4ly"><img alt="Sunrise Tofu, Medium Firm 454 g, $0.55/100g" src="https://assets.shop.loblaws.ca/products/20022239/b3/en/front/20022239_front_a06_@2.png" srcset="https://assets.shop.loblaws.ca/products/20022239/b3/en/front/20022239_front_a06_@2.png 1x, https://assets.shop.loblaws.ca/products/20022239/b3/en/front/20022239_front_a06_@2.png 2x" loading="lazy" class="chakra-image css-oguq8l" aria-hidden="true"></div><div class="css-qoklea"><div class="css-12dchmx"></div><div data-testid="price-product-tile" class="css-8atqhb"><p class="chakra-text css-0"><span class="chakra-text css-pwnbcb" data-testid="regular-price"><span class="css-idkz9h">$2.49</span>$2.49</span></p></div><a href="/tofu-medium-firm/p/20022239_EA?source=nspt" class="chakra-linkbox__overlay css-1hnz6hu"><div class="css-0"><p class="chakra-text css-1ecdp9w" data-testid="product-brand">Sunrise</p><h3 class="chakra-heading css-6qrhwc" id="20022239_EA" data-testid="product-title">Tofu, Medium Firm</h3><p class="chakra-text css-1yftjin" data-testid="product-package-size">454 g, $0.55/100g</p></div></a><div class="css-8keand"></div></div><div class="css-1q5omjq"><div class="css-fcebb8"><div data-testid="atc-compact" class="css-y94ivq" style="width: 45px;"><button type="button" class="chakra-button css-mudsm6" data-testid="atc-button"><svg stroke="currentColor" fill="currentColor" stroke-width="0" viewBox="0 0 24 24" focusable="false" class="chakra-icon css-1g3sp7a" data-testid="btn-icon" aria-hidden="true" height="1em" width="1em" xmlns="http://www.w3.org/2000/svg"><path d="M19 13h-6v6h-2v-6H5v-2h6V5h2v6h6v2z"></path></svg><span class="css-idkz9h">Add Tofu, Medium Firm to cart</span></button></div></div></div></div></div></div><div class="css-0"><div class="css-f5i5wc"><div class="chakra-linkbox css-vhnn8v"><div data-testid="product-image" class="css-16dr4ly"><img alt="Rooster Extra Firm Tofu 454 g, $0.55/100g" src="https://assets.shop.loblaws.ca/products/21474765/b3/en/front/21474765_front_a06_@2.png" srcset="https://assets.shop.loblaws.ca/products/21474765/b3/en/front/21474765_front_a06_@2.png 1x, https://assets.shop.loblaws.ca/products/21474765/b3/en/front/21474765_front_a06_@2.png 2x" loading="lazy" class="chakra-image css-oguq8l" aria-hidden="true"></div><div class="css-qoklea"><div class="css-12dchmx"></div><div data-testid="price-product-tile" class="css-8atqhb"><p class="chakra-text css-0"><span class="chakra-text css-pwnbcb" data-testid="regular-price"><span class="css-idkz9h">$2.49</span>$2.49</span></p></div><a href="/extra-firm-tofu/p/21474765_EA?source=nspt" class="chakra-linkbox__overlay css-1hnz6hu"><div class="css-0"><p class="chakra-text css-1ecdp9w" data-testid="product-brand">Rooster</p><h3 class="chakra-heading css-6qrhwc" id="21474765_EA" data-testid="product-title">Extra Firm Tofu</h3><p class="chakra-text css-1yftjin" data-testid="product-package-size">454 g, $0.55/100g</p></div></a><div class="css-8keand"></div></div><div class="css-1q5omjq"><div class="css-fcebb8"><div data-testid="atc-compact" class="css-y94ivq" style="width: 45px;"><button type="button" class="chakra-button css-mudsm6" data-testid="atc-button"><svg stroke="currentColor" fill="currentColor" stroke-width="0" viewBox="0 0 24 24" focusable="false" class="chakra-icon css-1g3sp7a" data-testid="btn-icon" aria-hidden="true" height="1em" width="1em" xmlns="http://www.w3.org/2000/svg"><path d="M19 13h-6v6h-2v-6H5v-2h6V5h2v6h6v2z"></path></svg><span class="css-idkz9h">Add Extra Firm Tofu to cart</span></button></div></div></div></div></div></div><div class="css-0"><div class="css-f5i5wc"><div class="chakra-linkbox css-vhnn8v"><div data-testid="product-image" class="css-16dr4ly"><img alt="Rooster Firm Tofu 454 g, $0.55/100g" src="https://assets.shop.loblaws.ca/products/21474719/b3/en/front/21474719_front_a06_@2.png" srcset="https://assets.shop.loblaws.ca/products/21474719/b3/en/front/21474719_front_a06_@2.png 1x, https://assets.shop.loblaws.ca/products/21474719/b3/en/front/21474719_front_a06_@2.png 2x" loading="lazy" class="chakra-image css-oguq8l" aria-hidden="true"></div><div class="css-qoklea"><div class="css-12dchmx"></div><div data-testid="price-product-tile" class="css-8atqhb"><p class="chakra-text css-0"><span class="chakra-text css-pwnbcb" data-testid="regular-price"><span class="css-idkz9h">$2.49</span>$2.49</span></p></div><a href="/firm-tofu/p/21474719_EA?source=nspt" class="chakra-linkbox__overlay css-1hnz6hu"><div class="css-0"><p class="chakra-text css-1ecdp9w" data-testid="product-brand">Rooster</p><h3 class="chakra-heading css-6qrhwc" id="21474719_EA" data-testid="product-title">Firm Tofu</h3><p class="chakra-text css-1yftjin" data-testid="product-package-size">454 g, $0.55/100g</p></div></a><div class="css-8keand"></div></div><div class="css-1q5omjq"><div class="css-fcebb8"><div data-testid="atc-compact" class="css-y94ivq" style="width: 45px;"><button type="button" class="chakra-button css-mudsm6" data-testid="atc-button"><svg stroke="currentColor" fill="currentColor" stroke-width="0" viewBox="0 0 24 24" focusable="false" class="chakra-icon css-1g3sp7a" data-testid="btn-icon" aria-hidden="true" height="1em" width="1em" xmlns="http://www.w3.org/2000/svg"><path d="M19 13h-6v6h-2v-6H5v-2h6V5h2v6h6v2z"></path></svg><span class="css-idkz9h">Add Firm Tofu to cart</span></button></div></div></div></div></div></div><div class="css-0"><div class="css-f5i5wc"><div class="chakra-linkbox css-vhnn8v"><div data-testid="product-image" class="css-16dr4ly"><img alt="Sunrise Tofu, Soft 300 g, $0.66/100g" src="https://assets.shop.loblaws.ca/products/20135704/b3/en/front/20135704_front_a06_@2.png" srcset="https://assets.shop.loblaws.ca/products/20135704/b3/en/front/20135704_front_a06_@2.png 1x, https://assets.shop.loblaws.ca/products/20135704/b3/en/front/20135704_front_a06_@2.png 2x" loading="lazy" class="chakra-image css-oguq8l" aria-hidden="true"></div><div class="css-qoklea"><div class="css-12dchmx"></div><div data-testid="price-product-tile" class="css-8atqhb"><p class="chakra-text css-0"><span class="chakra-text css-pwnbcb" data-testid="regular-price"><span class="css-idkz9h">$1.99</span>$1.99</span></p></div><a href="/tofu-soft/p/20135704_EA?source=nspt" class="chakra-linkbox__overlay css-1hnz6hu"><div class="css-0"><p class="chakra-text css-1ecdp9w" data-testid="product-brand">Sunrise</p><h3 class="chakra-heading css-6qrhwc" id="20135704_EA" data-testid="product-title">Tofu, Soft</h3><p class="chakra-text css-1yftjin" data-testid="product-package-size">300 g, $0.66/100g</p></div></a><div class="css-8keand"></div></div><div class="css-1q5omjq"><div class="css-fcebb8"><div data-testid="atc-compact" class="css-y94ivq" style="width: 45px;"><button type="button" class="chakra-button css-mudsm6" data-testid="atc-button"><svg stroke="currentColor" fill="currentColor" stroke-width="0" viewBox="0 0 24 24" focusable="false" class="chakra-icon css-1g3sp7a" data-testid="btn-icon" aria-hidden="true" height="1em" width="1em" xmlns="http://www.w3.org/2000/svg"><path d="M19 13h-6v6h-2v-6H5v-2h6V5h2v6h6v2z"></path></svg><span class="css-idkz9h">Add Tofu, Soft to cart</span></button></div></div></div></div></div></div><div class="css-0"><div class="css-f5i5wc"><div class="chakra-linkbox css-vhnn8v"><div data-testid="product-image" class="css-16dr4ly"><img alt="Sunrise Tofu Dessert, Peach Mango  2x150.0 g, $0.66/100g" src="https://assets.shop.loblaws.ca/products/20569354/b3/en/front/20569354_front_a06_@2.png" srcset="https://assets.shop.loblaws.ca/products/20569354/b3/en/front/20569354_front_a06_@2.png 1x, https://assets.shop.loblaws.ca/products/20569354/b3/en/front/20569354_front_a06_@2.png 2x" loading="lazy" class="chakra-image css-oguq8l" aria-hidden="true"></div><div class="css-qoklea"><div class="css-12dchmx"></div><div data-testid="price-product-tile" class="css-8atqhb"><p class="chakra-text css-0"><span class="chakra-text css-pwnbcb" data-testid="regular-price"><span class="css-idkz9h">$1.99</span>$1.99</span></p></div><a href="/tofu-dessert-peach-mango/p/20569354_EA?source=nspt" class="chakra-linkbox__overlay css-1hnz6hu"><div class="css-0"><p class="chakra-text css-1ecdp9w" data-testid="product-brand">Sunrise</p><h3 class="chakra-heading css-6qrhwc" id="20569354_EA" data-testid="product-title">Tofu Dessert, Peach Mango </h3><p class="chakra-text css-1yftjin" data-testid="product-package-size">2x150.0 g, $0.66/100g</p></div></a><div class="css-8keand"></div></div><div class="css-1q5omjq"><div class="css-fcebb8"><div data-testid="atc-compact" class="css-y94ivq" style="width: 45px;"><button type="button" class="chakra-button css-mudsm6" data-testid="atc-button"><svg stroke="currentColor" fill="currentColor" stroke-width="0" viewBox="0 0 24 24" focusable="false" class="chakra-icon css-1g3sp7a" data-testid="btn-icon" aria-hidden="true" height="1em" width="1em" xmlns="http://www.w3.org/2000/svg"><path d="M19 13h-6v6h-2v-6H5v-2h6V5h2v6h6v2z"></path></svg><span class="css-idkz9h">Add Tofu Dessert, Peach Mango  to cart</span></button></div></div></div></div></div></div><div class="css-0"><div class="css-f5i5wc"><div class="chakra-linkbox css-vhnn8v"><div data-testid="product-image" class="css-16dr4ly"><img alt="Yves Veggie Hot Dogs, Family Pack 450 g, $1.55/100g" src="https://assets.shop.loblaws.ca/products/20032594/b3/en/front/20032594_front_a06_@2.png" srcset="https://assets.shop.loblaws.ca/products/20032594/b3/en/front/20032594_front_a06_@2.png 1x, https://assets.shop.loblaws.ca/products/20032594/b3/en/front/20032594_front_a06_@2.png 2x" loading="lazy" class="chakra-image css-oguq8l" aria-hidden="true"></div><div class="css-qoklea"><div class="css-12dchmx"></div><div data-testid="price-product-tile" class="css-8atqhb"><p class="chakra-text css-0"><span class="chakra-text css-pwnbcb" data-testid="regular-price"><span class="css-idkz9h">$6.99</span>$6.99</span></p></div><a href="/veggie-hot-dogs-family-pack/p/20032594_EA?source=nspt" class="chakra-linkbox__overlay css-1hnz6hu"><div class="css-0"><p class="chakra-text css-1ecdp9w" data-testid="product-brand">Yves</p><h3 class="chakra-heading css-6qrhwc" id="20032594_EA" data-testid="product-title">Veggie Hot Dogs, Family Pack</h3><p class="chakra-text css-1yftjin" data-testid="product-package-size">450 g, $1.55/100g</p></div></a><div class="css-8keand"></div></div><div class="css-1q5omjq"><div class="css-fcebb8"><div data-testid="atc-compact" class="css-y94ivq" style="width: 45px;"><button type="button" class="chakra-button css-mudsm6" data-testid="atc-button"><svg stroke="currentColor" fill="currentColor" stroke-width="0" viewBox="0 0 24 24" focusable="false" class="chakra-icon css-1g3sp7a" data-testid="btn-icon" aria-hidden="true" height="1em" width="1em" xmlns="http://www.w3.org/2000/svg"><path d="M19 13h-6v6h-2v-6H5v-2h6V5h2v6h6v2z"></path></svg><span class="css-idkz9h">Add Veggie Hot Dogs, Family Pack to cart</span></button></div></div></div></div></div></div><div class="css-0"><div class="css-f5i5wc"><div class="chakra-linkbox css-vhnn8v"><div data-testid="product-image" class="css-16dr4ly"><img alt="Sunrise Tofu Smoked, Original 180 g, $2.49/100g" src="https://assets.shop.loblaws.ca/products/21361775/b3/en/front/21361775_front_a06_@2.png" srcset="https://assets.shop.loblaws.ca/products/21361775/b3/en/front/21361775_front_a06_@2.png 1x, https://assets.shop.loblaws.ca/products/21361775/b3/en/front/21361775_front_a06_@2.png 2x" loading="lazy" class="chakra-image css-oguq8l" aria-hidden="true"></div><div class="css-qoklea"><div class="css-12dchmx"></div><div data-testid="price-product-tile" class="css-8atqhb"><p class="chakra-text css-0"><span class="chakra-text css-pwnbcb" data-testid="regular-price"><span class="css-idkz9h">$4.49</span>$4.49</span></p></div><a href="/tofu-smoked-original/p/21361775_EA?source=nspt" class="chakra-linkbox__overlay css-1hnz6hu"><div class="css-0"><p class="chakra-text css-1ecdp9w" data-testid="product-brand">Sunrise</p><h3 class="chakra-heading css-6qrhwc" id="21361775_EA" data-testid="product-title">Tofu Smoked, Original</h3><p class="chakra-text css-1yftjin" data-testid="product-package-size">180 g, $2.49/100g</p></div></a><div class="css-8keand"></div></div><div class="css-1q5omjq"><div class="css-fcebb8"><div data-testid="atc-compact" class="css-y94ivq" style="width: 45px;"><button type="button" class="chakra-button css-mudsm6" data-testid="atc-button"><svg stroke="currentColor" fill="currentColor" stroke-width="0" viewBox="0 0 24 24" focusable="false" class="chakra-icon css-1g3sp7a" data-testid="btn-icon" aria-hidden="true" height="1em" width="1em" xmlns="http://www.w3.org/2000/svg"><path d="M19 13h-6v6h-2v-6H5v-2h6V5h2v6h6v2z"></path></svg><span class="css-idkz9h">Add Tofu Smoked, Original to cart</span></button></div></div></div></div></div></div><div class="css-0"><div class="css-f5i5wc"><div class="chakra-linkbox css-vhnn8v"><div data-testid="product-image" class="css-16dr4ly"><img alt="Fontaine Sante Tofu Extra Firm Plain    400 g, $0.82/100g" src="https://assets.shop.loblaws.ca/products/21290707/b3/en/front/21290707_front_a06_@2.png" srcset="https://assets.shop.loblaws.ca/products/21290707/b3/en/front/21290707_front_a06_@2.png 1x, https://assets.shop.loblaws.ca/products/21290707/b3/en/front/21290707_front_a06_@2.png 2x" loading="lazy" class="chakra-image css-oguq8l" aria-hidden="true"></div><div class="css-qoklea"><div class="css-12dchmx"></div><div data-testid="price-product-tile" class="css-8atqhb"><p class="chakra-text css-0"><span class="chakra-text css-pwnbcb" data-testid="regular-price"><span class="css-idkz9h">$3.29</span>$3.29</span></p></div><a href="/tofu-extra-firm-plain/p/21290707_EA?source=nspt" class="chakra-linkbox__overlay css-1hnz6hu"><div class="css-0"><p class="chakra-text css-1ecdp9w" data-testid="product-brand">Fontaine Sante</p><h3 class="chakra-heading css-6qrhwc" id="21290707_EA" data-testid="product-title">Tofu Extra Firm Plain   </h3><p class="chakra-text css-1yftjin" data-testid="product-package-size">400 g, $0.82/100g</p></div></a><div class="css-8keand"></div></div><div class="css-1q5omjq"><div class="css-fcebb8"><div data-testid="atc-compact" class="css-y94ivq" style="width: 45px;"><button type="button" class="chakra-button css-mudsm6" data-testid="atc-button"><svg stroke="currentColor" fill="currentColor" stroke-width="0" viewBox="0 0 24 24" focusable="false" class="chakra-icon css-1g3sp7a" data-testid="btn-icon" aria-hidden="true" height="1em" width="1em" xmlns="http://www.w3.org/2000/svg"><path d="M19 13h-6v6h-2v-6H5v-2h6V5h2v6h6v2z"></path></svg><span class="css-idkz9h">Add Tofu Extra Firm Plain    to cart</span></button></div></div></div></div></div></div><div class="css-0"><div class="css-f5i5wc"><div class="chakra-linkbox css-vhnn8v"><div data-testid="product-image" class="css-16dr4ly"><img alt="Sunrise Tofu Dessert, Almond Flavoured 2x150.0 g, $0.66/100g" src="https://assets.shop.loblaws.ca/products/20569353/b3/en/front/20569353_front_a06_@2.png" srcset="https://assets.shop.loblaws.ca/products/20569353/b3/en/front/20569353_front_a06_@2.png 1x, https://assets.shop.loblaws.ca/products/20569353/b3/en/front/20569353_front_a06_@2.png 2x" loading="lazy" class="chakra-image css-oguq8l" aria-hidden="true"></div><div class="css-qoklea"><div class="css-12dchmx"></div><div data-testid="price-product-tile" class="css-8atqhb"><p class="chakra-text css-0"><span class="chakra-text css-pwnbcb" data-testid="regular-price"><span class="css-idkz9h">$1.99</span>$1.99</span></p></div><a href="/tofu-dessert-almond-flavoured/p/20569353_EA?source=nspt" class="chakra-linkbox__overlay css-1hnz6hu"><div class="css-0"><p class="chakra-text css-1ecdp9w" data-testid="product-brand">Sunrise</p><h3 class="chakra-heading css-6qrhwc" id="20569353_EA" data-testid="product-title">Tofu Dessert, Almond Flavoured</h3><p class="chakra-text css-1yftjin" data-testid="product-package-size">2x150.0 g, $0.66/100g</p></div></a><div class="css-8keand"></div></div><div class="css-1q5omjq"><div class="css-fcebb8"><div data-testid="atc-compact" class="css-y94ivq" style="width: 45px;"><button type="button" class="chakra-button css-mudsm6" data-testid="atc-button"><svg stroke="currentColor" fill="currentColor" stroke-width="0" viewBox="0 0 24 24" focusable="false" class="chakra-icon css-1g3sp7a" data-testid="btn-icon" aria-hidden="true" height="1em" width="1em" xmlns="http://www.w3.org/2000/svg"><path d="M19 13h-6v6h-2v-6H5v-2h6V5h2v6h6v2z"></path></svg><span class="css-idkz9h">Add Tofu Dessert, Almond Flavoured to cart</span></button></div></div></div></div></div></div><div class="css-0"><div class="css-f5i5wc"><div class="chakra-linkbox css-vhnn8v"><div data-testid="product-image" class="css-16dr4ly"><img alt="Yves Veggie Turkey Slices 155 g, $3.22/100g" src="https://assets.shop.loblaws.ca/products/20597352/b3/en/front/20597352_front_a06_@2.png" srcset="https://assets.shop.loblaws.ca/products/20597352/b3/en/front/20597352_front_a06_@2.png 1x, https://assets.shop.loblaws.ca/products/20597352/b3/en/front/20597352_front_a06_@2.png 2x" loading="lazy" class="chakra-image css-oguq8l" aria-hidden="true"></div><div class="css-qoklea"><div class="css-12dchmx"></div><div data-testid="price-product-tile" class="css-8atqhb"><p class="chakra-text css-0"><span class="chakra-text css-pwnbcb" data-testid="regular-price"><span class="css-idkz9h">$4.99</span>$4.99</span></p></div><a href="/veggie-turkey-slices/p/20597352_EA?source=nspt" class="chakra-linkbox__overlay css-1hnz6hu"><div class="css-0"><p class="chakra-text css-1ecdp9w" data-testid="product-brand">Yves</p><h3 class="chakra-heading css-6qrhwc" id="20597352_EA" data-testid="product-title">Veggie Turkey Slices</h3><p class="chakra-text css-1yftjin" data-testid="product-package-size">155 g, $3.22/100g</p></div></a><div class="css-8keand"></div></div><div class="css-1q5omjq"><div class="css-fcebb8"><div data-testid="atc-compact" class="css-y94ivq" style="width: 45px;"><button type="button" class="chakra-button css-mudsm6" data-testid="atc-button"><svg stroke="currentColor" fill="currentColor" stroke-width="0" viewBox="0 0 24 24" focusable="false" class="chakra-icon css-1g3sp7a" data-testid="btn-icon" aria-hidden="true" height="1em" width="1em" xmlns="http://www.w3.org/2000/svg"><path d="M19 13h-6v6h-2v-6H5v-2h6V5h2v6h6v2z"></path></svg><span class="css-idkz9h">Add Veggie Turkey Slices to cart</span></button></div></div></div></div></div></div><div class="css-0"><div class="css-f5i5wc"><div class="chakra-linkbox css-vhnn8v"><div data-testid="product-image" class="css-16dr4ly"><img alt="Yves Veggie Ham Slices 155 g, $3.22/100g" src="https://assets.shop.loblaws.ca/products/20597353/b3/en/front/20597353_front_a06_@2.png" srcset="https://assets.shop.loblaws.ca/products/20597353/b3/en/front/20597353_front_a06_@2.png 1x, https://assets.shop.loblaws.ca/products/20597353/b3/en/front/20597353_front_a06_@2.png 2x" loading="lazy" class="chakra-image css-oguq8l" aria-hidden="true"></div><div class="css-qoklea"><div class="css-12dchmx"></div><div data-testid="price-product-tile" class="css-8atqhb"><p class="chakra-text css-0"><span class="chakra-text css-pwnbcb" data-testid="regular-price"><span class="css-idkz9h">$4.99</span>$4.99</span></p></div><a href="/veggie-ham-slices/p/20597353_EA?source=nspt" class="chakra-linkbox__overlay css-1hnz6hu"><div class="css-0"><p class="chakra-text css-1ecdp9w" data-testid="product-brand">Yves</p><h3 class="chakra-heading css-6qrhwc" id="20597353_EA" data-testid="product-title">Veggie Ham Slices</h3><p class="chakra-text css-1yftjin" data-testid="product-package-size">155 g, $3.22/100g</p></div></a><div class="css-8keand"></div></div><div class="css-1q5omjq"><div class="css-fcebb8"><div data-testid="atc-compact" class="css-y94ivq" style="width: 45px;"><button type="button" class="chakra-button css-mudsm6" data-testid="atc-button"><svg stroke="currentColor" fill="currentColor" stroke-width="0" viewBox="0 0 24 24" focusable="false" class="chakra-icon css-1g3sp7a" data-testid="btn-icon" aria-hidden="true" height="1em" width="1em" xmlns="http://www.w3.org/2000/svg"><path d="M19 13h-6v6h-2v-6H5v-2h6V5h2v6h6v2z"></path></svg><span class="css-idkz9h">Add Veggie Ham Slices to cart</span></button></div></div></div></div></div></div><div class="css-0"><div class="css-f5i5wc"><div class="chakra-linkbox css-vhnn8v"><div data-testid="product-image" class="css-16dr4ly"><img alt="Rooster Silken Tofu 454 g, $0.55/100g" src="https://assets.shop.loblaws.ca/products/21476068/b3/en/front/21476068_front_a06_@2.png" srcset="https://assets.shop.loblaws.ca/products/21476068/b3/en/front/21476068_front_a06_@2.png 1x, https://assets.shop.loblaws.ca/products/21476068/b3/en/front/21476068_front_a06_@2.png 2x" loading="lazy" class="chakra-image css-oguq8l" aria-hidden="true"></div><div class="css-qoklea"><div class="css-12dchmx"></div><div data-testid="price-product-tile" class="css-8atqhb"><p class="chakra-text css-0"><span class="chakra-text css-pwnbcb" data-testid="regular-price"><span class="css-idkz9h">$2.49</span>$2.49</span></p></div><a href="/silken-tofu/p/21476068_EA?source=nspt" class="chakra-linkbox__overlay css-1hnz6hu"><div class="css-0"><p class="chakra-text css-1ecdp9w" data-testid="product-brand">Rooster</p><h3 class="chakra-heading css-6qrhwc" id="21476068_EA" data-testid="product-title">Silken Tofu</h3><p class="chakra-text css-1yftjin" data-testid="product-package-size">454 g, $0.55/100g</p></div></a><div class="css-8keand"></div></div><div class="css-1q5omjq"><div class="css-fcebb8"><div data-testid="atc-compact" class="css-y94ivq" style="width: 45px;"><button type="button" class="chakra-button css-mudsm6" data-testid="atc-button"><svg stroke="currentColor" fill="currentColor" stroke-width="0" viewBox="0 0 24 24" focusable="false" class="chakra-icon css-1g3sp7a" data-testid="btn-icon" aria-hidden="true" height="1em" width="1em" xmlns="http://www.w3.org/2000/svg"><path d="M19 13h-6v6h-2v-6H5v-2h6V5h2v6h6v2z"></path></svg><span class="css-idkz9h">Add Silken Tofu to cart</span></button></div></div></div></div></div></div><div class="css-0"><div class="css-f5i5wc"><div class="chakra-linkbox css-vhnn8v"><div data-testid="product-image" class="css-16dr4ly"><img alt="Rooster Medium Firm Tofu 454 g, $0.55/100g" src="https://assets.shop.loblaws.ca/products/21474492/b3/en/front/21474492_front_a06_@2.png" srcset="https://assets.shop.loblaws.ca/products/21474492/b3/en/front/21474492_front_a06_@2.png 1x, https://assets.shop.loblaws.ca/products/21474492/b3/en/front/21474492_front_a06_@2.png 2x" loading="lazy" class="chakra-image css-oguq8l" aria-hidden="true"></div><div class="css-qoklea"><div class="css-12dchmx"></div><div data-testid="price-product-tile" class="css-8atqhb"><p class="chakra-text css-0"><span class="chakra-text css-pwnbcb" data-testid="regular-price"><span class="css-idkz9h">$2.49</span>$2.49</span></p></div><a href="/medium-firm-tofu/p/21474492_EA?source=nspt" class="chakra-linkbox__overlay css-1hnz6hu"><div class="css-0"><p class="chakra-text css-1ecdp9w" data-testid="product-brand">Rooster</p><h3 class="chakra-heading css-6qrhwc" id="21474492_EA" data-testid="product-title">Medium Firm Tofu</h3><p class="chakra-text css-1yftjin" data-testid="product-package-size">454 g, $0.55/100g</p></div></a><div class="css-8keand"></div></div><div class="css-1q5omjq"><div class="css-fcebb8"><div data-testid="atc-compact" class="css-y94ivq" style="width: 45px;"><button type="button" class="chakra-button css-mudsm6" data-testid="atc-button"><svg stroke="currentColor" fill="currentColor" stroke-width="0" viewBox="0 0 24 24" focusable="false" class="chakra-icon css-1g3sp7a" data-testid="btn-icon" aria-hidden="true" height="1em" width="1em" xmlns="http://www.w3.org/2000/svg"><path d="M19 13h-6v6h-2v-6H5v-2h6V5h2v6h6v2z"></path></svg><span class="css-idkz9h">Add Medium Firm Tofu to cart</span></button></div></div></div></div></div></div><div class="css-0"><div class="css-f5i5wc"><div class="chakra-linkbox css-vhnn8v"><div data-testid="product-image" class="css-16dr4ly"><img alt="Yves Veggie Ground Round, Original 340 g, $1.91/100g" src="https://assets.shop.loblaws.ca/products/20507159/b3/en/front/20507159_front_a06_@2.png" srcset="https://assets.shop.loblaws.ca/products/20507159/b3/en/front/20507159_front_a06_@2.png 1x, https://assets.shop.loblaws.ca/products/20507159/b3/en/front/20507159_front_a06_@2.png 2x" loading="lazy" class="chakra-image css-oguq8l" aria-hidden="true"></div><div class="css-qoklea"><div class="css-12dchmx"></div><div data-testid="price-product-tile" class="css-8atqhb"><p class="chakra-text css-0"><span class="chakra-text css-pwnbcb" data-testid="regular-price"><span class="css-idkz9h">$6.49</span>$6.49</span></p></div><a href="/veggie-ground-round-original/p/20507159_EA?source=nspt" class="chakra-linkbox__overlay css-1hnz6hu"><div class="css-0"><p class="chakra-text css-1ecdp9w" data-testid="product-brand">Yves</p><h3 class="chakra-heading css-6qrhwc" id="20507159_EA" data-testid="product-title">Veggie Ground Round, Original</h3><p class="chakra-text css-1yftjin" data-testid="product-package-size">340 g, $1.91/100g</p></div></a><div class="css-8keand"></div></div><div class="css-1q5omjq"><div class="css-fcebb8"><div data-testid="atc-compact" class="css-y94ivq" style="width: 45px;"><button type="button" class="chakra-button css-mudsm6" data-testid="atc-button"><svg stroke="currentColor" fill="currentColor" stroke-width="0" viewBox="0 0 24 24" focusable="false" class="chakra-icon css-1g3sp7a" data-testid="btn-icon" aria-hidden="true" height="1em" width="1em" xmlns="http://www.w3.org/2000/svg"><path d="M19 13h-6v6h-2v-6H5v-2h6V5h2v6h6v2z"></path></svg><span class="css-idkz9h">Add Veggie Ground Round, Original to cart</span></button></div></div></div></div></div></div><div class="css-0"><div class="css-f5i5wc"><div class="chakra-linkbox css-vhnn8v"><div data-testid="product-image" class="css-16dr4ly"><img alt="Soyganic Tofu Firm Organic 500 g 500 g, $0.80/100g" src="https://assets.shop.loblaws.ca/products/21371229/b3/en/front/21371229_front_a06_@2.png" srcset="https://assets.shop.loblaws.ca/products/21371229/b3/en/front/21371229_front_a06_@2.png 1x, https://assets.shop.loblaws.ca/products/21371229/b3/en/front/21371229_front_a06_@2.png 2x" loading="lazy" class="chakra-image css-oguq8l" aria-hidden="true"></div><div class="css-qoklea"><div class="css-12dchmx"></div><div data-testid="price-product-tile" class="css-8atqhb"><p class="chakra-text css-0"><span class="chakra-text css-pwnbcb" data-testid="regular-price"><span class="css-idkz9h">$3.99</span>$3.99</span></p></div><a href="/tofu-firm-organic-500-g/p/21371229_EA?source=nspt" class="chakra-linkbox__overlay css-1hnz6hu"><div class="css-0"><p class="chakra-text css-1ecdp9w" data-testid="product-brand">Soyganic</p><h3 class="chakra-heading css-6qrhwc" id="21371229_EA" data-testid="product-title">Tofu Firm Organic 500 g</h3><p class="chakra-text css-1yftjin" data-testid="product-package-size">500 g, $0.80/100g</p></div></a><div class="css-8keand"></div></div><div class="css-1q5omjq"><div class="css-fcebb8"><div data-testid="atc-compact" class="css-y94ivq" style="width: 45px;"><button type="button" class="chakra-button css-mudsm6" data-testid="atc-button"><svg stroke="currentColor" fill="currentColor" stroke-width="0" viewBox="0 0 24 24" focusable="false" class="chakra-icon css-1g3sp7a" data-testid="btn-icon" aria-hidden="true" height="1em" width="1em" xmlns="http://www.w3.org/2000/svg"><path d="M19 13h-6v6h-2v-6H5v-2h6V5h2v6h6v2z"></path></svg><span class="css-idkz9h">Add Tofu Firm Organic 500 g to cart</span></button></div></div></div></div></div></div><div class="css-0"><div class="css-f5i5wc"><div class="chakra-linkbox css-vhnn8v"><div data-testid="product-image" class="css-16dr4ly"><img alt="Daiya Dairy Free Mozzarella Cheese Shreds 200 g, $3.00/100g" src="https://assets.shop.loblaws.ca/products/21207740/b3/en/front/21207740_front_a06_@2.png" srcset="https://assets.shop.loblaws.ca/products/21207740/b3/en/front/21207740_front_a06_@2.png 1x, https://assets.shop.loblaws.ca/products/21207740/b3/en/front/21207740_front_a06_@2.png 2x" loading="lazy" class="chakra-image css-oguq8l" aria-hidden="true"></div><div class="css-qoklea"><div class="css-12dchmx"></div><div data-testid="price-product-tile" class="css-8atqhb"><p class="chakra-text css-0"><span class="chakra-text css-pwnbcb" data-testid="regular-price"><span class="css-idkz9h">$5.99</span>$5.99</span></p></div><a href="/dairy-free-mozzarella-cheese-shreds/p/21207740_EA?source=nspt" class="chakra-linkbox__overlay css-1hnz6hu"><div class="css-0"><p class="chakra-text css-1ecdp9w" data-testid="product-brand">Daiya</p><h3 class="chakra-heading css-6qrhwc" id="21207740_EA" data-testid="product-title">Dairy Free Mozzarella Cheese Shreds</h3><p class="chakra-text css-1yftjin" data-testid="product-package-size">200 g, $3.00/100g</p></div></a><div class="css-8keand"></div></div><div class="css-1q5omjq"><div class="css-fcebb8"><div data-testid="atc-compact" class="css-y94ivq" style="width: 45px;"><button type="button" class="chakra-button css-mudsm6" data-testid="atc-button"><svg stroke="currentColor" fill="currentColor" stroke-width="0" viewBox="0 0 24 24" focusable="false" class="chakra-icon css-1g3sp7a" data-testid="btn-icon" aria-hidden="true" height="1em" width="1em" xmlns="http://www.w3.org/2000/svg"><path d="M19 13h-6v6h-2v-6H5v-2h6V5h2v6h6v2z"></path></svg><span class="css-idkz9h">Add Dairy Free Mozzarella Cheese Shreds to cart</span></button></div></div></div></div></div></div><div class="css-0"><div class="css-f5i5wc"><div class="chakra-linkbox css-vhnn8v"><div data-testid="product-image" class="css-16dr4ly"><img alt="Lightlife Smart Dogs Plant-Based Vegan Hot Dogs 340 g, $1.47/100g" src="https://assets.shop.loblaws.ca/products/21188678/b3/en/front/21188678_front_a06_@2.png" srcset="https://assets.shop.loblaws.ca/products/21188678/b3/en/front/21188678_front_a06_@2.png 1x, https://assets.shop.loblaws.ca/products/21188678/b3/en/front/21188678_front_a06_@2.png 2x" loading="lazy" class="chakra-image css-oguq8l" aria-hidden="true"></div><div class="css-qoklea"><div class="css-12dchmx"></div><div data-testid="price-product-tile" class="css-8atqhb"><p class="chakra-text css-0"><span class="chakra-text css-pwnbcb" data-testid="regular-price"><span class="css-idkz9h">$4.99</span>$4.99</span></p></div><a href="/smart-dogs-plant-based-vegan-hot-dogs/p/21188678_EA?source=nspt" class="chakra-linkbox__overlay css-1hnz6hu"><div class="css-0"><p class="chakra-text css-1ecdp9w" data-testid="product-brand">Lightlife</p><h3 class="chakra-heading css-6qrhwc" id="21188678_EA" data-testid="product-title">Smart Dogs Plant-Based Vegan Hot Dogs</h3><p class="chakra-text css-1yftjin" data-testid="product-package-size">340 g, $1.47/100g</p></div></a><div class="css-8keand"></div></div><div class="css-1q5omjq"><div class="css-fcebb8"><div data-testid="atc-compact" class="css-y94ivq" style="width: 45px;"><button type="button" class="chakra-button css-mudsm6" data-testid="atc-button"><svg stroke="currentColor" fill="currentColor" stroke-width="0" viewBox="0 0 24 24" focusable="false" class="chakra-icon css-1g3sp7a" data-testid="btn-icon" aria-hidden="true" height="1em" width="1em" xmlns="http://www.w3.org/2000/svg"><path d="M19 13h-6v6h-2v-6H5v-2h6V5h2v6h6v2z"></path></svg><span class="css-idkz9h">Add Smart Dogs Plant-Based Vegan Hot Dogs to cart</span></button></div></div></div></div></div></div><div class="css-0"><div class="css-f5i5wc"><div class="chakra-linkbox css-vhnn8v"><div data-testid="product-image" class="css-16dr4ly"><img alt="Boursin Dairy Free Cheese 170 g, $4.58/100g" src="https://assets.shop.loblaws.ca/products/21359049/b3/en/front/21359049_front_a06_@2.png" srcset="https://assets.shop.loblaws.ca/products/21359049/b3/en/front/21359049_front_a06_@2.png 1x, https://assets.shop.loblaws.ca/products/21359049/b3/en/front/21359049_front_a06_@2.png 2x" loading="lazy" class="chakra-image css-oguq8l" aria-hidden="true"></div><div class="css-qoklea"><div class="css-12dchmx"></div><div data-testid="price-product-tile" class="css-8atqhb"><p class="chakra-text css-0"><span class="chakra-text css-pwnbcb" data-testid="regular-price"><span class="css-idkz9h">$7.79</span>$7.79</span></p></div><a href="/dairy-free-cheese/p/21359049_EA?source=nspt" class="chakra-linkbox__overlay css-1hnz6hu"><div class="css-0"><p class="chakra-text css-1ecdp9w" data-testid="product-brand">Boursin</p><h3 class="chakra-heading css-6qrhwc" id="21359049_EA" data-testid="product-title">Dairy Free Cheese</h3><p class="chakra-text css-1yftjin" data-testid="product-package-size">170 g, $4.58/100g</p></div></a><div class="css-8keand"></div></div><div class="css-1q5omjq"><div class="css-fcebb8"><div data-testid="atc-compact" class="css-y94ivq" style="width: 45px;"><button type="button" class="chakra-button css-mudsm6" data-testid="atc-button"><svg stroke="currentColor" fill="currentColor" stroke-width="0" viewBox="0 0 24 24" focusable="false" class="chakra-icon css-1g3sp7a" data-testid="btn-icon" aria-hidden="true" height="1em" width="1em" xmlns="http://www.w3.org/2000/svg"><path d="M19 13h-6v6h-2v-6H5v-2h6V5h2v6h6v2z"></path></svg><span class="css-idkz9h">Add Dairy Free Cheese to cart</span></button></div></div></div></div></div></div><div class="css-0"><div class="css-f5i5wc"><div class="chakra-linkbox css-vhnn8v"><div data-testid="product-image" class="css-16dr4ly"><img alt="Yves Good Veggie Burger 300 g, $2.33/100g" src="https://assets.shop.loblaws.ca/products/20563191/b3/en/front/20563191_front_a06_@2.png" srcset="https://assets.shop.loblaws.ca/products/20563191/b3/en/front/20563191_front_a06_@2.png 1x, https://assets.shop.loblaws.ca/products/20563191/b3/en/front/20563191_front_a06_@2.png 2x" loading="lazy" class="chakra-image css-oguq8l" aria-hidden="true"></div><div class="css-qoklea"><div class="css-12dchmx"></div><div data-testid="price-product-tile" class="css-8atqhb"><p class="chakra-text css-0"><span class="chakra-text css-pwnbcb" data-testid="regular-price"><span class="css-idkz9h">$6.99</span>$6.99</span></p></div><a href="/good-veggie-burger/p/20563191_EA?source=nspt" class="chakra-linkbox__overlay css-1hnz6hu"><div class="css-0"><p class="chakra-text css-1ecdp9w" data-testid="product-brand">Yves</p><h3 class="chakra-heading css-6qrhwc" id="20563191_EA" data-testid="product-title">Good Veggie Burger</h3><p class="chakra-text css-1yftjin" data-testid="product-package-size">300 g, $2.33/100g</p></div></a><div class="css-8keand"></div></div><div class="css-1q5omjq"><div class="css-fcebb8"><div data-testid="atc-compact" class="css-y94ivq" style="width: 45px;"><button type="button" class="chakra-button css-mudsm6" data-testid="atc-button"><svg stroke="currentColor" fill="currentColor" stroke-width="0" viewBox="0 0 24 24" focusable="false" class="chakra-icon css-1g3sp7a" data-testid="btn-icon" aria-hidden="true" height="1em" width="1em" xmlns="http://www.w3.org/2000/svg"><path d="M19 13h-6v6h-2v-6H5v-2h6V5h2v6h6v2z"></path></svg><span class="css-idkz9h">Add Good Veggie Burger to cart</span></button></div></div></div></div></div></div><div class="css-0"><div class="css-f5i5wc"><div class="chakra-linkbox css-vhnn8v"><div data-testid="product-image" class="css-16dr4ly"><img alt="Sunrise Tofu, Firm 500 g, $0.70/100g" src="https://assets.shop.loblaws.ca/products/21589828/b3/en/front/21589828_front_a06_@2.png" srcset="https://assets.shop.loblaws.ca/products/21589828/b3/en/front/21589828_front_a06_@2.png 1x, https://assets.shop.loblaws.ca/products/21589828/b3/en/front/21589828_front_a06_@2.png 2x" loading="lazy" class="chakra-image css-oguq8l" aria-hidden="true"></div><div class="css-qoklea"><div class="css-12dchmx"></div><div data-testid="price-product-tile" class="css-8atqhb"><p class="chakra-text css-0"><span class="chakra-text css-pwnbcb" data-testid="regular-price"><span class="css-idkz9h">$3.49</span>$3.49</span></p></div><a href="/tofu-firm/p/21589828_EA?source=nspt" class="chakra-linkbox__overlay css-1hnz6hu"><div class="css-0"><p class="chakra-text css-1ecdp9w" data-testid="product-brand">Sunrise</p><h3 class="chakra-heading css-6qrhwc" id="21589828_EA" data-testid="product-title">Tofu, Firm</h3><p class="chakra-text css-1yftjin" data-testid="product-package-size">500 g, $0.70/100g</p></div></a><div class="css-8keand"></div></div><div class="css-1q5omjq"><div class="css-fcebb8"><div data-testid="atc-compact" class="css-y94ivq" style="width: 45px;"><button type="button" class="chakra-button css-mudsm6" data-testid="atc-button"><svg stroke="currentColor" fill="currentColor" stroke-width="0" viewBox="0 0 24 24" focusable="false" class="chakra-icon css-1g3sp7a" data-testid="btn-icon" aria-hidden="true" height="1em" width="1em" xmlns="http://www.w3.org/2000/svg"><path d="M19 13h-6v6h-2v-6H5v-2h6V5h2v6h6v2z"></path></svg><span class="css-idkz9h">Add Tofu, Firm to cart</span></button></div></div></div></div></div></div><div class="css-0"><div class="css-f5i5wc"><div class="chakra-linkbox css-vhnn8v"><div data-testid="product-image" class="css-16dr4ly"><img alt="Daiya Dairy Free Cheddar Cheese Shreds 200 g, $3.00/100g" src="https://assets.shop.loblaws.ca/products/21070311/b3/en/front/21070311_front_a06_@2.png" srcset="https://assets.shop.loblaws.ca/products/21070311/b3/en/front/21070311_front_a06_@2.png 1x, https://assets.shop.loblaws.ca/products/21070311/b3/en/front/21070311_front_a06_@2.png 2x" loading="lazy" class="chakra-image css-oguq8l" aria-hidden="true"></div><div class="css-qoklea"><div class="css-12dchmx"></div><div data-testid="price-product-tile" class="css-8atqhb"><p class="chakra-text css-0"><span class="chakra-text css-pwnbcb" data-testid="regular-price"><span class="css-idkz9h">$5.99</span>$5.99</span></p></div><a href="/dairy-free-cheddar-cheese-shreds/p/21070311_EA?source=nspt" class="chakra-linkbox__overlay css-1hnz6hu"><div class="css-0"><p class="chakra-text css-1ecdp9w" data-testid="product-brand">Daiya</p><h3 class="chakra-heading css-6qrhwc" id="21070311_EA" data-testid="product-title">Dairy Free Cheddar Cheese Shreds</h3><p class="chakra-text css-1yftjin" data-testid="product-package-size">200 g, $3.00/100g</p></div></a><div class="css-8keand"></div></div><div class="css-1q5omjq"><div class="css-fcebb8"><div data-testid="atc-compact" class="css-y94ivq" style="width: 45px;"><button type="button" class="chakra-button css-mudsm6" data-testid="atc-button"><svg stroke="currentColor" fill="currentColor" stroke-width="0" viewBox="0 0 24 24" focusable="false" class="chakra-icon css-1g3sp7a" data-testid="btn-icon" aria-hidden="true" height="1em" width="1em" xmlns="http://www.w3.org/2000/svg"><path d="M19 13h-6v6h-2v-6H5v-2h6V5h2v6h6v2z"></path></svg><span class="css-idkz9h">Add Dairy Free Cheddar Cheese Shreds to cart</span></button></div></div></div></div></div></div><div class="css-0"><div class="css-f5i5wc"><div class="chakra-linkbox css-vhnn8v"><div data-testid="product-image" class="css-16dr4ly"><img alt="Yves Ground Round, Club Pack 1248 g, $1.20/100g" src="https://assets.shop.loblaws.ca/products/20089678/b3/en/front/20089678_front_a06_@2.png" srcset="https://assets.shop.loblaws.ca/products/20089678/b3/en/front/20089678_front_a06_@2.png 1x, https://assets.shop.loblaws.ca/products/20089678/b3/en/front/20089678_front_a06_@2.png 2x" loading="lazy" class="chakra-image css-oguq8l" aria-hidden="true"></div><div class="css-qoklea"><div class="css-12dchmx"></div><div data-testid="price-product-tile" class="css-8atqhb"><p class="chakra-text css-0"><span class="chakra-text css-pwnbcb" data-testid="regular-price"><span class="css-idkz9h">$14.99</span>$14.99</span></p></div><a href="/ground-round-club-pack/p/20089678_EA?source=nspt" class="chakra-linkbox__overlay css-1hnz6hu"><div class="css-0"><p class="chakra-text css-1ecdp9w" data-testid="product-brand">Yves</p><h3 class="chakra-heading css-6qrhwc" id="20089678_EA" data-testid="product-title">Ground Round, Club Pack</h3><p class="chakra-text css-1yftjin" data-testid="product-package-size">1248 g, $1.20/100g</p></div></a><div class="css-8keand"></div></div><div class="css-1q5omjq"><div class="css-fcebb8"><div data-testid="atc-compact" class="css-y94ivq" style="width: 45px;"><button type="button" class="chakra-button css-mudsm6" data-testid="atc-button"><svg stroke="currentColor" fill="currentColor" stroke-width="0" viewBox="0 0 24 24" focusable="false" class="chakra-icon css-1g3sp7a" data-testid="btn-icon" aria-hidden="true" height="1em" width="1em" xmlns="http://www.w3.org/2000/svg"><path d="M19 13h-6v6h-2v-6H5v-2h6V5h2v6h6v2z"></path></svg><span class="css-idkz9h">Add Ground Round, Club Pack to cart</span></button></div></div></div></div></div></div><div class="css-0"><div class="css-f5i5wc"><div class="chakra-linkbox css-vhnn8v"><div data-testid="product-image" class="css-16dr4ly"><img alt="Yves Veggie Ground Round, Mexican 340 g, $1.91/100g" src="https://assets.shop.loblaws.ca/products/20507161/b3/en/front/20507161_front_a06_@2.png" srcset="https://assets.shop.loblaws.ca/products/20507161/b3/en/front/20507161_front_a06_@2.png 1x, https://assets.shop.loblaws.ca/products/20507161/b3/en/front/20507161_front_a06_@2.png 2x" loading="lazy" class="chakra-image css-oguq8l" aria-hidden="true"></div><div class="css-qoklea"><div class="css-12dchmx"></div><div data-testid="price-product-tile" class="css-8atqhb"><p class="chakra-text css-0"><span class="chakra-text css-pwnbcb" data-testid="regular-price"><span class="css-idkz9h">$6.49</span>$6.49</span></p></div><a href="/veggie-ground-round-mexican/p/20507161_EA?source=nspt" class="chakra-linkbox__overlay css-1hnz6hu"><div class="css-0"><p class="chakra-text css-1ecdp9w" data-testid="product-brand">Yves</p><h3 class="chakra-heading css-6qrhwc" id="20507161_EA" data-testid="product-title">Veggie Ground Round, Mexican</h3><p class="chakra-text css-1yftjin" data-testid="product-package-size">340 g, $1.91/100g</p></div></a><div class="css-8keand"></div></div><div class="css-1q5omjq"><div class="css-fcebb8"><div data-testid="atc-compact" class="css-y94ivq" style="width: 45px;"><button type="button" class="chakra-button css-mudsm6" data-testid="atc-button"><svg stroke="currentColor" fill="currentColor" stroke-width="0" viewBox="0 0 24 24" focusable="false" class="chakra-icon css-1g3sp7a" data-testid="btn-icon" aria-hidden="true" height="1em" width="1em" xmlns="http://www.w3.org/2000/svg"><path d="M19 13h-6v6h-2v-6H5v-2h6V5h2v6h6v2z"></path></svg><span class="css-idkz9h">Add Veggie Ground Round, Mexican to cart</span></button></div></div></div></div></div></div><div class="css-0"><div class="css-f5i5wc"><div class="chakra-linkbox css-vhnn8v"><div data-testid="product-image" class="css-16dr4ly"><img alt="Yves Veggie Bologna 155 g, $3.22/100g" src="https://assets.shop.loblaws.ca/products/20596883/b3/en/front/20596883_front_a06_@2.png" srcset="https://assets.shop.loblaws.ca/products/20596883/b3/en/front/20596883_front_a06_@2.png 1x, https://assets.shop.loblaws.ca/products/20596883/b3/en/front/20596883_front_a06_@2.png 2x" loading="lazy" class="chakra-image css-oguq8l" aria-hidden="true"></div><div class="css-qoklea"><div class="css-12dchmx"></div><div data-testid="price-product-tile" class="css-8atqhb"><p class="chakra-text css-0"><span class="chakra-text css-pwnbcb" data-testid="regular-price"><span class="css-idkz9h">$4.99</span>$4.99</span></p></div><a href="/veggie-bologna/p/20596883_EA?source=nspt" class="chakra-linkbox__overlay css-1hnz6hu"><div class="css-0"><p class="chakra-text css-1ecdp9w" data-testid="product-brand">Yves</p><h3 class="chakra-heading css-6qrhwc" id="20596883_EA" data-testid="product-title">Veggie Bologna</h3><p class="chakra-text css-1yftjin" data-testid="product-package-size">155 g, $3.22/100g</p></div></a><div class="css-8keand"></div></div><div class="css-1q5omjq"><div class="css-fcebb8"><div data-testid="atc-compact" class="css-y94ivq" style="width: 45px;"><button type="button" class="chakra-button css-mudsm6" data-testid="atc-button"><svg stroke="currentColor" fill="currentColor" stroke-width="0" viewBox="0 0 24 24" focusable="false" class="chakra-icon css-1g3sp7a" data-testid="btn-icon" aria-hidden="true" height="1em" width="1em" xmlns="http://www.w3.org/2000/svg"><path d="M19 13h-6v6h-2v-6H5v-2h6V5h2v6h6v2z"></path></svg><span class="css-idkz9h">Add Veggie Bologna to cart</span></button></div></div></div></div></div></div><div class="css-0"><div class="css-f5i5wc"><div class="chakra-linkbox css-vhnn8v"><div data-testid="product-image" class="css-16dr4ly"><img alt="Babybel Cheese, Plant Based 100 g, $5.99/100g" src="https://assets.shop.loblaws.ca/products/21469509/b3/en/front/21469509_front_a06_@2.png" srcset="https://assets.shop.loblaws.ca/products/21469509/b3/en/front/21469509_front_a06_@2.png 1x, https://assets.shop.loblaws.ca/products/21469509/b3/en/front/21469509_front_a06_@2.png 2x" loading="lazy" class="chakra-image css-oguq8l" aria-hidden="true"></div><div class="css-qoklea"><div class="css-12dchmx"></div><div data-testid="price-product-tile" class="css-8atqhb"><p class="chakra-text css-0"><span class="chakra-text css-pwnbcb" data-testid="regular-price"><span class="css-idkz9h">$5.99</span>$5.99</span></p></div><a href="/cheese-plant-based/p/21469509_EA?source=nspt" class="chakra-linkbox__overlay css-1hnz6hu"><div class="css-0"><p class="chakra-text css-1ecdp9w" data-testid="product-brand">Babybel</p><h3 class="chakra-heading css-6qrhwc" id="21469509_EA" data-testid="product-title">Cheese, Plant Based</h3><p class="chakra-text css-1yftjin" data-testid="product-package-size">100 g, $5.99/100g</p></div></a><div class="css-8keand"></div></div><div class="css-1q5omjq"><div class="css-fcebb8"><div data-testid="atc-compact" class="css-y94ivq" style="width: 45px;"><button type="button" class="chakra-button css-mudsm6" data-testid="atc-button"><svg stroke="currentColor" fill="currentColor" stroke-width="0" viewBox="0 0 24 24" focusable="false" class="chakra-icon css-1g3sp7a" data-testid="btn-icon" aria-hidden="true" height="1em" width="1em" xmlns="http://www.w3.org/2000/svg"><path d="M19 13h-6v6h-2v-6H5v-2h6V5h2v6h6v2z"></path></svg><span class="css-idkz9h">Add Cheese, Plant Based to cart</span></button></div></div></div></div></div></div><div class="css-0"><div class="css-f5i5wc"><div class="chakra-linkbox css-vhnn8v"><div data-testid="product-image" class="css-16dr4ly"><img alt="JUST Egg Plant -Based Egg 500 g, $2.10/100g" src="https://assets.shop.loblaws.ca/products/21595685/b3/en/front/21595685_front_a06_@2.png" srcset="https://assets.shop.loblaws.ca/products/21595685/b3/en/front/21595685_front_a06_@2.png 1x, https://assets.shop.loblaws.ca/products/21595685/b3/en/front/21595685_front_a06_@2.png 2x" loading="lazy" class="chakra-image css-oguq8l" aria-hidden="true"></div><div class="css-qoklea"><div class="css-12dchmx"></div><div data-testid="price-product-tile" class="css-8atqhb"><p class="chakra-text css-0"><span class="chakra-text css-pwnbcb" data-testid="regular-price"><span class="css-idkz9h">$10.49</span>$10.49</span></p></div><a href="/plant-based-egg/p/21595685_EA?source=nspt" class="chakra-linkbox__overlay css-1hnz6hu"><div class="css-0"><p class="chakra-text css-1ecdp9w" data-testid="product-brand">JUST Egg</p><h3 class="chakra-heading css-6qrhwc" id="21595685_EA" data-testid="product-title">Plant -Based Egg</h3><p class="chakra-text css-1yftjin" data-testid="product-package-size">500 g, $2.10/100g</p></div></a><div class="css-8keand"></div></div><div class="css-1q5omjq"><div class="css-fcebb8"><div data-testid="atc-compact" class="css-y94ivq" style="width: 45px;"><button type="button" class="chakra-button css-mudsm6" data-testid="atc-button"><svg stroke="currentColor" fill="currentColor" stroke-width="0" viewBox="0 0 24 24" focusable="false" class="chakra-icon css-1g3sp7a" data-testid="btn-icon" aria-hidden="true" height="1em" width="1em" xmlns="http://www.w3.org/2000/svg"><path d="M19 13h-6v6h-2v-6H5v-2h6V5h2v6h6v2z"></path></svg><span class="css-idkz9h">Add Plant -Based Egg to cart</span></button></div></div></div></div></div></div><div class="css-0"><div class="css-f5i5wc"><div class="chakra-linkbox css-vhnn8v"><div data-testid="product-image" class="css-16dr4ly"><img alt="The Laughing Cow Plant-Based Spread Plant-Based Garlic &amp; Herbs 128 g, $4.68/100g" src="https://assets.shop.loblaws.ca/products/21574222/b3/en/front/21574222_front_a06_@2.png" srcset="https://assets.shop.loblaws.ca/products/21574222/b3/en/front/21574222_front_a06_@2.png 1x, https://assets.shop.loblaws.ca/products/21574222/b3/en/front/21574222_front_a06_@2.png 2x" loading="lazy" class="chakra-image css-oguq8l" aria-hidden="true"></div><div class="css-qoklea"><div class="css-12dchmx"></div><div data-testid="price-product-tile" class="css-8atqhb"><p class="chakra-text css-0"><span class="chakra-text css-pwnbcb" data-testid="regular-price"><span class="css-idkz9h">$5.99</span>$5.99</span></p></div><a href="/plant-based-spread-plant-based-garlic-herbs/p/21574222_EA?source=nspt" class="chakra-linkbox__overlay css-1hnz6hu"><div class="css-0"><p class="chakra-text css-1ecdp9w" data-testid="product-brand">The Laughing Cow</p><h3 class="chakra-heading css-6qrhwc" id="21574222_EA" data-testid="product-title">Plant-Based Spread Plant-Based Garlic &amp; Herbs</h3><p class="chakra-text css-1yftjin" data-testid="product-package-size">128 g, $4.68/100g</p></div></a><div class="css-8keand"></div></div><div class="css-1q5omjq"><div class="css-fcebb8"><div data-testid="atc-compact" class="css-y94ivq" style="width: 45px;"><button type="button" class="chakra-button css-mudsm6" data-testid="atc-button"><svg stroke="currentColor" fill="currentColor" stroke-width="0" viewBox="0 0 24 24" focusable="false" class="chakra-icon css-1g3sp7a" data-testid="btn-icon" aria-hidden="true" height="1em" width="1em" xmlns="http://www.w3.org/2000/svg"><path d="M19 13h-6v6h-2v-6H5v-2h6V5h2v6h6v2z"></path></svg><span class="css-idkz9h">Add Plant-Based Spread Plant-Based Garlic &amp; Herbs to cart</span></button></div></div></div></div></div></div><div class="css-0"><div class="css-f5i5wc"><div class="chakra-linkbox css-vhnn8v"><div data-testid="product-image" class="css-16dr4ly"><img alt="Soyganic Medium Firm Organic Tofu 454 g, $0.88/100g" src="https://assets.shop.loblaws.ca/products/21359781/b3/en/front/21359781_front_a06_@2.png" srcset="https://assets.shop.loblaws.ca/products/21359781/b3/en/front/21359781_front_a06_@2.png 1x, https://assets.shop.loblaws.ca/products/21359781/b3/en/front/21359781_front_a06_@2.png 2x" loading="lazy" class="chakra-image css-oguq8l" aria-hidden="true"></div><div class="css-qoklea"><div class="css-12dchmx"></div><div data-testid="price-product-tile" class="css-8atqhb"><p class="chakra-text css-0"><span class="chakra-text css-pwnbcb" data-testid="regular-price"><span class="css-idkz9h">$3.99</span>$3.99</span></p></div><a href="/medium-firm-organic-tofu/p/21359781_EA?source=nspt" class="chakra-linkbox__overlay css-1hnz6hu"><div class="css-0"><p class="chakra-text css-1ecdp9w" data-testid="product-brand">Soyganic</p><h3 class="chakra-heading css-6qrhwc" id="21359781_EA" data-testid="product-title">Medium Firm Organic Tofu</h3><p class="chakra-text css-1yftjin" data-testid="product-package-size">454 g, $0.88/100g</p></div></a><div class="css-8keand"></div></div><div class="css-1q5omjq"><div class="css-fcebb8"><div data-testid="atc-compact" class="css-y94ivq" style="width: 45px;"><button type="button" class="chakra-button css-mudsm6" data-testid="atc-button"><svg stroke="currentColor" fill="currentColor" stroke-width="0" viewBox="0 0 24 24" focusable="false" class="chakra-icon css-1g3sp7a" data-testid="btn-icon" aria-hidden="true" height="1em" width="1em" xmlns="http://www.w3.org/2000/svg"><path d="M19 13h-6v6h-2v-6H5v-2h6V5h2v6h6v2z"></path></svg><span class="css-idkz9h">Add Medium Firm Organic Tofu to cart</span></button></div></div></div></div></div></div><div class="css-0"><div class="css-f5i5wc"><div class="chakra-linkbox css-vhnn8v"><div data-testid="product-image" class="css-16dr4ly"><img alt="Lightlife Original Organic Plant-Based Tempeh 227 g, $2.42/100g" src="https://assets.shop.loblaws.ca/products/20975498/b3/en/front/20975498_front_a06_@2.png" srcset="https://assets.shop.loblaws.ca/products/20975498/b3/en/front/20975498_front_a06_@2.png 1x, https://assets.shop.loblaws.ca/products/20975498/b3/en/front/20975498_front_a06_@2.png 2x" loading="lazy" class="chakra-image css-oguq8l" aria-hidden="true"></div><div class="css-qoklea"><div class="css-12dchmx"></div><div data-testid="price-product-tile" class="css-8atqhb"><p class="chakra-text css-0"><span class="chakra-text css-o93gbd" data-testid="sale-price"><span class="css-idkz9h">$5.49</span>$5.49</span><span class="chakra-text css-623q5h" data-testid="was-price"><span class="css-idkz9h">$5.99</span>$5.99</span></p><p class="chakra-text css-1m5a6y8" data-testid="price-descriptor">SAVE $0.50</p></div><a href="/original-organic-plant-based-tempeh/p/20975498_EA?source=nspt" class="chakra-linkbox__overlay css-1hnz6hu"><div class="css-0"><p class="chakra-text css-1ecdp9w" data-testid="product-brand">Lightlife</p><h3 class="chakra-heading css-6qrhwc" id="20975498_EA" data-testid="product-title">Original Organic Plant-Based Tempeh</h3><p class="chakra-text css-1yftjin" data-testid="product-package-size">227 g, $2.42/100g</p></div></a><div class="css-8keand"></div></div><div class="css-1q5omjq"><div class="css-fcebb8"><div data-testid="atc-compact" class="css-y94ivq" style="width: 45px;"><button type="button" class="chakra-button css-mudsm6" data-testid="atc-button"><svg stroke="currentColor" fill="currentColor" stroke-width="0" viewBox="0 0 24 24" focusable="false" class="chakra-icon css-1g3sp7a" data-testid="btn-icon" aria-hidden="true" height="1em" width="1em" xmlns="http://www.w3.org/2000/svg"><path d="M19 13h-6v6h-2v-6H5v-2h6V5h2v6h6v2z"></path></svg><span class="css-idkz9h">Add Original Organic Plant-Based Tempeh to cart</span></button></div></div></div></div></div></div><div class="css-0"><div class="css-f5i5wc"><div class="chakra-linkbox css-vhnn8v"><div data-testid="product-image" class="css-16dr4ly"><img alt="Yves Veggie Bacon Strips 156 g, $3.84/100g" src="https://assets.shop.loblaws.ca/products/20573903/b3/en/front/20573903_front_a06_@2.png" srcset="https://assets.shop.loblaws.ca/products/20573903/b3/en/front/20573903_front_a06_@2.png 1x, https://assets.shop.loblaws.ca/products/20573903/b3/en/front/20573903_front_a06_@2.png 2x" loading="lazy" class="chakra-image css-oguq8l" aria-hidden="true"></div><div class="css-qoklea"><div class="css-12dchmx"></div><div data-testid="price-product-tile" class="css-8atqhb"><p class="chakra-text css-0"><span class="chakra-text css-pwnbcb" data-testid="regular-price"><span class="css-idkz9h">$5.99</span>$5.99</span></p></div><a href="/veggie-bacon-strips/p/20573903_EA?source=nspt" class="chakra-linkbox__overlay css-1hnz6hu"><div class="css-0"><p class="chakra-text css-1ecdp9w" data-testid="product-brand">Yves</p><h3 class="chakra-heading css-6qrhwc" id="20573903_EA" data-testid="product-title">Veggie Bacon Strips</h3><p class="chakra-text css-1yftjin" data-testid="product-package-size">156 g, $3.84/100g</p></div></a><div class="css-8keand"></div></div><div class="css-1q5omjq"><div class="css-fcebb8"><div data-testid="atc-compact" class="css-y94ivq" style="width: 45px;"><button type="button" class="chakra-button css-mudsm6" data-testid="atc-button"><svg stroke="currentColor" fill="currentColor" stroke-width="0" viewBox="0 0 24 24" focusable="false" class="chakra-icon css-1g3sp7a" data-testid="btn-icon" aria-hidden="true" height="1em" width="1em" xmlns="http://www.w3.org/2000/svg"><path d="M19 13h-6v6h-2v-6H5v-2h6V5h2v6h6v2z"></path></svg><span class="css-idkz9h">Add Veggie Bacon Strips to cart</span></button></div></div></div></div></div></div><div class="css-0"><div class="css-f5i5wc"><div class="chakra-linkbox css-vhnn8v"><div data-testid="product-image" class="css-16dr4ly"><img alt="House Foods Premium Extra Firm Tofu 340 g, $1.17/100g" src="https://assets.shop.loblaws.ca/products/21315429/b3/en/front/21315429_front_a06_@2.png" srcset="https://assets.shop.loblaws.ca/products/21315429/b3/en/front/21315429_front_a06_@2.png 1x, https://assets.shop.loblaws.ca/products/21315429/b3/en/front/21315429_front_a06_@2.png 2x" loading="lazy" class="chakra-image css-oguq8l" aria-hidden="true"></div><div class="css-qoklea"><div class="css-12dchmx"></div><div data-testid="price-product-tile" class="css-8atqhb"><p class="chakra-text css-0"><span class="chakra-text css-pwnbcb" data-testid="regular-price"><span class="css-idkz9h">$3.99</span>$3.99</span></p></div><a href="/premium-extra-firm-tofu/p/21315429_EA?source=nspt" class="chakra-linkbox__overlay css-1hnz6hu"><div class="css-0"><p class="chakra-text css-1ecdp9w" data-testid="product-brand">House Foods</p><h3 class="chakra-heading css-6qrhwc" id="21315429_EA" data-testid="product-title">Premium Extra Firm Tofu</h3><p class="chakra-text css-1yftjin" data-testid="product-package-size">340 g, $1.17/100g</p></div></a><div class="css-8keand"></div></div><div class="css-1q5omjq"><div class="css-fcebb8"><div data-testid="atc-compact" class="css-y94ivq" style="width: 45px;"><button type="button" class="chakra-button css-mudsm6" data-testid="atc-button"><svg stroke="currentColor" fill="currentColor" stroke-width="0" viewBox="0 0 24 24" focusable="false" class="chakra-icon css-1g3sp7a" data-testid="btn-icon" aria-hidden="true" height="1em" width="1em" xmlns="http://www.w3.org/2000/svg"><path d="M19 13h-6v6h-2v-6H5v-2h6V5h2v6h6v2z"></path></svg><span class="css-idkz9h">Add Premium Extra Firm Tofu to cart</span></button></div></div></div></div></div></div><div class="css-0"><div class="css-f5i5wc"><div class="chakra-linkbox css-vhnn8v"><div data-testid="product-image" class="css-16dr4ly"><img alt="PC Blue Menu Tempeh 198 g, $3.03/100g" src="https://assets.shop.loblaws.ca/products/21042733/b3/en/front/21042733_front_a06_@2.png" srcset="https://assets.shop.loblaws.ca/products/21042733/b3/en/front/21042733_front_a06_@2.png 1x, https://assets.shop.loblaws.ca/products/21042733/b3/en/front/21042733_front_a06_@2.png 2x" loading="lazy" class="chakra-image css-oguq8l" aria-hidden="true"></div><div class="css-qoklea"><div class="css-12dchmx"></div><div data-testid="price-product-tile" class="css-8atqhb"><p class="chakra-text css-0"><span class="chakra-text css-pwnbcb" data-testid="regular-price"><span class="css-idkz9h">$5.99</span>$5.99</span></p></div><a href="/tempeh/p/21042733_EA?source=nspt" class="chakra-linkbox__overlay css-1hnz6hu"><div class="css-0"><p class="chakra-text css-1ecdp9w" data-testid="product-brand">PC Blue Menu</p><h3 class="chakra-heading css-6qrhwc" id="21042733_EA" data-testid="product-title">Tempeh</h3><p class="chakra-text css-1yftjin" data-testid="product-package-size">198 g, $3.03/100g</p></div></a><div class="css-8keand"></div></div><div class="css-1q5omjq"><div class="css-fcebb8"><div data-testid="atc-compact" class="css-y94ivq" style="width: 45px;"><button type="button" class="chakra-button css-mudsm6" data-testid="atc-button"><svg stroke="currentColor" fill="currentColor" stroke-width="0" viewBox="0 0 24 24" focusable="false" class="chakra-icon css-1g3sp7a" data-testid="btn-icon" aria-hidden="true" height="1em" width="1em" xmlns="http://www.w3.org/2000/svg"><path d="M19 13h-6v6h-2v-6H5v-2h6V5h2v6h6v2z"></path></svg><span class="css-idkz9h">Add Tempeh to cart</span></button></div></div></div></div></div></div><div class="css-0"><div class="css-f5i5wc"><div class="chakra-linkbox css-vhnn8v"><div data-testid="product-image" class="css-16dr4ly"><img alt="Sunrise Tofu Dessert, Original 2x150.0 g, $0.66/100g" src="https://assets.shop.loblaws.ca/products/20569352/b3/en/front/20569352_front_a06_@2.png" srcset="https://assets.shop.loblaws.ca/products/20569352/b3/en/front/20569352_front_a06_@2.png 1x, https://assets.shop.loblaws.ca/products/20569352/b3/en/front/20569352_front_a06_@2.png 2x" loading="lazy" class="chakra-image css-oguq8l" aria-hidden="true"></div><div class="css-qoklea"><div class="css-12dchmx"></div><div data-testid="price-product-tile" class="css-8atqhb"><p class="chakra-text css-0"><span class="chakra-text css-pwnbcb" data-testid="regular-price"><span class="css-idkz9h">$1.99</span>$1.99</span></p></div><a href="/tofu-dessert-original/p/20569352_EA?source=nspt" class="chakra-linkbox__overlay css-1hnz6hu"><div class="css-0"><p class="chakra-text css-1ecdp9w" data-testid="product-brand">Sunrise</p><h3 class="chakra-heading css-6qrhwc" id="20569352_EA" data-testid="product-title">Tofu Dessert, Original</h3><p class="chakra-text css-1yftjin" data-testid="product-package-size">2x150.0 g, $0.66/100g</p></div></a><div class="css-8keand"></div></div><div class="css-1q5omjq"><div class="css-fcebb8"><div data-testid="atc-compact" class="css-y94ivq" style="width: 45px;"><button disabled="" type="button" class="chakra-button css-mudsm6" data-testid="atc-button"><svg stroke="currentColor" fill="currentColor" stroke-width="0" viewBox="0 0 24 24" focusable="false" class="chakra-icon css-1g3sp7a" data-testid="btn-icon" aria-hidden="true" height="1em" width="1em" xmlns="http://www.w3.org/2000/svg"><path d="M19 13h-6v6h-2v-6H5v-2h6V5h2v6h6v2z"></path></svg><span class="css-idkz9h">Add Tofu Dessert, Original to cart</span></button></div></div><div class="css-4saf4a"><p class="chakra-text css-py8788" data-testid="inventory-badge-text">Out of Stock</p></div></div></div></div></div><div class="css-0"><div class="css-f5i5wc"><div class="chakra-linkbox css-vhnn8v"><div data-testid="product-image" class="css-16dr4ly"><img alt="Big Mountain Original Veggie Patty 400 g, $1.75/100g" src="https://assets.shop.loblaws.ca/products/21310525/b3/en/front/21310525_front_a06_@2.png" srcset="https://assets.shop.loblaws.ca/products/21310525/b3/en/front/21310525_front_a06_@2.png 1x, https://assets.shop.loblaws.ca/products/21310525/b3/en/front/21310525_front_a06_@2.png 2x" loading="lazy" class="chakra-image css-oguq8l" aria-hidden="true"></div><div class="css-qoklea"><div class="css-12dchmx"></div><div data-testid="price-product-tile" class="css-8atqhb"><p class="chakra-text css-0"><span class="chakra-text css-pwnbcb" data-testid="regular-price"><span class="css-idkz9h">$6.99</span>$6.99</span></p></div><a href="/original-veggie-patty/p/21310525_EA?source=nspt" class="chakra-linkbox__overlay css-1hnz6hu"><div class="css-0"><p class="chakra-text css-1ecdp9w" data-testid="product-brand">Big Mountain</p><h3 class="chakra-heading css-6qrhwc" id="21310525_EA" data-testid="product-title">Original Veggie Patty</h3><p class="chakra-text css-1yftjin" data-testid="product-package-size">400 g, $1.75/100g</p></div></a><div class="css-8keand"></div></div><div class="css-1q5omjq"><div class="css-fcebb8"><div data-testid="atc-compact" class="css-y94ivq" style="width: 45px;"><button type="button" class="chakra-button css-mudsm6" data-testid="atc-button"><svg stroke="currentColor" fill="currentColor" stroke-width="0" viewBox="0 0 24 24" focusable="false" class="chakra-icon css-1g3sp7a" data-testid="btn-icon" aria-hidden="true" height="1em" width="1em" xmlns="http://www.w3.org/2000/svg"><path d="M19 13h-6v6h-2v-6H5v-2h6V5h2v6h6v2z"></path></svg><span class="css-idkz9h">Add Original Veggie Patty to cart</span></button></div></div></div></div></div></div><div class="css-0"><div class="css-f5i5wc"><div class="chakra-linkbox css-vhnn8v"><div data-testid="product-image" class="css-16dr4ly"><img alt="nurishh Cheddar &amp; Mozzarella Style Shreds 200 g, $3.25/100g" src="https://assets.shop.loblaws.ca/products/21574247/b3/en/front/21574247_front_a06_@2.png" srcset="https://assets.shop.loblaws.ca/products/21574247/b3/en/front/21574247_front_a06_@2.png 1x, https://assets.shop.loblaws.ca/products/21574247/b3/en/front/21574247_front_a06_@2.png 2x" loading="lazy" class="chakra-image css-oguq8l" aria-hidden="true"></div><div class="css-qoklea"><div class="css-12dchmx"></div><div data-testid="price-product-tile" class="css-8atqhb"><p class="chakra-text css-0"><span class="chakra-text css-pwnbcb" data-testid="regular-price"><span class="css-idkz9h">$6.49</span>$6.49</span></p></div><a href="/cheddar-mozzarella-style-shreds/p/21574247_EA?source=nspt" class="chakra-linkbox__overlay css-1hnz6hu"><div class="css-0"><p class="chakra-text css-1ecdp9w" data-testid="product-brand">nurishh</p><h3 class="chakra-heading css-6qrhwc" id="21574247_EA" data-testid="product-title">Cheddar &amp; Mozzarella Style Shreds</h3><p class="chakra-text css-1yftjin" data-testid="product-package-size">200 g, $3.25/100g</p></div></a><div class="css-8keand"></div></div><div class="css-1q5omjq"><div class="css-fcebb8"><div data-testid="atc-compact" class="css-y94ivq" style="width: 45px;"><button type="button" class="chakra-button css-mudsm6" data-testid="atc-button"><svg stroke="currentColor" fill="currentColor" stroke-width="0" viewBox="0 0 24 24" focusable="false" class="chakra-icon css-1g3sp7a" data-testid="btn-icon" aria-hidden="true" height="1em" width="1em" xmlns="http://www.w3.org/2000/svg"><path d="M19 13h-6v6h-2v-6H5v-2h6V5h2v6h6v2z"></path></svg><span class="css-idkz9h">Add Cheddar &amp; Mozzarella Style Shreds to cart</span></button></div></div></div></div></div></div><div class="css-0"><div class="css-f5i5wc"><div class="chakra-linkbox css-vhnn8v"><div data-testid="product-image" class="css-16dr4ly"><img alt="Okanagan Mozzarella Flavoured Cheese Loaf 250 g, $2.60/100g" src="https://assets.shop.loblaws.ca/products/20571003/b3/en/front/20571003_front_a06_@2.png" srcset="https://assets.shop.loblaws.ca/products/20571003/b3/en/front/20571003_front_a06_@2.png 1x, https://assets.shop.loblaws.ca/products/20571003/b3/en/front/20571003_front_a06_@2.png 2x" loading="lazy" class="chakra-image css-oguq8l" aria-hidden="true"></div><div class="css-qoklea"><div class="css-12dchmx"></div><div data-testid="price-product-tile" class="css-8atqhb"><p class="chakra-text css-0"><span class="chakra-text css-pwnbcb" data-testid="regular-price"><span class="css-idkz9h">$6.49</span>$6.49</span></p></div><a href="/mozzarella-flavoured-cheese-loaf/p/20571003_EA?source=nspt" class="chakra-linkbox__overlay css-1hnz6hu"><div class="css-0"><p class="chakra-text css-1ecdp9w" data-testid="product-brand">Okanagan</p><h3 class="chakra-heading css-6qrhwc" id="20571003_EA" data-testid="product-title">Mozzarella Flavoured Cheese Loaf</h3><p class="chakra-text css-1yftjin" data-testid="product-package-size">250 g, $2.60/100g</p></div></a><div class="css-8keand"></div></div><div class="css-1q5omjq"><div class="css-fcebb8"><div data-testid="atc-compact" class="css-y94ivq" style="width: 45px;"><button type="button" class="chakra-button css-mudsm6" data-testid="atc-button"><svg stroke="currentColor" fill="currentColor" stroke-width="0" viewBox="0 0 24 24" focusable="false" class="chakra-icon css-1g3sp7a" data-testid="btn-icon" aria-hidden="true" height="1em" width="1em" xmlns="http://www.w3.org/2000/svg"><path d="M19 13h-6v6h-2v-6H5v-2h6V5h2v6h6v2z"></path></svg><span class="css-idkz9h">Add Mozzarella Flavoured Cheese Loaf to cart</span></button></div></div></div></div></div></div><div class="css-0"><div class="css-f5i5wc"><div class="chakra-linkbox css-vhnn8v"><div data-testid="product-image" class="css-16dr4ly"><img alt="Daiya Dairy Free Cheddar Cheese Block 200 g, $3.25/100g" src="https://assets.shop.loblaws.ca/products/21070683/b3/en/front/21070683_front_a06_@2.png" srcset="https://assets.shop.loblaws.ca/products/21070683/b3/en/front/21070683_front_a06_@2.png 1x, https://assets.shop.loblaws.ca/products/21070683/b3/en/front/21070683_front_a06_@2.png 2x" loading="lazy" class="chakra-image css-oguq8l" aria-hidden="true"></div><div class="css-qoklea"><div class="css-12dchmx"></div><div data-testid="price-product-tile" class="css-8atqhb"><p class="chakra-text css-0"><span class="chakra-text css-pwnbcb" data-testid="regular-price"><span class="css-idkz9h">$6.49</span>$6.49</span></p></div><a href="/dairy-free-cheddar-cheese-block/p/21070683_EA?source=nspt" class="chakra-linkbox__overlay css-1hnz6hu"><div class="css-0"><p class="chakra-text css-1ecdp9w" data-testid="product-brand">Daiya</p><h3 class="chakra-heading css-6qrhwc" id="21070683_EA" data-testid="product-title">Dairy Free Cheddar Cheese Block</h3><p class="chakra-text css-1yftjin" data-testid="product-package-size">200 g, $3.25/100g</p></div></a><div class="css-8keand"></div></div><div class="css-1q5omjq"><div class="css-fcebb8"><div data-testid="atc-compact" class="css-y94ivq" style="width: 45px;"><button type="button" class="chakra-button css-mudsm6" data-testid="atc-button"><svg stroke="currentColor" fill="currentColor" stroke-width="0" viewBox="0 0 24 24" focusable="false" class="chakra-icon css-1g3sp7a" data-testid="btn-icon" aria-hidden="true" height="1em" width="1em" xmlns="http://www.w3.org/2000/svg"><path d="M19 13h-6v6h-2v-6H5v-2h6V5h2v6h6v2z"></path></svg><span class="css-idkz9h">Add Dairy Free Cheddar Cheese Block to cart</span></button></div></div></div></div></div></div><div class="css-0"><div class="css-f5i5wc"><div class="chakra-linkbox css-vhnn8v"><div data-testid="product-image" class="css-16dr4ly"><img alt="Big Mountain Caulicrumble Veg Grounds 340 g, $2.06/100g" src="https://assets.shop.loblaws.ca/products/21310529/b3/en/front/21310529_front_a06_@2.png" srcset="https://assets.shop.loblaws.ca/products/21310529/b3/en/front/21310529_front_a06_@2.png 1x, https://assets.shop.loblaws.ca/products/21310529/b3/en/front/21310529_front_a06_@2.png 2x" loading="lazy" class="chakra-image css-oguq8l" aria-hidden="true"></div><div class="css-qoklea"><div class="css-12dchmx"></div><div data-testid="price-product-tile" class="css-8atqhb"><p class="chakra-text css-0"><span class="chakra-text css-pwnbcb" data-testid="regular-price"><span class="css-idkz9h">$6.99</span>$6.99</span></p></div><a href="/caulicrumble-veg-grounds/p/21310529_EA?source=nspt" class="chakra-linkbox__overlay css-1hnz6hu"><div class="css-0"><p class="chakra-text css-1ecdp9w" data-testid="product-brand">Big Mountain</p><h3 class="chakra-heading css-6qrhwc" id="21310529_EA" data-testid="product-title">Caulicrumble Veg Grounds</h3><p class="chakra-text css-1yftjin" data-testid="product-package-size">340 g, $2.06/100g</p></div></a><div class="css-8keand"></div></div><div class="css-1q5omjq"><div class="css-fcebb8"><div data-testid="atc-compact" class="css-y94ivq" style="width: 45px;"><button type="button" class="chakra-button css-mudsm6" data-testid="atc-button"><svg stroke="currentColor" fill="currentColor" stroke-width="0" viewBox="0 0 24 24" focusable="false" class="chakra-icon css-1g3sp7a" data-testid="btn-icon" aria-hidden="true" height="1em" width="1em" xmlns="http://www.w3.org/2000/svg"><path d="M19 13h-6v6h-2v-6H5v-2h6V5h2v6h6v2z"></path></svg><span class="css-idkz9h">Add Caulicrumble Veg Grounds to cart</span></button></div></div></div></div></div></div><div class="css-0"><div class="css-f5i5wc"><div class="chakra-linkbox css-vhnn8v"><div data-testid="product-image" class="css-16dr4ly"><img alt="Yves Veggie Ground Round, Italian 340 g, $1.91/100g" src="https://assets.shop.loblaws.ca/products/20507160/b3/en/front/20507160_front_a06_@2.png" srcset="https://assets.shop.loblaws.ca/products/20507160/b3/en/front/20507160_front_a06_@2.png 1x, https://assets.shop.loblaws.ca/products/20507160/b3/en/front/20507160_front_a06_@2.png 2x" loading="lazy" class="chakra-image css-oguq8l" aria-hidden="true"></div><div class="css-qoklea"><div class="css-12dchmx"></div><div data-testid="price-product-tile" class="css-8atqhb"><p class="chakra-text css-0"><span class="chakra-text css-pwnbcb" data-testid="regular-price"><span class="css-idkz9h">$6.49</span>$6.49</span></p></div><a href="/veggie-ground-round-italian/p/20507160_EA?source=nspt" class="chakra-linkbox__overlay css-1hnz6hu"><div class="css-0"><p class="chakra-text css-1ecdp9w" data-testid="product-brand">Yves</p><h3 class="chakra-heading css-6qrhwc" id="20507160_EA" data-testid="product-title">Veggie Ground Round, Italian</h3><p class="chakra-text css-1yftjin" data-testid="product-package-size">340 g, $1.91/100g</p></div></a><div class="css-8keand"></div></div><div class="css-1q5omjq"><div class="css-fcebb8"><div data-testid="atc-compact" class="css-y94ivq" style="width: 45px;"><button type="button" class="chakra-button css-mudsm6" data-testid="atc-button"><svg stroke="currentColor" fill="currentColor" stroke-width="0" viewBox="0 0 24 24" focusable="false" class="chakra-icon css-1g3sp7a" data-testid="btn-icon" aria-hidden="true" height="1em" width="1em" xmlns="http://www.w3.org/2000/svg"><path d="M19 13h-6v6h-2v-6H5v-2h6V5h2v6h6v2z"></path></svg><span class="css-idkz9h">Add Veggie Ground Round, Italian to cart</span></button></div></div></div></div></div></div><div class="css-0"><div class="css-f5i5wc"><div class="chakra-linkbox css-vhnn8v"><div data-testid="product-image" class="css-16dr4ly"><img alt="Okanagan Cheddar Flavoured Cheese Loaf 250 g, $2.60/100g" src="https://assets.shop.loblaws.ca/products/20571001/b3/en/front/20571001_front_a06_@2.png" srcset="https://assets.shop.loblaws.ca/products/20571001/b3/en/front/20571001_front_a06_@2.png 1x, https://assets.shop.loblaws.ca/products/20571001/b3/en/front/20571001_front_a06_@2.png 2x" loading="lazy" class="chakra-image css-oguq8l" aria-hidden="true"></div><div class="css-qoklea"><div class="css-12dchmx"></div><div data-testid="price-product-tile" class="css-8atqhb"><p class="chakra-text css-0"><span class="chakra-text css-pwnbcb" data-testid="regular-price"><span class="css-idkz9h">$6.49</span>$6.49</span></p></div><a href="/cheddar-flavoured-cheese-loaf/p/20571001_EA?source=nspt" class="chakra-linkbox__overlay css-1hnz6hu"><div class="css-0"><p class="chakra-text css-1ecdp9w" data-testid="product-brand">Okanagan</p><h3 class="chakra-heading css-6qrhwc" id="20571001_EA" data-testid="product-title">Cheddar Flavoured Cheese Loaf</h3><p class="chakra-text css-1yftjin" data-testid="product-package-size">250 g, $2.60/100g</p></div></a><div class="css-8keand"></div></div><div class="css-1q5omjq"><div class="css-fcebb8"><div data-testid="atc-compact" class="css-y94ivq" style="width: 45px;"><button type="button" class="chakra-button css-mudsm6" data-testid="atc-button"><svg stroke="currentColor" fill="currentColor" stroke-width="0" viewBox="0 0 24 24" focusable="false" class="chakra-icon css-1g3sp7a" data-testid="btn-icon" aria-hidden="true" height="1em" width="1em" xmlns="http://www.w3.org/2000/svg"><path d="M19 13h-6v6h-2v-6H5v-2h6V5h2v6h6v2z"></path></svg><span class="css-idkz9h">Add Cheddar Flavoured Cheese Loaf to cart</span></button></div></div></div></div></div></div><div class="css-0"><div class="css-f5i5wc"><div class="chakra-linkbox css-vhnn8v"><div data-testid="product-image" class="css-16dr4ly"><img alt="Big Mountain Mighty Mushroom Bites 300 g, $2.33/100g" src="https://assets.shop.loblaws.ca/products/21310605/b3/en/front/21310605_front_a06_@2.png" srcset="https://assets.shop.loblaws.ca/products/21310605/b3/en/front/21310605_front_a06_@2.png 1x, https://assets.shop.loblaws.ca/products/21310605/b3/en/front/21310605_front_a06_@2.png 2x" loading="lazy" class="chakra-image css-oguq8l" aria-hidden="true"></div><div class="css-qoklea"><div class="css-12dchmx"></div><div data-testid="price-product-tile" class="css-8atqhb"><p class="chakra-text css-0"><span class="chakra-text css-pwnbcb" data-testid="regular-price"><span class="css-idkz9h">$6.99</span>$6.99</span></p></div><a href="/mighty-mushroom-bites/p/21310605_EA?source=nspt" class="chakra-linkbox__overlay css-1hnz6hu"><div class="css-0"><p class="chakra-text css-1ecdp9w" data-testid="product-brand">Big Mountain</p><h3 class="chakra-heading css-6qrhwc" id="21310605_EA" data-testid="product-title">Mighty Mushroom Bites</h3><p class="chakra-text css-1yftjin" data-testid="product-package-size">300 g, $2.33/100g</p></div></a><div class="css-8keand"></div></div><div class="css-1q5omjq"><div class="css-fcebb8"><div data-testid="atc-compact" class="css-y94ivq" style="width: 45px;"><button type="button" class="chakra-button css-mudsm6" data-testid="atc-button"><svg stroke="currentColor" fill="currentColor" stroke-width="0" viewBox="0 0 24 24" focusable="false" class="chakra-icon css-1g3sp7a" data-testid="btn-icon" aria-hidden="true" height="1em" width="1em" xmlns="http://www.w3.org/2000/svg"><path d="M19 13h-6v6h-2v-6H5v-2h6V5h2v6h6v2z"></path></svg><span class="css-idkz9h">Add Mighty Mushroom Bites to cart</span></button></div></div></div></div></div></div><div class="css-0"><div class="css-f5i5wc"><div class="chakra-linkbox css-vhnn8v"><div data-testid="product-image" class="css-16dr4ly"><img alt="House Foods Premium Medium Firm Tofu 396 g, $1.01/100g" src="https://assets.shop.loblaws.ca/products/21315432/b3/en/front/21315432_front_a06_@2.png" srcset="https://assets.shop.loblaws.ca/products/21315432/b3/en/front/21315432_front_a06_@2.png 1x, https://assets.shop.loblaws.ca/products/21315432/b3/en/front/21315432_front_a06_@2.png 2x" loading="lazy" class="chakra-image css-oguq8l" aria-hidden="true"></div><div class="css-qoklea"><div class="css-12dchmx"></div><div data-testid="price-product-tile" class="css-8atqhb"><p class="chakra-text css-0"><span class="chakra-text css-pwnbcb" data-testid="regular-price"><span class="css-idkz9h">$3.99</span>$3.99</span></p></div><a href="/premium-medium-firm-tofu/p/21315432_EA?source=nspt" class="chakra-linkbox__overlay css-1hnz6hu"><div class="css-0"><p class="chakra-text css-1ecdp9w" data-testid="product-brand">House Foods</p><h3 class="chakra-heading css-6qrhwc" id="21315432_EA" data-testid="product-title">Premium Medium Firm Tofu</h3><p class="chakra-text css-1yftjin" data-testid="product-package-size">396 g, $1.01/100g</p></div></a><div class="css-8keand"></div></div><div class="css-1q5omjq"><div class="css-fcebb8"><div data-testid="atc-compact" class="css-y94ivq" style="width: 45px;"><button type="button" class="chakra-button css-mudsm6" data-testid="atc-button"><svg stroke="currentColor" fill="currentColor" stroke-width="0" viewBox="0 0 24 24" focusable="false" class="chakra-icon css-1g3sp7a" data-testid="btn-icon" aria-hidden="true" height="1em" width="1em" xmlns="http://www.w3.org/2000/svg"><path d="M19 13h-6v6h-2v-6H5v-2h6V5h2v6h6v2z"></path></svg><span class="css-idkz9h">Add Premium Medium Firm Tofu to cart</span></button></div></div></div></div></div></div><div class="css-0"><div class="css-f5i5wc"><div class="chakra-linkbox css-vhnn8v"><div data-testid="product-image" class="css-16dr4ly"><img alt="Daiya Plant-based Feta Flavour Block 185 g, $3.24/100g" src="https://assets.shop.loblaws.ca/products/21456939/b3/en/front/21456939_front_a06_@2.png" srcset="https://assets.shop.loblaws.ca/products/21456939/b3/en/front/21456939_front_a06_@2.png 1x, https://assets.shop.loblaws.ca/products/21456939/b3/en/front/21456939_front_a06_@2.png 2x" loading="lazy" class="chakra-image css-oguq8l" aria-hidden="true"></div><div class="css-qoklea"><div class="css-12dchmx"></div><div data-testid="price-product-tile" class="css-8atqhb"><p class="chakra-text css-0"><span class="chakra-text css-pwnbcb" data-testid="regular-price"><span class="css-idkz9h">$5.99</span>$5.99</span></p></div><a href="/plant-based-feta-flavour-block/p/21456939_EA?source=nspt" class="chakra-linkbox__overlay css-1hnz6hu"><div class="css-0"><p class="chakra-text css-1ecdp9w" data-testid="product-brand">Daiya</p><h3 class="chakra-heading css-6qrhwc" id="21456939_EA" data-testid="product-title">Plant-based Feta Flavour Block</h3><p class="chakra-text css-1yftjin" data-testid="product-package-size">185 g, $3.24/100g</p></div></a><div class="css-8keand"></div></div><div class="css-1q5omjq"><div class="css-fcebb8"><div data-testid="atc-compact" class="css-y94ivq" style="width: 45px;"><button type="button" class="chakra-button css-mudsm6" data-testid="atc-button"><svg stroke="currentColor" fill="currentColor" stroke-width="0" viewBox="0 0 24 24" focusable="false" class="chakra-icon css-1g3sp7a" data-testid="btn-icon" aria-hidden="true" height="1em" width="1em" xmlns="http://www.w3.org/2000/svg"><path d="M19 13h-6v6h-2v-6H5v-2h6V5h2v6h6v2z"></path></svg><span class="css-idkz9h">Add Plant-based Feta Flavour Block to cart</span></button></div></div></div></div></div></div><div class="css-0"><div class="css-f5i5wc"><div class="chakra-linkbox css-vhnn8v"><div data-testid="product-image" class="css-16dr4ly"><img alt="Sunrise Tofu Dessert, Coconut Flavoured 2x150.0 g, $0.66/100g" src="https://assets.shop.loblaws.ca/products/20569357/b3/en/front/20569357_front_a06_@2.png" srcset="https://assets.shop.loblaws.ca/products/20569357/b3/en/front/20569357_front_a06_@2.png 1x, https://assets.shop.loblaws.ca/products/20569357/b3/en/front/20569357_front_a06_@2.png 2x" loading="lazy" class="chakra-image css-oguq8l" aria-hidden="true"></div><div class="css-qoklea"><div class="css-12dchmx"></div><div data-testid="price-product-tile" class="css-8atqhb"><p class="chakra-text css-0"><span class="chakra-text css-pwnbcb" data-testid="regular-price"><span class="css-idkz9h">$1.99</span>$1.99</span></p></div><a href="/tofu-dessert-coconut-flavoured/p/20569357_EA?source=nspt" class="chakra-linkbox__overlay css-1hnz6hu"><div class="css-0"><p class="chakra-text css-1ecdp9w" data-testid="product-brand">Sunrise</p><h3 class="chakra-heading css-6qrhwc" id="20569357_EA" data-testid="product-title">Tofu Dessert, Coconut Flavoured</h3><p class="chakra-text css-1yftjin" data-testid="product-package-size">2x150.0 g, $0.66/100g</p></div></a><div class="css-8keand"></div></div><div class="css-1q5omjq"><div class="css-fcebb8"><div data-testid="atc-compact" class="css-y94ivq" style="width: 45px;"><button type="button" class="chakra-button css-mudsm6" data-testid="atc-button"><svg stroke="currentColor" fill="currentColor" stroke-width="0" viewBox="0 0 24 24" focusable="false" class="chakra-icon css-1g3sp7a" data-testid="btn-icon" aria-hidden="true" height="1em" width="1em" xmlns="http://www.w3.org/2000/svg"><path d="M19 13h-6v6h-2v-6H5v-2h6V5h2v6h6v2z"></path></svg><span class="css-idkz9h">Add Tofu Dessert, Coconut Flavoured to cart</span></button></div></div></div></div></div></div><div class="css-0"><div class="css-f5i5wc"><div class="chakra-linkbox css-vhnn8v"><div data-testid="product-image" class="css-16dr4ly"><img alt="Yves Veggie Chicken Nuggets 200 g, $3.40/100g" src="https://assets.shop.loblaws.ca/products/21216317/b3/en/front/21216317_front_a06_@2.png" srcset="https://assets.shop.loblaws.ca/products/21216317/b3/en/front/21216317_front_a06_@2.png 1x, https://assets.shop.loblaws.ca/products/21216317/b3/en/front/21216317_front_a06_@2.png 2x" loading="lazy" class="chakra-image css-oguq8l" aria-hidden="true"></div><div class="css-qoklea"><div class="css-12dchmx"></div><div data-testid="price-product-tile" class="css-8atqhb"><p class="chakra-text css-0"><span class="chakra-text css-pwnbcb" data-testid="regular-price"><span class="css-idkz9h">$6.79</span>$6.79</span></p></div><a href="/veggie-chicken-nuggets/p/21216317_EA?source=nspt" class="chakra-linkbox__overlay css-1hnz6hu"><div class="css-0"><p class="chakra-text css-1ecdp9w" data-testid="product-brand">Yves</p><h3 class="chakra-heading css-6qrhwc" id="21216317_EA" data-testid="product-title">Veggie Chicken Nuggets</h3><p class="chakra-text css-1yftjin" data-testid="product-package-size">200 g, $3.40/100g</p></div></a><div class="css-8keand"></div></div><div class="css-1q5omjq"><div class="css-fcebb8"><div data-testid="atc-compact" class="css-y94ivq" style="width: 45px;"><button disabled="" type="button" class="chakra-button css-mudsm6" data-testid="atc-button"><svg stroke="currentColor" fill="currentColor" stroke-width="0" viewBox="0 0 24 24" focusable="false" class="chakra-icon css-1g3sp7a" data-testid="btn-icon" aria-hidden="true" height="1em" width="1em" xmlns="http://www.w3.org/2000/svg"><path d="M19 13h-6v6h-2v-6H5v-2h6V5h2v6h6v2z"></path></svg><span class="css-idkz9h">Add Veggie Chicken Nuggets to cart</span></button></div></div><div class="css-4saf4a"><p class="chakra-text css-py8788" data-testid="inventory-badge-text">Out of Stock</p></div></div></div></div></div><div class="css-0"><div class="css-f5i5wc"><div class="chakra-linkbox css-vhnn8v"><div data-testid="product-image" class="css-16dr4ly"><img alt="House Foods Premium Firm Tofu 396 g, $1.01/100g" src="https://assets.shop.loblaws.ca/products/21315424/b3/en/front/21315424_front_a06_@2.png" srcset="https://assets.shop.loblaws.ca/products/21315424/b3/en/front/21315424_front_a06_@2.png 1x, https://assets.shop.loblaws.ca/products/21315424/b3/en/front/21315424_front_a06_@2.png 2x" loading="lazy" class="chakra-image css-oguq8l" aria-hidden="true"></div><div class="css-qoklea"><div class="css-12dchmx"></div><div data-testid="price-product-tile" class="css-8atqhb"><p class="chakra-text css-0"><span class="chakra-text css-pwnbcb" data-testid="regular-price"><span class="css-idkz9h">$3.99</span>$3.99</span></p></div><a href="/premium-firm-tofu/p/21315424_EA?source=nspt" class="chakra-linkbox__overlay css-1hnz6hu"><div class="css-0"><p class="chakra-text css-1ecdp9w" data-testid="product-brand">House Foods</p><h3 class="chakra-heading css-6qrhwc" id="21315424_EA" data-testid="product-title">Premium Firm Tofu</h3><p class="chakra-text css-1yftjin" data-testid="product-package-size">396 g, $1.01/100g</p></div></a><div class="css-8keand"></div></div><div class="css-1q5omjq"><div class="css-fcebb8"><div data-testid="atc-compact" class="css-y94ivq" style="width: 45px;"><button type="button" class="chakra-button css-mudsm6" data-testid="atc-button"><svg stroke="currentColor" fill="currentColor" stroke-width="0" viewBox="0 0 24 24" focusable="false" class="chakra-icon css-1g3sp7a" data-testid="btn-icon" aria-hidden="true" height="1em" width="1em" xmlns="http://www.w3.org/2000/svg"><path d="M19 13h-6v6h-2v-6H5v-2h6V5h2v6h6v2z"></path></svg><span class="css-idkz9h">Add Premium Firm Tofu to cart</span></button></div></div></div></div></div></div></div>