[
    {
        "id": 1,
        "name": "Blonde Brew Dealcoholized Lager Beer",
        "price": "12x355.0 ml, $0.20/100ml",
        "brand": "President's Choice",
        "image_url": "https://assets.shop.loblaws.ca/products/20121729/b3/en/front/20121729_front_a06_@2.png",
        "image_alt": "President's Choice Blonde Brew Dealcoholized Lager Beer 12x355.0 ml, $0.20/100ml",
        "price_product_tile": "$8.49$8.49"
    },
    {
        "id": 2,
        "name": "Sunbrew 0.0%",
        "price": "6x330.0 ml, $0.61/100ml",
        "brand": "Corona",
        "image_url": "https://assets.shop.loblaws.ca/products/21433615/b3/en/front/21433615_front_a06_@2.png",
        "image_alt": "Corona Sunbrew 0.0% 6x330.0 ml, $0.61/100ml",
        "price_product_tile": "$11.99$11.99$13.49$13.49SAVE $1.50"
    },
    {
        "id": 3,
        "name": "Red Brew Dealcoholized Lager Beer",
        "price": "12x355.0 ml, $0.20/100ml",
        "brand": "President's Choice",
        "image_url": "https://assets.shop.loblaws.ca/products/20325253/b3/en/front/20325253_front_a06_@2.png",
        "image_alt": "President's Choice Red Brew Dealcoholized Lager Beer  12x355.0 ml, $0.20/100ml",
        "price_product_tile": "$8.49$8.49"
    },
    {
        "id": 4,
        "name": "Sunbrew Alcohol-Free Beer with Natural Flavour and Vitamin D",
        "price": "12x355.0 ml, $0.49/100ml",
        "brand": "Corona",
        "image_url": "https://assets.shop.loblaws.ca/products/21515805/b3/en/front/21515805_front_a06_@2.png",
        "image_alt": "Corona Sunbrew Alcohol-Free Beer with Natural Flavour and Vitamin D 12x355.0 ml, $0.49/100ml",
        "price_product_tile": "$20.99$20.99$23.49$23.49SAVE $2.50"
    },
    {
        "id": 5,
        "name": "IPA Low-Alcohol Beer (Less Than 0.5% Alc./Vol.)",
        "price": "4x355.0 ml, $0.49/100ml",
        "brand": "President's Choice",
        "image_url": "https://assets.shop.loblaws.ca/products/21589335/b3/en/front/21589335_front_a06_@2.png",
        "image_alt": "President's Choice IPA Low-Alcohol Beer (Less Than 0.5% Alc./Vol.) 4x355.0 ml, $0.49/100ml",
        "price_product_tile": "$6.99$6.99"
    },
    {
        "id": 6,
        "name": "0 Non-Alcoholic Draught Beer",
        "price": "4x440.0 ml, $0.74/100ml",
        "brand": "Guinness",
        "image_url": "https://assets.shop.loblaws.ca/products/21567137/b3/en/front/21567137_front_a06_@2.png",
        "image_alt": "Guinness 0 Non-Alcoholic Draught Beer 4x440.0 ml, $0.74/100ml",
        "price_product_tile": "$12.99$12.99"
    },
    {
        "id": 7,
        "name": "Bud Zero Can",
        "price": "12x355.0 ml, $0.33/100ml",
        "brand": "Budweiser",
        "image_url": "https://assets.shop.loblaws.ca/products/21295370/b3/en/front/21295370_front_a06_@2.png",
        "image_alt": "Budweiser Bud Zero Can 12x355.0 ml, $0.33/100ml",
        "price_product_tile": "$13.99$13.99"
    },
    {
        "id": 8,
        "name": "Edge Non-Alcoholic Beer with Natural Flavours Double Brewed",
        "price": "12x355.0 ml, $0.45/100ml",
        "brand": "Coors",
        "image_url": "https://assets.shop.loblaws.ca/products/21105236/b3/en/front/21105236_front_a06_@2.png",
        "image_alt": "Coors Edge Non-Alcoholic Beer with Natural Flavours Double Brewed  12x355.0 ml, $0.45/100ml",
        "price_product_tile": "$18.99$18.99"
    },
    {
        "id": 9,
        "name": "Exel Lager 0.5%",
        "price": "24x355.0 ml, $0.19/100ml",
        "brand": "Molson",
        "image_url": "https://assets.shop.loblaws.ca/products/20079283/b3/en/front/20079283_front_a06_@2.png",
        "image_alt": "Molson Exel Lager 0.5% 24x355.0 ml, $0.19/100ml",
        "price_product_tile": "$15.99$15.99"
    },
    {
        "id": 10,
        "name": "Dark Ale Low Alcohol Beer (Less Than 0.5% Alc./Vol.)",
        "price": "4x355.0 ml, $0.51/100ml",
        "brand": "President's Choice",
        "image_url": "https://assets.shop.loblaws.ca/products/21589408/b3/en/front/21589408_front_a06_@2.png",
        "image_alt": "President's Choice Dark Ale Low Alcohol Beer (Less Than 0.5% Alc./Vol.) 4x355.0 ml, $0.51/100ml",
        "price_product_tile": "$7.29$7.29"
    },
    {
        "id": 11,
        "name": "Alcohol Free Beer Bottles with Natural Flavours",
        "price": "6x330.0 ml, $0.68/100ml",
        "brand": "Heineken",
        "image_url": "https://assets.shop.loblaws.ca/products/21099500/b3/en/front/21099500_front_a06_@2.png",
        "image_alt": "Heineken Alcohol Free Beer Bottles with Natural Flavours  6x330.0 ml, $0.68/100ml",
        "price_product_tile": "$13.49$13.49"
    },
    {
        "id": 12,
        "name": "Alcohol Free Beer with Natural Flavours",
        "price": "6x330.0 ml, $0.68/100ml",
        "brand": "Heineken",
        "image_url": "https://assets.shop.loblaws.ca/products/21100011/b3/en/front/21100011_front_a06_@2.png",
        "image_alt": "Heineken Alcohol Free Beer with Natural Flavours  6x330.0 ml, $0.68/100ml",
        "price_product_tile": "$13.49$13.49"
    },
    {
        "id": 13,
        "name": "Nonalcoholic Craft Beer, IPA",
        "price": "4x355.0 ml, $0.51/100ml",
        "brand": "Partake",
        "image_url": "https://assets.shop.loblaws.ca/products/21208552/b3/en/front/21208552_front_a06_@2.png",
        "image_alt": "Partake Nonalcoholic Craft Beer, IPA 4x355.0 ml, $0.51/100ml",
        "price_product_tile": "$7.29$7.29$8.99$8.99SAVE $1.70"
    },
    {
        "id": 14,
        "name": "Exel Lager 0.5%",
        "price": "12x355.0 ml, $0.22/100ml",
        "brand": "Molson",
        "image_url": "https://assets.shop.loblaws.ca/products/20056727/b3/en/front/20056727_front_a06_@2.png",
        "image_alt": "Molson Exel Lager 0.5% 12x355.0 ml, $0.22/100ml",
        "price_product_tile": "$9.49$9.49"
    },
    {
        "id": 15,
        "name": "1664 Blanc Alcohol-Free Citrus Flavoured Wheat Beer",
        "price": "6x330.0 ml, $0.56/100ml",
        "brand": "Kronenbourg",
        "image_url": "https://assets.shop.loblaws.ca/products/21582390/b3/en/front/21582390_front_a06_@2.png",
        "image_alt": "Kronenbourg 1664 Blanc Alcohol-Free Citrus Flavoured Wheat Beer 6x330.0 ml, $0.56/100ml",
        "price_product_tile": "$10.99$10.99"
    },
    {
        "id": 16,
        "name": "Non Alcoholic Beer, PALE",
        "price": "4x355.0 ml, $0.51/100ml",
        "brand": "Partake",
        "image_url": "https://assets.shop.loblaws.ca/products/21208553/b3/en/front/21208553_front_a06_@2.png",
        "image_alt": "Partake Non Alcoholic Beer, PALE 4x355.0 ml, $0.51/100ml",
        "price_product_tile": "$7.29$7.29$8.99$8.99SAVE $1.70"
    },
    {
        "id": 17,
        "name": "Non-Alcoholic Beer",
        "price": "6x330.0 ml, $0.58/100ml",
        "brand": "Becks",
        "image_url": "https://assets.shop.loblaws.ca/products/20080645/b3/en/front/20080645_front_a06_@2.png",
        "image_alt": "Becks Non-Alcoholic Beer  6x330.0 ml, $0.58/100ml",
        "price_product_tile": "$11.49$11.49"
    },
    {
        "id": 18,
        "name": "Domingo Mixed Flavours Non-Alcoholic, Club Pack",
        "price": "12x341.0 ml, $0.42/100ml",
        "brand": "Casal Domingo",
        "image_url": "https://assets.shop.loblaws.ca/products/20297835/b3/en/front/20297835_front_a06_@2.png",
        "image_alt": "Casal Domingo Domingo Mixed Flavours Non-Alcoholic, Club Pack  12x341.0 ml, $0.42/100ml",
        "price_product_tile": "$16.99$16.99"
    },
    {
        "id": 19,
        "name": "Non-Alcoholic Beer",
        "price": "4x500.0 ml, $0.40/100ml",
        "brand": "Grolsch",
        "image_url": "https://assets.shop.loblaws.ca/products/20938318/b3/en/front/20938318_front_a06_@2.png",
        "image_alt": "Grolsch Non-Alcoholic Beer      4x500.0 ml, $0.40/100ml",
        "price_product_tile": "$7.99$7.99"
    },
    {
        "id": 20,
        "name": "De-Alcoholized Wine, Red",
        "price": "750 ml, $0.93/100ml",
        "brand": "Carl Jung",
        "image_url": "https://assets.shop.loblaws.ca/products/20300444/b3/en/front/20300444_front_a06_@2.png",
        "image_alt": "Carl Jung De-Alcoholized Wine, Red 750 ml, $0.93/100ml",
        "price_product_tile": "$6.99$6.99"
    },
    {
        "id": 21,
        "name": "Craft Non-Alcoholic Beer Blonde",
        "price": "4x355.0 ml, $0.51/100ml",
        "brand": "Partake",
        "image_url": "https://assets.shop.loblaws.ca/products/21359004/b3/en/front/21359004_front_a06_@2.png",
        "image_alt": "Partake Craft Non-Alcoholic Beer Blonde 4x355.0 ml, $0.51/100ml",
        "price_product_tile": "$7.29$7.29$8.99$8.99SAVE $1.70"
    },
    {
        "id": 22,
        "name": "White Wine De-Alcoholized",
        "price": "750 ml, $0.93/100ml",
        "brand": "Carl Jung",
        "image_url": "https://assets.shop.loblaws.ca/products/20185245/b3/en/front/20185245_front_a06_@2.png",
        "image_alt": "Carl Jung White Wine De-Alcoholized 750 ml, $0.93/100ml",
        "price_product_tile": "$6.99$6.99"
    },
    {
        "id": 23,
        "name": "Sauvignon Blanc Dealcoholized Wine",
        "price": "750 ml, $1.07/100ml",
        "brand": "President's Choice",
        "image_url": "https://assets.shop.loblaws.ca/products/21403389/b3/en/front/21403389_front_a06_@2.png",
        "image_alt": "President's Choice Sauvignon Blanc Dealcoholized Wine 750 ml, $1.07/100ml",
        "price_product_tile": "$7.99$7.99"
    },
    {
        "id": 24,
        "name": "Merlot Dealcoholized Wine",
        "price": "750 ml, $1.07/100ml",
        "brand": "President's Choice",
        "image_url": "https://assets.shop.loblaws.ca/products/21045602/b3/en/front/21045602_front_a06_@2.png",
        "image_alt": "President's Choice Merlot Dealcoholized Wine 750 ml, $1.07/100ml",
        "price_product_tile": "$7.99$7.99"
    },
    {
        "id": 25,
        "name": "Chardonnay Dealcoholized Wine",
        "price": "750 ml, $1.07/100ml",
        "brand": "President's Choice",
        "image_url": "https://assets.shop.loblaws.ca/products/21045800/b3/en/front/21045800_front_a06_@2.png",
        "image_alt": "President's Choice Chardonnay Dealcoholized Wine 750 ml, $1.07/100ml",
        "price_product_tile": "$7.99$7.99"
    }
]