[
    {
        "id": 1,
        "name": "Garlic Bread",
        "price": "325 g, $1.07/100g",
        "brand": "D'Italiano",
        "image_url": "https://assets.shop.loblaws.ca/products/21552151/b3/en/front/21552151_front_a06_@2.png",
        "image_alt": "D'Italiano Garlic Bread 325 g, $1.07/100g",
        "price_product_tile": "$3.49$3.49"
    },
    {
        "id": 2,
        "name": "Apple Strudel Flavour Breakfast Bread",
        "price": "454 g, $1.21/100g",
        "brand": "Thomas",
        "image_url": "https://assets.shop.loblaws.ca/products/21530363/b3/en/front/21530363_front_a06_@2.png",
        "image_alt": "Thomas Apple Strudel Flavour Breakfast Bread 454 g, $1.21/100g",
        "price_product_tile": "$5.49$5.49"
    },
    {
        "id": 3,
        "name": "Malt Bread",
        "price": "340 g, $1.26/100g",
        "brand": "Dempster",
        "image_url": "https://assets.shop.loblaws.ca/products/20051940/b3/en/front/20051940_front_a06_@2.png",
        "image_alt": "Dempster Malt Bread 340 g, $1.26/100g",
        "price_product_tile": "$4.29$4.29"
    },
    {
        "id": 4,
        "name": "Marble Rye Bread",
        "price": "500 g, $0.80/100g",
        "brand": "Dimpflmeier",
        "image_url": "https://assets.shop.loblaws.ca/products/20337660/b3/en/front/20337660_front_a06_@2.png",
        "image_alt": "Dimpflmeier Marble Rye Bread 500 g, $0.80/100g",
        "price_product_tile": "$3.99$3.99"
    },
    {
        "id": 5,
        "name": "Sourdough Loaf",
        "price": "650 g, $0.46/100g",
        "brand": "Country Harvest",
        "image_url": "https://assets.shop.loblaws.ca/products/21430978/b3/en/front/21430978_front_a06_@2.png",
        "image_alt": "Country Harvest Sourdough Loaf 650 g, $0.46/100g",
        "price_product_tile": "$3.00$3.00$3.29$3.29SAVE $0.29"
    },
    {
        "id": 6,
        "name": "Thick Sliced Italian-Style Bread with Grains",
        "price": "600 g, $0.63/100g",
        "brand": "D'Italiano",
        "image_url": "https://assets.shop.loblaws.ca/products/21001257/b3/en/front/21001257_front_a06_@2.png",
        "image_alt": "D'Italiano Thick Sliced Italian-Style Bread with Grains 600 g, $0.63/100g",
        "price_product_tile": "$3.79$3.79"
    },
    {
        "id": 7,
        "name": "Rosemary Focaccia Triangle",
        "price": "800 g, $0.84/100g",
        "brand": "ACE",
        "image_url": "https://assets.shop.loblaws.ca/products/21596210/b3/en/front/21596210_front_a06_@2.png",
        "image_alt": "ACE Rosemary Focaccia Triangle 800 g, $0.84/100g",
        "price_product_tile": "$6.69$6.69"
    },
    {
        "id": 8,
        "name": "Brioche Loaf Authentic Brioche",
        "price": "400 g, $2.00/100g",
        "brand": "Promise Gluten Free",
        "image_url": "https://assets.shop.loblaws.ca/products/21414781/b3/en/front/21414781_front_a06_@2.png",
        "image_alt": "Promise Gluten Free Brioche Loaf Authentic Brioche 400 g, $2.00/100g",
        "price_product_tile": "$7.99$7.99"
    },
    {
        "id": 9,
        "name": "Little Big Bread",
        "price": "430 g, $1.28/100g",
        "brand": "Silver Hills",
        "image_url": "https://assets.shop.loblaws.ca/products/20711960/b3/en/front/20711960_front_a06_@2.png",
        "image_alt": "Silver Hills Little Big Bread 430 g, $1.28/100g",
        "price_product_tile": "$5.49$5.49"
    },
    {
        "id": 10,
        "name": "Frozen Bread Dough White",
        "price": "445 g, $2.02/100g",
        "brand": "Ready Bake",
        "image_url": "https://assets.shop.loblaws.ca/products/20080832/b3/en/front/20080832_front_a06_@2.png",
        "image_alt": "Ready Bake Frozen Bread Dough White 445 g, $2.02/100g",
        "price_product_tile": "$8.99$8.99"
    },
    {
        "id": 11,
        "name": "Yorkshire Pudding",
        "price": "185 g, $2.37/100g",
        "brand": "President's Choice",
        "image_url": "https://assets.shop.loblaws.ca/products/20025468/b3/en/front/20025468_front_a06_@2.png",
        "image_alt": "President's Choice Yorkshire Pudding 185 g, $2.37/100g",
        "price_product_tile": "$4.39$4.39"
    },
    {
        "id": 12,
        "name": "Everything Bread",
        "price": "600 g, $0.50/100g",
        "brand": "Country Harvest",
        "image_url": "https://assets.shop.loblaws.ca/products/21433366/b3/en/front/21433366_front_a06_@2.png",
        "image_alt": "Country Harvest Everything Bread 600 g, $0.50/100g",
        "price_product_tile": "$3.00$3.00$3.29$3.29SAVE $0.29"
    },
    {
        "id": 13,
        "name": "Bao Buns Ready To Steam",
        "price": "300 g, $2.33/100g",
        "brand": "President's Choice",
        "image_url": "https://assets.shop.loblaws.ca/products/21536847/b3/en/front/21536847_front_a06_@2.png",
        "image_alt": "President's Choice Bao Buns Ready To Steam 300 g, $2.33/100g",
        "price_product_tile": "$6.99$6.99"
    },
    {
        "id": 14,
        "name": "Rustico\u2122 Harvest Multigrain Bread",
        "price": "550 g, $0.73/100g",
        "brand": "Villaggio",
        "image_url": "https://assets.shop.loblaws.ca/products/21593468/b3/en/front/21593468_front_a06_@2.png",
        "image_alt": "Villaggio Rustico\u2122 Harvest Multigrain Bread 550 g, $0.73/100g",
        "price_product_tile": "$3.99$3.99"
    },
    {
        "id": 15,
        "name": "Ready To Bake All Butter Pains Au Chocolat",
        "price": "320 g, $1.87/100g",
        "brand": "President's Choice",
        "image_url": "https://assets.shop.loblaws.ca/products/21545086/b3/en/front/21545086_front_a06_@2.png",
        "image_alt": "President's Choice Ready To Bake All Butter Pains Au Chocolat 320 g, $1.87/100g",
        "price_product_tile": "$5.99$5.99"
    },
    {
        "id": 16,
        "name": "Sesame Bread Thick Sliced",
        "price": "675 g, $0.56/100g",
        "brand": "D'Italiano",
        "image_url": "https://assets.shop.loblaws.ca/products/21567005/b3/en/front/21567005_front_a06_@2.png",
        "image_alt": "D'Italiano Sesame Bread Thick Sliced 675 g, $0.56/100g",
        "price_product_tile": "$3.79$3.79"
    },
    {
        "id": 17,
        "name": "White Bread White Texas",
        "price": "675 g, $0.44/100g",
        "brand": "Wonder",
        "image_url": "https://assets.shop.loblaws.ca/products/20771655/b3/en/front/20771655_front_a06_@2.png",
        "image_alt": "Wonder White Bread White Texas 675 g, $0.44/100g",
        "price_product_tile": "$2.99$2.99"
    },
    {
        "id": 18,
        "name": "Cracked Wheat Bread",
        "price": "675 g, $0.29/100g",
        "brand": "No Name",
        "image_url": "https://assets.shop.loblaws.ca/products/21509159/b3/en/front/21509159_front_a06_@2.png",
        "image_alt": "No Name Cracked Wheat Bread 675 g, $0.29/100g",
        "price_product_tile": "$1.97$1.97"
    },
    {
        "id": 19,
        "name": "Cinnamon Swirl Raisin Bread",
        "price": "450 g, $1.11/100g",
        "brand": "Sunmaid",
        "image_url": "https://assets.shop.loblaws.ca/products/20165873/b3/en/front/20165873_front_a06_@2.png",
        "image_alt": "Sunmaid Cinnamon Swirl Raisin Bread 450 g, $1.11/100g",
        "price_product_tile": "$4.99$4.99"
    },
    {
        "id": 20,
        "name": "Pumpernickel Bread",
        "price": "454 g, $0.94/100g",
        "brand": "Dimpflmeier",
        "image_url": "https://assets.shop.loblaws.ca/products/20188951/b3/en/front/20188951_front_a06_@2.png",
        "image_alt": "Dimpflmeier Pumpernickel Bread 454 g, $0.94/100g",
        "price_product_tile": "$4.29$4.29"
    },
    {
        "id": 21,
        "name": "Ready Bake Garlic Parmesan Toast Texas-Style Bread",
        "price": "16x40.0 g, $0.83/100g",
        "brand": "Furlani",
        "image_url": "https://assets.shop.loblaws.ca/products/20291572/b3/en/front/20291572_front_a06_@2.png",
        "image_alt": "Furlani Ready Bake Garlic Parmesan Toast Texas-Style Bread 16x40.0 g, $0.83/100g",
        "price_product_tile": "$5.29$5.29"
    },
    {
        "id": 22,
        "name": "Bavarian Rye Loaf",
        "price": "454 g, $0.66/100g",
        "brand": "Rubschlager",
        "image_url": "https://assets.shop.loblaws.ca/products/20997012/b3/en/front/20997012_front_a06_@2.png",
        "image_alt": "Rubschlager Bavarian Rye Loaf 454 g, $0.66/100g",
        "price_product_tile": "$3.00$3.00"
    },
    {
        "id": 23,
        "name": "Signature Sausage Gold Buns, 6 Pack",
        "price": "426 g, $0.84/100g",
        "brand": "Dempster",
        "image_url": "https://assets.shop.loblaws.ca/products/21331650/b3/en/front/21331650_front_a06_@2.png",
        "image_alt": "Dempster Signature Sausage Gold Buns, 6 Pack 426 g, $0.84/100g",
        "price_product_tile": "$3.59$3.59"
    },
    {
        "id": 24,
        "name": "Soft White Loaf",
        "price": "480 g, $1.66/100g",
        "brand": "Promise Gluten Free",
        "image_url": "https://assets.shop.loblaws.ca/products/21414753/b3/en/front/21414753_front_a06_@2.png",
        "image_alt": "Promise Gluten Free Soft White Loaf 480 g, $1.66/100g",
        "price_product_tile": "$7.99$7.99"
    },
    {
        "id": 25,
        "name": "100% Whole Grains 12 Grain Bread",
        "price": "600 g, $0.72/100g",
        "brand": "Dempster",
        "image_url": "https://assets.shop.loblaws.ca/products/20251602/b3/en/front/20251602_front_a06_@2.png",
        "image_alt": "Dempster 100% Whole Grains 12 Grain Bread 600 g, $0.72/100g",
        "price_product_tile": "$4.29$4.29"
    },
    {
        "id": 26,
        "name": "Milk Brioche Rolls",
        "price": "350 g, $1.85/100g",
        "brand": "LA FOURNEE DOREE",
        "image_url": "https://assets.shop.loblaws.ca/products/21298033/b3/en/front/21298033_front_a06_@2.png",
        "image_alt": "LA FOURNEE DOREE Milk Brioche Rolls 350 g, $1.85/100g",
        "price_product_tile": "$6.49$6.49"
    },
    {
        "id": 27,
        "name": "100% Whole Wheat Bread Thin Sliced",
        "price": "675 g, $0.44/100g",
        "brand": "Wonder",
        "image_url": "https://assets.shop.loblaws.ca/products/21109000/b3/en/front/21109000_front_a06_@2.png",
        "image_alt": "Wonder 100% Whole Wheat Bread Thin Sliced 675 g, $0.44/100g",
        "price_product_tile": "$2.99$2.99"
    },
    {
        "id": 28,
        "name": "Ready to Bake Garlic Toast",
        "price": "638 g, $0.55/100g",
        "brand": "No Name",
        "image_url": "https://assets.shop.loblaws.ca/products/21361140/b3/en/front/21361140_front_a06_@2.png",
        "image_alt": "No Name Ready to Bake Garlic Toast 638 g, $0.55/100g",
        "price_product_tile": "$3.50$3.50"
    },
    {
        "id": 29,
        "name": "Gluten Free Millet & Quinoa",
        "price": "454 g, $1.39/100g",
        "brand": "President's Choice",
        "image_url": "https://assets.shop.loblaws.ca/products/21286866/b3/en/front/21286866_front_a06_@2.png",
        "image_alt": "President's Choice Gluten Free Millet & Quinoa 454 g, $1.39/100g",
        "price_product_tile": "$6.29$6.29"
    },
    {
        "id": 30,
        "name": "Pumpernickel Loaf",
        "price": "454 g, $0.66/100g",
        "brand": "Rubschlager",
        "image_url": "https://assets.shop.loblaws.ca/products/20998898/b3/en/front/20998898_front_a06_@2.png",
        "image_alt": "Rubschlager Pumpernickel Loaf 454 g, $0.66/100g",
        "price_product_tile": "$3.00$3.00"
    },
    {
        "id": 31,
        "name": "Bread Prebiotic Multi-Grain",
        "price": "454 g, $0.88/100g",
        "brand": "Dimpflmeier",
        "image_url": "https://assets.shop.loblaws.ca/products/20082929/b3/en/front/20082929_front_a06_@2.png",
        "image_alt": "Dimpflmeier Bread Prebiotic Multi-Grain 454 g, $0.88/100g",
        "price_product_tile": "$3.99$3.99"
    },
    {
        "id": 32,
        "name": "Sonnenblumenkerne Bread",
        "price": "454 g, $0.83/100g",
        "brand": "Dimpflmeier",
        "image_url": "https://assets.shop.loblaws.ca/products/20310000/b3/en/front/20310000_front_a06_@2.png",
        "image_alt": "Dimpflmeier Sonnenblumenkerne Bread 454 g, $0.83/100g",
        "price_product_tile": "$3.79$3.79"
    },
    {
        "id": 33,
        "name": "Garlic Bread",
        "price": "330 g, $0.91/100g",
        "brand": "Ready Bake",
        "image_url": "https://assets.shop.loblaws.ca/products/21020061/b3/en/front/21020061_front_a06_@2.png",
        "image_alt": "Ready Bake Garlic Bread 330 g, $0.91/100g",
        "price_product_tile": "$2.99$2.99"
    },
    {
        "id": 34,
        "name": "Bavarian Premium Sandwich Bread",
        "price": "500 g, $0.60/100g",
        "brand": "Rudolphs",
        "image_url": "https://assets.shop.loblaws.ca/products/20342144/b3/en/front/20342144_front_a06_@2.png",
        "image_alt": "Rudolphs Bavarian Premium Sandwich Bread 500 g, $0.60/100g",
        "price_product_tile": "$2.99$2.99$3.99$3.99SAVE $1.00"
    },
    {
        "id": 35,
        "name": "Light Rye Bread",
        "price": "680 g, $0.56/100g",
        "brand": "Rudolphs",
        "image_url": "https://assets.shop.loblaws.ca/products/20147520/b3/en/front/20147520_front_a06_@2.png",
        "image_alt": "Rudolphs Light Rye Bread 680 g, $0.56/100g",
        "price_product_tile": "$3.79$3.79"
    },
    {
        "id": 36,
        "name": "Rye Bread With Whole Grain",
        "price": "454 g, $1.14/100g",
        "brand": "Dimpflmeier",
        "image_url": "https://assets.shop.loblaws.ca/products/20013965/b3/en/front/20013965_front_a06_@2.png",
        "image_alt": "Dimpflmeier Rye Bread With Whole Grain 454 g, $1.14/100g",
        "price_product_tile": "$5.19$5.19"
    },
    {
        "id": 37,
        "name": "Bread Original Swedish Style Light Rye",
        "price": "680 g, $0.73/100g",
        "brand": "Dimpflmeier",
        "image_url": "https://assets.shop.loblaws.ca/products/20166149/b3/en/front/20166149_front_a06_@2.png",
        "image_alt": "Dimpflmeier Bread Original Swedish Style Light Rye 680 g, $0.73/100g",
        "price_product_tile": "$4.99$4.99"
    },
    {
        "id": 38,
        "name": "Squirrelly Bread",
        "price": "600 g, $0.92/100g",
        "brand": "Silver Hills",
        "image_url": "https://assets.shop.loblaws.ca/products/20155511/b3/en/front/20155511_front_a06_@2.png",
        "image_alt": "Silver Hills Squirrelly Bread 600 g, $0.92/100g",
        "price_product_tile": "$5.49$5.49"
    },
    {
        "id": 39,
        "name": "Spelt Bread with Wild Rice",
        "price": "454 g, $1.10/100g",
        "brand": "Dimpflmeier",
        "image_url": "https://assets.shop.loblaws.ca/products/20305160/b3/en/front/20305160_front_a06_@2.png",
        "image_alt": "Dimpflmeier Spelt Bread with Wild Rice 454 g, $1.10/100g",
        "price_product_tile": "$4.99$4.99"
    },
    {
        "id": 40,
        "name": "Maple French Toast Flavour Breakfast Bread",
        "price": "459 g, $1.20/100g",
        "brand": "Thomas",
        "image_url": "https://assets.shop.loblaws.ca/products/21530882/b3/en/front/21530882_front_a06_@2.png",
        "image_alt": "Thomas Maple French Toast Flavour Breakfast Bread 459 g, $1.20/100g",
        "price_product_tile": "$5.49$5.49"
    },
    {
        "id": 41,
        "name": "Power Slice",
        "price": "400 g, $2.25/100g",
        "brand": "Dimpflmeier",
        "image_url": "https://assets.shop.loblaws.ca/products/21158659/b3/en/front/21158659_front_a06_@2.png",
        "image_alt": "Dimpflmeier Power Slice      400 g, $2.25/100g",
        "price_product_tile": "$9.00$9.00"
    },
    {
        "id": 42,
        "name": "Seeds & Grains Bread",
        "price": "482 g, $1.87/100g",
        "brand": "Little Northern Bakehouse",
        "image_url": "https://assets.shop.loblaws.ca/products/20935056/b3/en/front/20935056_front_a06_@2.png",
        "image_alt": "Little Northern Bakehouse Seeds & Grains Bread 482 g, $1.87/100g",
        "price_product_tile": "$8.99$8.99"
    },
    {
        "id": 43,
        "name": "Ready To Bake All-Butter Raspberry-Filled Croissants",
        "price": "360 g, $0.82/100g",
        "brand": "President's Choice",
        "image_url": "https://assets.shop.loblaws.ca/products/21545122/b3/en/front/21545122_front_a06_@2.png",
        "image_alt": "President's Choice Ready To Bake All-Butter Raspberry-Filled Croissants  360 g, $0.82/100g",
        "price_product_tile": "$2.94$2.94"
    },
    {
        "id": 44,
        "name": "Sunflower Flax Bread",
        "price": "600 g, $0.67/100g",
        "brand": "Country Harvest",
        "image_url": "https://assets.shop.loblaws.ca/products/21428990/b3/en/front/21428990_front_a06_@2.png",
        "image_alt": "Country Harvest Sunflower Flax Bread 600 g, $0.67/100g",
        "price_product_tile": "$3.99$3.99"
    },
    {
        "id": 45,
        "name": "Breakfast Bread Blueberry Muffin Flavour",
        "price": "454 g, $1.21/100g",
        "brand": "Thomas",
        "image_url": "https://assets.shop.loblaws.ca/products/21593284/b3/en/front/21593284_front_a06_@2.png",
        "image_alt": "Thomas Breakfast Bread Blueberry Muffin Flavour 454 g, $1.21/100g",
        "price_product_tile": "$5.49$5.49"
    },
    {
        "id": 46,
        "name": "No Sugar Whole Wheat",
        "price": "600 g, $0.50/100g",
        "brand": "Country Harvest",
        "image_url": "https://assets.shop.loblaws.ca/products/21178631/b3/en/front/21178631_front_a06_@2.png",
        "image_alt": "Country Harvest No Sugar Whole Wheat 600 g, $0.50/100g",
        "price_product_tile": "$3.00$3.00$3.29$3.29SAVE $0.29"
    },
    {
        "id": 47,
        "name": "Bread Seeded Gluten Free",
        "price": "550 g, $1.82/100g",
        "brand": "Carbonaut",
        "image_url": "https://assets.shop.loblaws.ca/products/21394204/b3/en/front/21394204_front_a06_@2.png",
        "image_alt": "Carbonaut Bread Seeded Gluten Free 550 g, $1.82/100g",
        "price_product_tile": "$9.99$9.99"
    },
    {
        "id": 48,
        "name": "Quinoa Flax Bread",
        "price": "600 g, $0.50/100g",
        "brand": "Country Harvest",
        "image_url": "https://assets.shop.loblaws.ca/products/21428983/b3/en/front/21428983_front_a06_@2.png",
        "image_alt": "Country Harvest Quinoa Flax Bread 600 g, $0.50/100g",
        "price_product_tile": "$3.00$3.00$3.29$3.29SAVE $0.29"
    },
    {
        "id": 49,
        "name": "Bread Whole Grain Gluten Free",
        "price": "567 g, $1.50/100g",
        "brand": "Little Northern Bakehouse",
        "image_url": "https://assets.shop.loblaws.ca/products/21100055/b3/en/front/21100055_front_a06_@2.png",
        "image_alt": "Little Northern Bakehouse Bread Whole Grain Gluten Free 567 g, $1.50/100g",
        "price_product_tile": "$8.49$8.49"
    },
    {
        "id": 50,
        "name": "100% Whole Wheat Loaf",
        "price": "450 g, $1.00/100g",
        "brand": "PC Blue Menu",
        "image_url": "https://assets.shop.loblaws.ca/products/21015167/b3/en/front/21015167_front_a06_@2.png",
        "image_alt": "PC Blue Menu 100% Whole Wheat Loaf 450 g, $1.00/100g",
        "price_product_tile": "$4.49$4.49"
    },
    {
        "id": 51,
        "name": "Bread  White",
        "price": "544 g, $1.84/100g",
        "brand": "Carbonaut",
        "image_url": "https://assets.shop.loblaws.ca/products/21379251/b3/en/front/21379251_front_a06_@2.png",
        "image_alt": "Carbonaut Bread  White  544 g, $1.84/100g",
        "price_product_tile": "$9.99$9.99"
    },
    {
        "id": 52,
        "name": "Seeds and Grains Bread",
        "price": "600 g, $0.50/100g",
        "brand": "Country Harvest",
        "image_url": "https://assets.shop.loblaws.ca/products/21178638/b3/en/front/21178638_front_a06_@2.png",
        "image_alt": "Country Harvest Seeds and Grains Bread 600 g, $0.50/100g",
        "price_product_tile": "$3.00$3.00$3.29$3.29SAVE $0.29"
    },
    {
        "id": 53,
        "name": "Bread U.F. Oat",
        "price": "544 g, $1.84/100g",
        "brand": "Carbonaut",
        "image_url": "https://assets.shop.loblaws.ca/products/21446964/b3/en/front/21446964_front_a06_@2.png",
        "image_alt": "Carbonaut Bread U.F. Oat 544 g, $1.84/100g",
        "price_product_tile": "$9.99$9.99"
    },
    {
        "id": 54,
        "name": "Munich Style Rye Bread",
        "price": "500 g, $0.76/100g",
        "brand": "Dimpflmeier",
        "image_url": "https://assets.shop.loblaws.ca/products/20071326/b3/en/front/20071326_front_a06_@2.png",
        "image_alt": "Dimpflmeier Munich Style Rye Bread 500 g, $0.76/100g",
        "price_product_tile": "$3.79$3.79"
    },
    {
        "id": 55,
        "name": "3 Pack",
        "price": "3x284.0 g, $0.59/100g",
        "brand": "New York Style",
        "image_url": null,
        "image_alt": "New York Style 3 Pack 3x284.0 g, $0.59/100g",
        "price_product_tile": "$5.00$5.00"
    },
    {
        "id": 56,
        "name": "Texas Toast Bread, 100% Whole Wheat",
        "price": "675 g, $0.44/100g",
        "brand": "Wonder",
        "image_url": "https://assets.shop.loblaws.ca/products/20323798/b3/en/front/20323798_front_a06_@2.png",
        "image_alt": "Wonder Texas Toast Bread, 100% Whole Wheat 675 g, $0.44/100g",
        "price_product_tile": "$2.99$2.99"
    },
    {
        "id": 57,
        "name": "Whole Wheat Baguette",
        "price": "255 g, $0.39/100g",
        "brand": "No brand",
        "image_url": "https://assets.shop.loblaws.ca/products/21530097/b3/en/front/21530097_front_a06_@2.png",
        "image_alt": "null Whole Wheat Baguette 255 g, $0.39/100g",
        "price_product_tile": "$0.99$0.99"
    },
    {
        "id": 58,
        "name": "Extra Thick Sliced Cinnamon Bread with Raisins",
        "price": "675 g, $0.67/100g",
        "brand": "President's Choice",
        "image_url": "https://assets.shop.loblaws.ca/products/20639729/b3/en/front/20639729_front_a06_@2.png",
        "image_alt": "President's Choice Extra Thick Sliced Cinnamon Bread with Raisins 675 g, $0.67/100g",
        "price_product_tile": "$4.49$4.49"
    },
    {
        "id": 59,
        "name": "Roasted Garlic Oval",
        "price": "398 g, $0.88/100g",
        "brand": "La Baguetterie",
        "image_url": "https://assets.shop.loblaws.ca/products/20928110/b3/en/front/20928110_front_a06_@2.png",
        "image_alt": "La Baguetterie Roasted Garlic Oval 398 g, $0.88/100g",
        "price_product_tile": "$3.49$3.49"
    },
    {
        "id": 60,
        "name": "Italian Tipo \"OO\" Flour Pizza Dough",
        "price": "560 g, $0.53/100g",
        "brand": "President's Choice",
        "image_url": "https://assets.shop.loblaws.ca/products/21412185/b3/en/front/21412185_front_a06_@2.png",
        "image_alt": "President's Choice Italian Tipo \"OO\" Flour Pizza Dough 560 g, $0.53/100g",
        "price_product_tile": "$2.99$2.99"
    },
    {
        "id": 61,
        "name": "Millet & Chia Bread",
        "price": "454 g, $1.98/100g",
        "brand": "Little Northern Bakehouse",
        "image_url": "https://assets.shop.loblaws.ca/products/20935128/b3/en/front/20935128_front_a06_@2.png",
        "image_alt": "Little Northern Bakehouse Millet & Chia Bread 454 g, $1.98/100g",
        "price_product_tile": "$8.99$8.99"
    },
    {
        "id": 62,
        "name": "Bavarian Multigrain Loaf",
        "price": "454 g, $0.66/100g",
        "brand": "Rubschlager",
        "image_url": "https://assets.shop.loblaws.ca/products/20997017/b3/en/front/20997017_front_a06_@2.png",
        "image_alt": "Rubschlager Bavarian Multigrain Loaf 454 g, $0.66/100g",
        "price_product_tile": "$3.00$3.00"
    },
    {
        "id": 63,
        "name": "Stone Milled Whole Wheat Bread",
        "price": "600 g, $0.50/100g",
        "brand": "Country Harvest",
        "image_url": "https://assets.shop.loblaws.ca/products/21178962/b3/en/front/21178962_front_a06_@2.png",
        "image_alt": "Country Harvest Stone Milled Whole Wheat Bread 600 g, $0.50/100g",
        "price_product_tile": "$3.00$3.00$3.29$3.29SAVE $0.29"
    },
    {
        "id": 64,
        "name": "Whole Wheat Crustless Bread Tramezzini",
        "price": "250 g, $1.80/100g",
        "brand": "President's Choice",
        "image_url": "https://assets.shop.loblaws.ca/products/20708056/b3/en/front/20708056_front_a06_@2.png",
        "image_alt": "President's Choice Whole Wheat Crustless Bread Tramezzini 250 g, $1.80/100g",
        "price_product_tile": "$4.49$4.49"
    },
    {
        "id": 65,
        "name": "Vienna Style Bread",
        "price": "312 g, $0.96/100g",
        "brand": "Villa Di Manno",
        "image_url": "https://assets.shop.loblaws.ca/products/20133689/b3/en/front/20133689_front_a06_@2.png",
        "image_alt": "Villa Di Manno Vienna Style Bread 312 g, $0.96/100g",
        "price_product_tile": "$2.99$2.99"
    },
    {
        "id": 66,
        "name": "White Baguette",
        "price": "326 g, $1.07/100g",
        "brand": "La Baguetterie",
        "image_url": "https://assets.shop.loblaws.ca/products/21405144/b3/en/front/21405144_front_a06_@2.png",
        "image_alt": "La Baguetterie White Baguette 326 g, $1.07/100g",
        "price_product_tile": "$3.49$3.49"
    },
    {
        "id": 67,
        "name": "Bread 100% Whole Grains Ancient Grains with Quinoa",
        "price": "600 g, $0.72/100g",
        "brand": "Dempster",
        "image_url": "https://assets.shop.loblaws.ca/products/20006502/b3/en/front/20006502_front_a06_@2.png",
        "image_alt": "Dempster Bread 100% Whole Grains Ancient Grains with Quinoa  600 g, $0.72/100g",
        "price_product_tile": "$4.29$4.29"
    },
    {
        "id": 68,
        "name": "Whole Grains Bread No Sugar Added",
        "price": "600 g, $0.50/100g",
        "brand": "Country Harvest",
        "image_url": "https://assets.shop.loblaws.ca/products/21178630/b3/en/front/21178630_front_a06_@2.png",
        "image_alt": "Country Harvest Whole Grains Bread No Sugar Added 600 g, $0.50/100g",
        "price_product_tile": "$3.00$3.00$3.29$3.29SAVE $0.29"
    },
    {
        "id": 69,
        "name": "Cranberry & Oats Loaf",
        "price": "600 g, $0.50/100g",
        "brand": "Country Harvest",
        "image_url": "https://assets.shop.loblaws.ca/products/21430976/b3/en/front/21430976_front_a06_@2.png",
        "image_alt": "Country Harvest Cranberry & Oats Loaf 600 g, $0.50/100g",
        "price_product_tile": "$3.00$3.00$3.29$3.29SAVE $0.29"
    },
    {
        "id": 70,
        "name": "100% Whole Grains Multigrain Bread",
        "price": "600 g, $0.72/100g",
        "brand": "Dempster",
        "image_url": "https://assets.shop.loblaws.ca/products/20157691/b3/en/front/20157691_front_a06_@2.png",
        "image_alt": "Dempster 100% Whole Grains Multigrain Bread 600 g, $0.72/100g",
        "price_product_tile": "$4.29$4.29"
    },
    {
        "id": 71,
        "name": "Gluten Free White Bread",
        "price": "454 g, $1.39/100g",
        "brand": "President's Choice",
        "image_url": "https://assets.shop.loblaws.ca/products/21245347/b3/en/front/21245347_front_a06_@2.png",
        "image_alt": "President's Choice Gluten Free White Bread 454 g, $1.39/100g",
        "price_product_tile": "$6.29$6.29"
    },
    {
        "id": 72,
        "name": "Hot Cross Buns Extra-Raisins",
        "price": "565 g, $0.79/100g",
        "brand": "President's Choice",
        "image_url": "https://assets.shop.loblaws.ca/products/21577822/b3/en/front/21577822_front_a06_@2.png",
        "image_alt": "President's Choice Hot Cross Buns Extra-Raisins 565 g, $0.79/100g",
        "price_product_tile": "$4.49$4.49"
    },
    {
        "id": 73,
        "name": "Pumpernickel Bread",
        "price": "454 g, $0.86/100g",
        "brand": "Dimpflmeier",
        "image_url": "https://assets.shop.loblaws.ca/products/20120773/b3/en/front/20120773_front_a06_@2.png",
        "image_alt": "Dimpflmeier Pumpernickel Bread 454 g, $0.86/100g",
        "price_product_tile": "$3.89$3.89"
    },
    {
        "id": 74,
        "name": "Farmer's Gold Bread Light Rye 6 Grain",
        "price": "700 g, $0.42/100g",
        "brand": "Dimpflmeier",
        "image_url": "https://assets.shop.loblaws.ca/products/21048088/b3/en/front/21048088_front_a06_@2.png",
        "image_alt": "Dimpflmeier Farmer's Gold Bread Light Rye 6 Grain  700 g, $0.42/100g",
        "price_product_tile": "$2.97$2.97$4.99$4.99SAVE $2.02"
    },
    {
        "id": 75,
        "name": "Brizzolio Bread",
        "price": "600 g, $0.63/100g",
        "brand": "D'Italiano",
        "image_url": "https://assets.shop.loblaws.ca/products/20773424/b3/en/front/20773424_front_a06_@2.png",
        "image_alt": "D'Italiano Brizzolio Bread 600 g, $0.63/100g",
        "price_product_tile": "$3.79$3.79"
    },
    {
        "id": 76,
        "name": "Coconut Cream Bun",
        "price": "90 g, $1.66/100g",
        "brand": "T&T",
        "image_url": "https://assets.shop.loblaws.ca/products/21475470/b3/en/front/21475470_front_a06_@2.png",
        "image_alt": "T&T Coconut Cream Bun 90 g, $1.66/100g",
        "price_product_tile": "$1.49$1.49"
    },
    {
        "id": 77,
        "name": "Rye Bread With Sunflower Seeds",
        "price": "454 g, $1.10/100g",
        "brand": "Dimpflmeier",
        "image_url": "https://assets.shop.loblaws.ca/products/20309503/b3/en/front/20309503_front_a06_@2.png",
        "image_alt": "Dimpflmeier Rye Bread With Sunflower Seeds 454 g, $1.10/100g",
        "price_product_tile": "$4.99$4.99"
    },
    {
        "id": 78,
        "name": "Sweet Hawaiian Wide Slice",
        "price": "539 g, $1.58/100g",
        "brand": "Little Northern Bakehouse",
        "image_url": "https://assets.shop.loblaws.ca/products/21479458/b3/en/front/21479458_front_a06_@2.png",
        "image_alt": "Little Northern Bakehouse Sweet Hawaiian Wide Slice 539 g, $1.58/100g",
        "price_product_tile": "$8.49$8.49"
    },
    {
        "id": 79,
        "name": "Oat & Honey Whole Wheat Bread",
        "price": "600 g, $0.50/100g",
        "brand": "Country Harvest",
        "image_url": "https://assets.shop.loblaws.ca/products/21178635/b3/en/front/21178635_front_a06_@2.png",
        "image_alt": "Country Harvest Oat & Honey Whole Wheat Bread 600 g, $0.50/100g",
        "price_product_tile": "$3.00$3.00$3.29$3.29SAVE $0.29"
    },
    {
        "id": 80,
        "name": "Delicious Gluten Free Loaf White Wide Slice",
        "price": "567 g, $1.50/100g",
        "brand": "Little Northern Bakehouse",
        "image_url": "https://assets.shop.loblaws.ca/products/21100057/b3/en/front/21100057_front_a06_@2.png",
        "image_alt": "Little Northern Bakehouse Delicious Gluten Free Loaf White Wide Slice 567 g, $1.50/100g",
        "price_product_tile": "$8.49$8.49"
    },
    {
        "id": 81,
        "name": "Sliced Brioche Bread",
        "price": "500 g, $1.20/100g",
        "brand": "LA FOURNEE DOREE",
        "image_url": "https://assets.shop.loblaws.ca/products/20978205/b3/en/front/20978205_front_a06_@2.png",
        "image_alt": "LA FOURNEE DOREE Sliced Brioche Bread 500 g, $1.20/100g",
        "price_product_tile": "$5.99$5.99"
    },
    {
        "id": 82,
        "name": "Raisin & Cinnamon Loaf",
        "price": "675 g, $0.74/100g",
        "brand": "Wonder",
        "image_url": "https://assets.shop.loblaws.ca/products/21529971/b3/en/front/21529971_front_a06_@2.png",
        "image_alt": "Wonder Raisin & Cinnamon Loaf 675 g, $0.74/100g",
        "price_product_tile": "$4.99$4.99"
    }
]