<div data-testid="product-grid" class="css-epcqr3"><div class="css-0"><div class="css-f5i5wc"><div class="chakra-linkbox css-vhnn8v"><div data-testid="product-image" class="css-16dr4ly"><img alt="IOGO Nano Drinkable Yogurt, Strawberry 1% 6x93.0 ml, $0.82/100ml" src="https://assets.shop.loblaws.ca/products/20609687001/b3/en/front/20609687001_front_a06_@2.png" srcset="https://assets.shop.loblaws.ca/products/20609687001/b3/en/front/20609687001_front_a06_@2.png 1x, https://assets.shop.loblaws.ca/products/20609687001/b3/en/front/20609687001_front_a06_@2.png 2x" loading="lazy" class="chakra-image css-oguq8l" aria-hidden="true"></div><div class="css-qoklea"><div class="css-12dchmx"></div><div data-testid="price-product-tile" class="css-8atqhb"><p class="chakra-text css-0"><span class="chakra-text css-pwnbcb" data-testid="regular-price"><span class="css-idkz9h">$4.59</span>$4.59</span></p></div><a href="/nano-drinkable-yogurt-strawberry-1/p/20609687001_EA?source=nspt" class="chakra-linkbox__overlay css-1hnz6hu"><div class="css-0"><p class="chakra-text css-1ecdp9w" data-testid="product-brand">IOGO</p><h3 class="chakra-heading css-6qrhwc" id="20609687001_EA" data-testid="product-title">Nano Drinkable Yogurt, Strawberry 1%</h3><p class="chakra-text css-1yftjin" data-testid="product-package-size">6x93.0 ml, $0.82/100ml</p></div></a><div class="css-8keand"></div></div><div class="css-1q5omjq"><div class="css-fcebb8"><div data-testid="atc-compact" class="css-y94ivq" style="width: 45px;"><button type="button" class="chakra-button css-mudsm6" data-testid="atc-button"><svg stroke="currentColor" fill="currentColor" stroke-width="0" viewBox="0 0 24 24" focusable="false" class="chakra-icon css-1g3sp7a" data-testid="btn-icon" aria-hidden="true" height="1em" width="1em" xmlns="http://www.w3.org/2000/svg"><path d="M19 13h-6v6h-2v-6H5v-2h6V5h2v6h6v2z"></path></svg><span class="css-idkz9h">Add Nano Drinkable Yogurt, Strawberry 1% to cart</span></button></div></div></div></div></div></div><div class="css-0"><div class="css-f5i5wc"><div class="chakra-linkbox css-vhnn8v"><div data-testid="product-image" class="css-16dr4ly"><img alt="IOGO Nano Drinkable Yogurt, Vanilla 1% 6x93.0 ml, $0.82/100ml" src="https://assets.shop.loblaws.ca/products/20903653/b3/en/front/20903653_front_a06_@2.png" srcset="https://assets.shop.loblaws.ca/products/20903653/b3/en/front/20903653_front_a06_@2.png 1x, https://assets.shop.loblaws.ca/products/20903653/b3/en/front/20903653_front_a06_@2.png 2x" loading="lazy" class="chakra-image css-oguq8l" aria-hidden="true"></div><div class="css-qoklea"><div class="css-12dchmx"></div><div data-testid="price-product-tile" class="css-8atqhb"><p class="chakra-text css-0"><span class="chakra-text css-pwnbcb" data-testid="regular-price"><span class="css-idkz9h">$4.59</span>$4.59</span></p></div><a href="/nano-drinkable-yogurt-vanilla-1/p/20903653_EA?source=nspt" class="chakra-linkbox__overlay css-1hnz6hu"><div class="css-0"><p class="chakra-text css-1ecdp9w" data-testid="product-brand">IOGO</p><h3 class="chakra-heading css-6qrhwc" id="20903653_EA" data-testid="product-title">Nano Drinkable Yogurt, Vanilla 1%</h3><p class="chakra-text css-1yftjin" data-testid="product-package-size">6x93.0 ml, $0.82/100ml</p></div></a><div class="css-8keand"></div></div><div class="css-1q5omjq"><div class="css-fcebb8"><div data-testid="atc-compact" class="css-y94ivq" style="width: 45px;"><button type="button" class="chakra-button css-mudsm6" data-testid="atc-button"><svg stroke="currentColor" fill="currentColor" stroke-width="0" viewBox="0 0 24 24" focusable="false" class="chakra-icon css-1g3sp7a" data-testid="btn-icon" aria-hidden="true" height="1em" width="1em" xmlns="http://www.w3.org/2000/svg"><path d="M19 13h-6v6h-2v-6H5v-2h6V5h2v6h6v2z"></path></svg><span class="css-idkz9h">Add Nano Drinkable Yogurt, Vanilla 1% to cart</span></button></div></div></div></div></div></div><div class="css-0"><div class="css-f5i5wc"><div class="chakra-linkbox css-vhnn8v"><div data-testid="product-image" class="css-16dr4ly"><img alt="IOGO Nano Drinkable Yogurt, Peach 1% 6x93.0 ml, $0.82/100ml" src="https://assets.shop.loblaws.ca/products/21042490/b3/en/front/21042490_front_a06_@2.png" srcset="https://assets.shop.loblaws.ca/products/21042490/b3/en/front/21042490_front_a06_@2.png 1x, https://assets.shop.loblaws.ca/products/21042490/b3/en/front/21042490_front_a06_@2.png 2x" loading="lazy" class="chakra-image css-oguq8l" aria-hidden="true"></div><div class="css-qoklea"><div class="css-12dchmx"></div><div data-testid="price-product-tile" class="css-8atqhb"><p class="chakra-text css-0"><span class="chakra-text css-pwnbcb" data-testid="regular-price"><span class="css-idkz9h">$4.59</span>$4.59</span></p></div><a href="/nano-drinkable-yogurt-peach-1/p/21042490_EA?source=nspt" class="chakra-linkbox__overlay css-1hnz6hu"><div class="css-0"><p class="chakra-text css-1ecdp9w" data-testid="product-brand">IOGO</p><h3 class="chakra-heading css-6qrhwc" id="21042490_EA" data-testid="product-title">Nano Drinkable Yogurt, Peach 1%</h3><p class="chakra-text css-1yftjin" data-testid="product-package-size">6x93.0 ml, $0.82/100ml</p></div></a><div class="css-8keand"></div></div><div class="css-1q5omjq"><div class="css-fcebb8"><div data-testid="atc-compact" class="css-y94ivq" style="width: 45px;"><button type="button" class="chakra-button css-mudsm6" data-testid="atc-button"><svg stroke="currentColor" fill="currentColor" stroke-width="0" viewBox="0 0 24 24" focusable="false" class="chakra-icon css-1g3sp7a" data-testid="btn-icon" aria-hidden="true" height="1em" width="1em" xmlns="http://www.w3.org/2000/svg"><path d="M19 13h-6v6h-2v-6H5v-2h6V5h2v6h6v2z"></path></svg><span class="css-idkz9h">Add Nano Drinkable Yogurt, Peach 1% to cart</span></button></div></div></div></div></div></div><div class="css-0"><div class="css-f5i5wc"><div class="chakra-linkbox css-vhnn8v"><div data-testid="product-image" class="css-16dr4ly"><img alt="IOGO Nano Drinkable Yogurt, Raspberry 1% 6x93.0 ml, $0.82/100ml" src="https://assets.shop.loblaws.ca/products/20609687002/b3/en/front/20609687002_front_a06_@2.png" srcset="https://assets.shop.loblaws.ca/products/20609687002/b3/en/front/20609687002_front_a06_@2.png 1x, https://assets.shop.loblaws.ca/products/20609687002/b3/en/front/20609687002_front_a06_@2.png 2x" loading="lazy" class="chakra-image css-oguq8l" aria-hidden="true"></div><div class="css-qoklea"><div class="css-12dchmx"></div><div data-testid="price-product-tile" class="css-8atqhb"><p class="chakra-text css-0"><span class="chakra-text css-pwnbcb" data-testid="regular-price"><span class="css-idkz9h">$4.59</span>$4.59</span></p></div><a href="/nano-drinkable-yogurt-raspberry-1/p/20609687002_EA?source=nspt" class="chakra-linkbox__overlay css-1hnz6hu"><div class="css-0"><p class="chakra-text css-1ecdp9w" data-testid="product-brand">IOGO</p><h3 class="chakra-heading css-6qrhwc" id="20609687002_EA" data-testid="product-title">Nano Drinkable Yogurt, Raspberry 1%</h3><p class="chakra-text css-1yftjin" data-testid="product-package-size">6x93.0 ml, $0.82/100ml</p></div></a><div class="css-8keand"></div></div><div class="css-1q5omjq"><div class="css-fcebb8"><div data-testid="atc-compact" class="css-y94ivq" style="width: 45px;"><button type="button" class="chakra-button css-mudsm6" data-testid="atc-button"><svg stroke="currentColor" fill="currentColor" stroke-width="0" viewBox="0 0 24 24" focusable="false" class="chakra-icon css-1g3sp7a" data-testid="btn-icon" aria-hidden="true" height="1em" width="1em" xmlns="http://www.w3.org/2000/svg"><path d="M19 13h-6v6h-2v-6H5v-2h6V5h2v6h6v2z"></path></svg><span class="css-idkz9h">Add Nano Drinkable Yogurt, Raspberry 1% to cart</span></button></div></div></div></div></div></div><div class="css-0"><div class="css-f5i5wc"><div class="chakra-linkbox css-vhnn8v"><div data-testid="product-image" class="css-16dr4ly"><img alt="IOGO Nano Drinkable Yogurt, Banana 1% 6x93.0 ml, $0.82/100ml" src="https://assets.shop.loblaws.ca/products/20609687003/b3/en/front/20609687003_front_a06_@2.png" srcset="https://assets.shop.loblaws.ca/products/20609687003/b3/en/front/20609687003_front_a06_@2.png 1x, https://assets.shop.loblaws.ca/products/20609687003/b3/en/front/20609687003_front_a06_@2.png 2x" loading="lazy" class="chakra-image css-oguq8l" aria-hidden="true"></div><div class="css-qoklea"><div class="css-12dchmx"></div><div data-testid="price-product-tile" class="css-8atqhb"><p class="chakra-text css-0"><span class="chakra-text css-pwnbcb" data-testid="regular-price"><span class="css-idkz9h">$4.59</span>$4.59</span></p></div><a href="/nano-drinkable-yogurt-banana-1/p/20609687003_EA?source=nspt" class="chakra-linkbox__overlay css-1hnz6hu"><div class="css-0"><p class="chakra-text css-1ecdp9w" data-testid="product-brand">IOGO</p><h3 class="chakra-heading css-6qrhwc" id="20609687003_EA" data-testid="product-title">Nano Drinkable Yogurt, Banana 1%</h3><p class="chakra-text css-1yftjin" data-testid="product-package-size">6x93.0 ml, $0.82/100ml</p></div></a><div class="css-8keand"></div></div><div class="css-1q5omjq"><div class="css-fcebb8"><div data-testid="atc-compact" class="css-y94ivq" style="width: 45px;"><button type="button" class="chakra-button css-mudsm6" data-testid="atc-button"><svg stroke="currentColor" fill="currentColor" stroke-width="0" viewBox="0 0 24 24" focusable="false" class="chakra-icon css-1g3sp7a" data-testid="btn-icon" aria-hidden="true" height="1em" width="1em" xmlns="http://www.w3.org/2000/svg"><path d="M19 13h-6v6h-2v-6H5v-2h6V5h2v6h6v2z"></path></svg><span class="css-idkz9h">Add Nano Drinkable Yogurt, Banana 1% to cart</span></button></div></div></div></div></div></div><div class="css-0"><div class="css-f5i5wc"><div class="chakra-linkbox css-vhnn8v"><div data-testid="product-image" class="css-16dr4ly"><img alt="IOGO Nano Drinkable Yogurt, Lactose Free, Strawberry-Banana 1% 6x93.0 ml, $0.82/100g" src="https://assets.shop.loblaws.ca/products/21219007/b3/en/front/21219007_front_a06_@2.png" srcset="https://assets.shop.loblaws.ca/products/21219007/b3/en/front/21219007_front_a06_@2.png 1x, https://assets.shop.loblaws.ca/products/21219007/b3/en/front/21219007_front_a06_@2.png 2x" loading="lazy" class="chakra-image css-oguq8l" aria-hidden="true"></div><div class="css-qoklea"><div class="css-12dchmx"></div><div data-testid="price-product-tile" class="css-8atqhb"><p class="chakra-text css-0"><span class="chakra-text css-pwnbcb" data-testid="regular-price"><span class="css-idkz9h">$4.59</span>$4.59</span></p></div><a href="/nano-drinkable-yogurt-lactose-free-strawberry-bana/p/21219007_EA?source=nspt" class="chakra-linkbox__overlay css-1hnz6hu"><div class="css-0"><p class="chakra-text css-1ecdp9w" data-testid="product-brand">IOGO</p><h3 class="chakra-heading css-6qrhwc" id="21219007_EA" data-testid="product-title">Nano Drinkable Yogurt, Lactose Free, Strawberry-Banana 1%</h3><p class="chakra-text css-1yftjin" data-testid="product-package-size">6x93.0 ml, $0.82/100g</p></div></a><div class="css-8keand"></div></div><div class="css-1q5omjq"><div class="css-fcebb8"><div data-testid="atc-compact" class="css-y94ivq" style="width: 45px;"><button type="button" class="chakra-button css-mudsm6" data-testid="atc-button"><svg stroke="currentColor" fill="currentColor" stroke-width="0" viewBox="0 0 24 24" focusable="false" class="chakra-icon css-1g3sp7a" data-testid="btn-icon" aria-hidden="true" height="1em" width="1em" xmlns="http://www.w3.org/2000/svg"><path d="M19 13h-6v6h-2v-6H5v-2h6V5h2v6h6v2z"></path></svg><span class="css-idkz9h">Add Nano Drinkable Yogurt, Lactose Free, Strawberry-Banana 1% to cart</span></button></div></div></div></div></div></div><div class="css-0"><div class="css-f5i5wc"><div class="chakra-linkbox css-vhnn8v"><div data-testid="product-image" class="css-16dr4ly"><img alt="Yoplait Yop 1% Drinkable Yogurt, Strawberry Banana, Yogurt Drink 200 ml, $0.50/100ml" src="https://assets.shop.loblaws.ca/products/21477986/b3/en/front/21477986_front_a06_@2.png" srcset="https://assets.shop.loblaws.ca/products/21477986/b3/en/front/21477986_front_a06_@2.png 1x, https://assets.shop.loblaws.ca/products/21477986/b3/en/front/21477986_front_a06_@2.png 2x" loading="lazy" class="chakra-image css-oguq8l" aria-hidden="true"></div><div class="css-qoklea"><div class="css-12dchmx"></div><div data-testid="price-product-tile" class="css-8atqhb"><p class="chakra-text css-0"><span class="chakra-text css-pwnbcb" data-testid="regular-price"><span class="css-idkz9h">$1.00</span>$1.00</span></p></div><a href="/yop-1-drinkable-yogurt-strawberry-banana-yogurt-dr/p/21477986_EA?source=nspt" class="chakra-linkbox__overlay css-1hnz6hu"><div class="css-0"><p class="chakra-text css-1ecdp9w" data-testid="product-brand">Yoplait</p><h3 class="chakra-heading css-6qrhwc" id="21477986_EA" data-testid="product-title">Yop 1% Drinkable Yogurt, Strawberry Banana, Yogurt Drink</h3><p class="chakra-text css-1yftjin" data-testid="product-package-size">200 ml, $0.50/100ml</p></div></a><div class="css-8keand"></div></div><div class="css-1q5omjq"><div class="css-fcebb8"><div data-testid="atc-compact" class="css-y94ivq" style="width: 45px;"><button type="button" class="chakra-button css-mudsm6" data-testid="atc-button"><svg stroke="currentColor" fill="currentColor" stroke-width="0" viewBox="0 0 24 24" focusable="false" class="chakra-icon css-1g3sp7a" data-testid="btn-icon" aria-hidden="true" height="1em" width="1em" xmlns="http://www.w3.org/2000/svg"><path d="M19 13h-6v6h-2v-6H5v-2h6V5h2v6h6v2z"></path></svg><span class="css-idkz9h">Add Yop 1% Drinkable Yogurt, Strawberry Banana, Yogurt Drink to cart</span></button></div></div></div></div></div></div><div class="css-0"><div class="css-f5i5wc"><div class="chakra-linkbox css-vhnn8v"><div data-testid="product-image" class="css-16dr4ly"><img alt="Yoplait Yop 1% Drinkable Yogurt, Strawberry, Yogurt Drink 200 ml, $0.50/100ml" src="https://assets.shop.loblaws.ca/products/21478178/b3/en/front/21478178_front_a06_@2.png" srcset="https://assets.shop.loblaws.ca/products/21478178/b3/en/front/21478178_front_a06_@2.png 1x, https://assets.shop.loblaws.ca/products/21478178/b3/en/front/21478178_front_a06_@2.png 2x" loading="lazy" class="chakra-image css-oguq8l" aria-hidden="true"></div><div class="css-qoklea"><div class="css-12dchmx"></div><div data-testid="price-product-tile" class="css-8atqhb"><p class="chakra-text css-0"><span class="chakra-text css-pwnbcb" data-testid="regular-price"><span class="css-idkz9h">$1.00</span>$1.00</span></p></div><a href="/yop-1-drinkable-yogurt-strawberry-yogurt-drink/p/21478178_EA?source=nspt" class="chakra-linkbox__overlay css-1hnz6hu"><div class="css-0"><p class="chakra-text css-1ecdp9w" data-testid="product-brand">Yoplait</p><h3 class="chakra-heading css-6qrhwc" id="21478178_EA" data-testid="product-title">Yop 1% Drinkable Yogurt, Strawberry, Yogurt Drink</h3><p class="chakra-text css-1yftjin" data-testid="product-package-size">200 ml, $0.50/100ml</p></div></a><div class="css-8keand"></div></div><div class="css-1q5omjq"><div class="css-fcebb8"><div data-testid="atc-compact" class="css-y94ivq" style="width: 45px;"><button type="button" class="chakra-button css-mudsm6" data-testid="atc-button"><svg stroke="currentColor" fill="currentColor" stroke-width="0" viewBox="0 0 24 24" focusable="false" class="chakra-icon css-1g3sp7a" data-testid="btn-icon" aria-hidden="true" height="1em" width="1em" xmlns="http://www.w3.org/2000/svg"><path d="M19 13h-6v6h-2v-6H5v-2h6V5h2v6h6v2z"></path></svg><span class="css-idkz9h">Add Yop 1% Drinkable Yogurt, Strawberry, Yogurt Drink to cart</span></button></div></div></div></div></div></div><div class="css-0"><div class="css-f5i5wc"><div class="chakra-linkbox css-vhnn8v"><div data-testid="product-image" class="css-16dr4ly"><img alt="Yoplait Yop 1% Drinkable Yogurt, Vanilla, Yogurt Drink 200 ml, $0.50/100ml" src="https://assets.shop.loblaws.ca/products/21478300/b3/en/front/21478300_front_a06_@2.png" srcset="https://assets.shop.loblaws.ca/products/21478300/b3/en/front/21478300_front_a06_@2.png 1x, https://assets.shop.loblaws.ca/products/21478300/b3/en/front/21478300_front_a06_@2.png 2x" loading="lazy" class="chakra-image css-oguq8l" aria-hidden="true"></div><div class="css-qoklea"><div class="css-12dchmx"></div><div data-testid="price-product-tile" class="css-8atqhb"><p class="chakra-text css-0"><span class="chakra-text css-pwnbcb" data-testid="regular-price"><span class="css-idkz9h">$1.00</span>$1.00</span></p></div><a href="/yop-1-drinkable-yogurt-vanilla-yogurt-drink/p/21478300_EA?source=nspt" class="chakra-linkbox__overlay css-1hnz6hu"><div class="css-0"><p class="chakra-text css-1ecdp9w" data-testid="product-brand">Yoplait</p><h3 class="chakra-heading css-6qrhwc" id="21478300_EA" data-testid="product-title">Yop 1% Drinkable Yogurt, Vanilla, Yogurt Drink</h3><p class="chakra-text css-1yftjin" data-testid="product-package-size">200 ml, $0.50/100ml</p></div></a><div class="css-8keand"></div></div><div class="css-1q5omjq"><div class="css-fcebb8"><div data-testid="atc-compact" class="css-y94ivq" style="width: 45px;"><button type="button" class="chakra-button css-mudsm6" data-testid="atc-button"><svg stroke="currentColor" fill="currentColor" stroke-width="0" viewBox="0 0 24 24" focusable="false" class="chakra-icon css-1g3sp7a" data-testid="btn-icon" aria-hidden="true" height="1em" width="1em" xmlns="http://www.w3.org/2000/svg"><path d="M19 13h-6v6h-2v-6H5v-2h6V5h2v6h6v2z"></path></svg><span class="css-idkz9h">Add Yop 1% Drinkable Yogurt, Vanilla, Yogurt Drink to cart</span></button></div></div></div></div></div></div><div class="css-0"><div class="css-f5i5wc"><div class="chakra-linkbox css-vhnn8v"><div data-testid="product-image" class="css-16dr4ly"><img alt="Yoplait Yop 1% Drinkable Yogurt, Tropical, Yogurt Drink 200 ml, $0.50/100ml" src="https://assets.shop.loblaws.ca/products/21478243/b3/en/front/21478243_front_a06_@2.png" srcset="https://assets.shop.loblaws.ca/products/21478243/b3/en/front/21478243_front_a06_@2.png 1x, https://assets.shop.loblaws.ca/products/21478243/b3/en/front/21478243_front_a06_@2.png 2x" loading="lazy" class="chakra-image css-oguq8l" aria-hidden="true"></div><div class="css-qoklea"><div class="css-12dchmx"></div><div data-testid="price-product-tile" class="css-8atqhb"><p class="chakra-text css-0"><span class="chakra-text css-pwnbcb" data-testid="regular-price"><span class="css-idkz9h">$1.00</span>$1.00</span></p></div><a href="/yop-1-drinkable-yogurt-tropical-yogurt-drink/p/21478243_EA?source=nspt" class="chakra-linkbox__overlay css-1hnz6hu"><div class="css-0"><p class="chakra-text css-1ecdp9w" data-testid="product-brand">Yoplait</p><h3 class="chakra-heading css-6qrhwc" id="21478243_EA" data-testid="product-title">Yop 1% Drinkable Yogurt, Tropical, Yogurt Drink</h3><p class="chakra-text css-1yftjin" data-testid="product-package-size">200 ml, $0.50/100ml</p></div></a><div class="css-8keand"></div></div><div class="css-1q5omjq"><div class="css-fcebb8"><div data-testid="atc-compact" class="css-y94ivq" style="width: 45px;"><button type="button" class="chakra-button css-mudsm6" data-testid="atc-button"><svg stroke="currentColor" fill="currentColor" stroke-width="0" viewBox="0 0 24 24" focusable="false" class="chakra-icon css-1g3sp7a" data-testid="btn-icon" aria-hidden="true" height="1em" width="1em" xmlns="http://www.w3.org/2000/svg"><path d="M19 13h-6v6h-2v-6H5v-2h6V5h2v6h6v2z"></path></svg><span class="css-idkz9h">Add Yop 1% Drinkable Yogurt, Tropical, Yogurt Drink to cart</span></button></div></div></div></div></div></div><div class="css-0"><div class="css-f5i5wc"><div class="chakra-linkbox css-vhnn8v"><div data-testid="product-image" class="css-16dr4ly"><img alt="Yoplait Yop 1% Drinkable Yogurt, Peach, Yogurt Drink 200 ml, $0.50/100ml" src="https://assets.shop.loblaws.ca/products/21478288/b3/en/front/21478288_front_a06_@2.png" srcset="https://assets.shop.loblaws.ca/products/21478288/b3/en/front/21478288_front_a06_@2.png 1x, https://assets.shop.loblaws.ca/products/21478288/b3/en/front/21478288_front_a06_@2.png 2x" loading="lazy" class="chakra-image css-oguq8l" aria-hidden="true"></div><div class="css-qoklea"><div class="css-12dchmx"></div><div data-testid="price-product-tile" class="css-8atqhb"><p class="chakra-text css-0"><span class="chakra-text css-pwnbcb" data-testid="regular-price"><span class="css-idkz9h">$1.00</span>$1.00</span></p></div><a href="/yop-1-drinkable-yogurt-peach-yogurt-drink/p/21478288_EA?source=nspt" class="chakra-linkbox__overlay css-1hnz6hu"><div class="css-0"><p class="chakra-text css-1ecdp9w" data-testid="product-brand">Yoplait</p><h3 class="chakra-heading css-6qrhwc" id="21478288_EA" data-testid="product-title">Yop 1% Drinkable Yogurt, Peach, Yogurt Drink</h3><p class="chakra-text css-1yftjin" data-testid="product-package-size">200 ml, $0.50/100ml</p></div></a><div class="css-8keand"></div></div><div class="css-1q5omjq"><div class="css-fcebb8"><div data-testid="atc-compact" class="css-y94ivq" style="width: 45px;"><button type="button" class="chakra-button css-mudsm6" data-testid="atc-button"><svg stroke="currentColor" fill="currentColor" stroke-width="0" viewBox="0 0 24 24" focusable="false" class="chakra-icon css-1g3sp7a" data-testid="btn-icon" aria-hidden="true" height="1em" width="1em" xmlns="http://www.w3.org/2000/svg"><path d="M19 13h-6v6h-2v-6H5v-2h6V5h2v6h6v2z"></path></svg><span class="css-idkz9h">Add Yop 1% Drinkable Yogurt, Peach, Yogurt Drink to cart</span></button></div></div></div></div></div></div><div class="css-0"><div class="css-f5i5wc"><div class="chakra-linkbox css-vhnn8v"><div data-testid="product-image" class="css-16dr4ly"><img alt="IOGO Nano Drinkable Yogurt, Lactose Free, Apple-Grape 1% 6x93.0 ml, $0.82/100ml" src="https://assets.shop.loblaws.ca/products/21349902/b3/en/front/21349902_front_a06_@2.png" srcset="https://assets.shop.loblaws.ca/products/21349902/b3/en/front/21349902_front_a06_@2.png 1x, https://assets.shop.loblaws.ca/products/21349902/b3/en/front/21349902_front_a06_@2.png 2x" loading="lazy" class="chakra-image css-oguq8l" aria-hidden="true"></div><div class="css-qoklea"><div class="css-12dchmx"></div><div data-testid="price-product-tile" class="css-8atqhb"><p class="chakra-text css-0"><span class="chakra-text css-pwnbcb" data-testid="regular-price"><span class="css-idkz9h">$4.59</span>$4.59</span></p></div><a href="/nano-drinkable-yogurt-lactose-free-apple-grape-1/p/21349902_EA?source=nspt" class="chakra-linkbox__overlay css-1hnz6hu"><div class="css-0"><p class="chakra-text css-1ecdp9w" data-testid="product-brand">IOGO</p><h3 class="chakra-heading css-6qrhwc" id="21349902_EA" data-testid="product-title">Nano Drinkable Yogurt, Lactose Free, Apple-Grape 1%</h3><p class="chakra-text css-1yftjin" data-testid="product-package-size">6x93.0 ml, $0.82/100ml</p></div></a><div class="css-8keand"></div></div><div class="css-1q5omjq"><div class="css-fcebb8"><div data-testid="atc-compact" class="css-y94ivq" style="width: 45px;"><button type="button" class="chakra-button css-mudsm6" data-testid="atc-button"><svg stroke="currentColor" fill="currentColor" stroke-width="0" viewBox="0 0 24 24" focusable="false" class="chakra-icon css-1g3sp7a" data-testid="btn-icon" aria-hidden="true" height="1em" width="1em" xmlns="http://www.w3.org/2000/svg"><path d="M19 13h-6v6h-2v-6H5v-2h6V5h2v6h6v2z"></path></svg><span class="css-idkz9h">Add Nano Drinkable Yogurt, Lactose Free, Apple-Grape 1% to cart</span></button></div></div></div></div></div></div><div class="css-0"><div class="css-f5i5wc"><div class="chakra-linkbox css-vhnn8v"><div data-testid="product-image" class="css-16dr4ly"><img alt="Yoplait Yop 1.5% Drinkable Yogurt Pack, Strawberry Raspberry, Yogurt Drinks, No Added Sugar 8x93.0 ml, $0.79/100ml" src="https://assets.shop.loblaws.ca/products/21390088/b3/en/front/21390088_front_a06_@2.png" srcset="https://assets.shop.loblaws.ca/products/21390088/b3/en/front/21390088_front_a06_@2.png 1x, https://assets.shop.loblaws.ca/products/21390088/b3/en/front/21390088_front_a06_@2.png 2x" loading="lazy" class="chakra-image css-oguq8l" aria-hidden="true"></div><div class="css-qoklea"><div class="css-12dchmx"></div><div data-testid="price-product-tile" class="css-8atqhb"><p class="chakra-text css-0"><span class="chakra-text css-o93gbd" data-testid="sale-price"><span class="css-idkz9h">$5.89</span>$5.89</span><span class="chakra-text css-623q5h" data-testid="was-price"><span class="css-idkz9h">$6.99</span>$6.99</span></p><p class="chakra-text css-1m5a6y8" data-testid="price-descriptor">SAVE $1.10</p></div><a href="/yop-1-5-drinkable-yogurt-pack-strawberry-raspberry/p/21390088_EA?source=nspt" class="chakra-linkbox__overlay css-1hnz6hu"><div class="css-0"><p class="chakra-text css-1ecdp9w" data-testid="product-brand">Yoplait</p><h3 class="chakra-heading css-6qrhwc" id="21390088_EA" data-testid="product-title">Yop 1.5% Drinkable Yogurt Pack, Strawberry Raspberry, Yogurt Drinks, No Added Sugar</h3><p class="chakra-text css-1yftjin" data-testid="product-package-size">8x93.0 ml, $0.79/100ml</p></div></a><div class="css-8keand"></div></div><div class="css-1q5omjq"><div class="css-fcebb8"><div data-testid="atc-compact" class="css-y94ivq" style="width: 45px;"><button type="button" class="chakra-button css-mudsm6" data-testid="atc-button"><svg stroke="currentColor" fill="currentColor" stroke-width="0" viewBox="0 0 24 24" focusable="false" class="chakra-icon css-1g3sp7a" data-testid="btn-icon" aria-hidden="true" height="1em" width="1em" xmlns="http://www.w3.org/2000/svg"><path d="M19 13h-6v6h-2v-6H5v-2h6V5h2v6h6v2z"></path></svg><span class="css-idkz9h">Add Yop 1.5% Drinkable Yogurt Pack, Strawberry Raspberry, Yogurt Drinks, No Added Sugar to cart</span></button></div></div></div></div></div></div><div class="css-0"><div class="css-f5i5wc"><div class="chakra-linkbox css-vhnn8v"><div data-testid="product-image" class="css-16dr4ly"><img alt="Yoplait Yop 1.5% Drinkable Yogurt Pack, Strawberry Banana, Yogurt Drinks, No Added Sugar 8x93.0 ml, $0.79/100ml" src="https://assets.shop.loblaws.ca/products/21390111/b3/en/front/21390111_front_a06_@2.png" srcset="https://assets.shop.loblaws.ca/products/21390111/b3/en/front/21390111_front_a06_@2.png 1x, https://assets.shop.loblaws.ca/products/21390111/b3/en/front/21390111_front_a06_@2.png 2x" loading="lazy" class="chakra-image css-oguq8l" aria-hidden="true"></div><div class="css-qoklea"><div class="css-12dchmx"></div><div data-testid="price-product-tile" class="css-8atqhb"><p class="chakra-text css-0"><span class="chakra-text css-o93gbd" data-testid="sale-price"><span class="css-idkz9h">$5.89</span>$5.89</span><span class="chakra-text css-623q5h" data-testid="was-price"><span class="css-idkz9h">$6.99</span>$6.99</span></p><p class="chakra-text css-1m5a6y8" data-testid="price-descriptor">SAVE $1.10</p></div><a href="/yop-1-5-drinkable-yogurt-pack-strawberry-banana-yo/p/21390111_EA?source=nspt" class="chakra-linkbox__overlay css-1hnz6hu"><div class="css-0"><p class="chakra-text css-1ecdp9w" data-testid="product-brand">Yoplait</p><h3 class="chakra-heading css-6qrhwc" id="21390111_EA" data-testid="product-title">Yop 1.5% Drinkable Yogurt Pack, Strawberry Banana, Yogurt Drinks, No Added Sugar</h3><p class="chakra-text css-1yftjin" data-testid="product-package-size">8x93.0 ml, $0.79/100ml</p></div></a><div class="css-8keand"></div></div><div class="css-1q5omjq"><div class="css-fcebb8"><div data-testid="atc-compact" class="css-y94ivq" style="width: 45px;"><button type="button" class="chakra-button css-mudsm6" data-testid="atc-button"><svg stroke="currentColor" fill="currentColor" stroke-width="0" viewBox="0 0 24 24" focusable="false" class="chakra-icon css-1g3sp7a" data-testid="btn-icon" aria-hidden="true" height="1em" width="1em" xmlns="http://www.w3.org/2000/svg"><path d="M19 13h-6v6h-2v-6H5v-2h6V5h2v6h6v2z"></path></svg><span class="css-idkz9h">Add Yop 1.5% Drinkable Yogurt Pack, Strawberry Banana, Yogurt Drinks, No Added Sugar to cart</span></button></div></div></div></div></div></div><div class="css-0"><div class="css-f5i5wc"><div class="chakra-linkbox css-vhnn8v"><div data-testid="product-image" class="css-16dr4ly"><img alt="Danone Danino Strawberry-Banana Flavoured Paw Patrol Yogurt Drink for Kids, 6x93ml 558 ml, $0.63/100ml" src="https://assets.shop.loblaws.ca/products/21520250/b3/en/front/21520250_front_a06_@2.png" srcset="https://assets.shop.loblaws.ca/products/21520250/b3/en/front/21520250_front_a06_@2.png 1x, https://assets.shop.loblaws.ca/products/21520250/b3/en/front/21520250_front_a06_@2.png 2x" loading="lazy" class="chakra-image css-oguq8l" aria-hidden="true"></div><div class="css-qoklea"><div class="css-12dchmx"></div><div data-testid="price-product-tile" class="css-8atqhb"><p class="chakra-text css-0"><span class="chakra-text css-pwnbcb" data-testid="regular-price"><span class="css-idkz9h">$3.49</span>$3.49</span></p></div><a href="/danino-strawberry-banana-flavoured-paw-patrol-yogu/p/21520250_EA?source=nspt" class="chakra-linkbox__overlay css-1hnz6hu"><div class="css-0"><p class="chakra-text css-1ecdp9w" data-testid="product-brand">Danone</p><h3 class="chakra-heading css-6qrhwc" id="21520250_EA" data-testid="product-title">Danino Strawberry-Banana Flavoured Paw Patrol Yogurt Drink for Kids, 6x93ml</h3><p class="chakra-text css-1yftjin" data-testid="product-package-size">558 ml, $0.63/100ml</p></div></a><div class="css-8keand"></div></div><div class="css-1q5omjq"><div class="css-fcebb8"><div data-testid="atc-compact" class="css-y94ivq" style="width: 45px;"><button type="button" class="chakra-button css-mudsm6" data-testid="atc-button"><svg stroke="currentColor" fill="currentColor" stroke-width="0" viewBox="0 0 24 24" focusable="false" class="chakra-icon css-1g3sp7a" data-testid="btn-icon" aria-hidden="true" height="1em" width="1em" xmlns="http://www.w3.org/2000/svg"><path d="M19 13h-6v6h-2v-6H5v-2h6V5h2v6h6v2z"></path></svg><span class="css-idkz9h">Add Danino Strawberry-Banana Flavoured Paw Patrol Yogurt Drink for Kids, 6x93ml to cart</span></button></div></div></div></div></div></div><div class="css-0"><div class="css-f5i5wc"><div class="chakra-linkbox css-vhnn8v"><div data-testid="product-image" class="css-16dr4ly"><img alt="Yoplait Yop 1% Drinkable Yogurt, Strawberry Raspberry, Lactose Free Yogurt Drink 200 ml, $0.50/100ml" src="https://assets.shop.loblaws.ca/products/21478479/b3/en/front/21478479_front_a06_@2.png" srcset="https://assets.shop.loblaws.ca/products/21478479/b3/en/front/21478479_front_a06_@2.png 1x, https://assets.shop.loblaws.ca/products/21478479/b3/en/front/21478479_front_a06_@2.png 2x" loading="lazy" class="chakra-image css-oguq8l" aria-hidden="true"></div><div class="css-qoklea"><div class="css-12dchmx"></div><div data-testid="price-product-tile" class="css-8atqhb"><p class="chakra-text css-0"><span class="chakra-text css-pwnbcb" data-testid="regular-price"><span class="css-idkz9h">$1.00</span>$1.00</span></p></div><a href="/yop-1-drinkable-yogurt-strawberry-raspberry-lactos/p/21478479_EA?source=nspt" class="chakra-linkbox__overlay css-1hnz6hu"><div class="css-0"><p class="chakra-text css-1ecdp9w" data-testid="product-brand">Yoplait</p><h3 class="chakra-heading css-6qrhwc" id="21478479_EA" data-testid="product-title">Yop 1% Drinkable Yogurt, Strawberry Raspberry, Lactose Free Yogurt Drink</h3><p class="chakra-text css-1yftjin" data-testid="product-package-size">200 ml, $0.50/100ml</p></div></a><div class="css-8keand"></div></div><div class="css-1q5omjq"><div class="css-fcebb8"><div data-testid="atc-compact" class="css-y94ivq" style="width: 45px;"><button type="button" class="chakra-button css-mudsm6" data-testid="atc-button"><svg stroke="currentColor" fill="currentColor" stroke-width="0" viewBox="0 0 24 24" focusable="false" class="chakra-icon css-1g3sp7a" data-testid="btn-icon" aria-hidden="true" height="1em" width="1em" xmlns="http://www.w3.org/2000/svg"><path d="M19 13h-6v6h-2v-6H5v-2h6V5h2v6h6v2z"></path></svg><span class="css-idkz9h">Add Yop 1% Drinkable Yogurt, Strawberry Raspberry, Lactose Free Yogurt Drink to cart</span></button></div></div></div></div></div></div><div class="css-0"><div class="css-f5i5wc"><div class="chakra-linkbox css-vhnn8v"><div data-testid="product-image" class="css-16dr4ly"><img alt="President's Choice Plain Kefir Probiotic Fermented 1% M.F. Milk 1 l, $0.45/100ml" src="https://assets.shop.loblaws.ca/products/20840914003/b3/en/front/20840914003_front_a06_@2.png" srcset="https://assets.shop.loblaws.ca/products/20840914003/b3/en/front/20840914003_front_a06_@2.png 1x, https://assets.shop.loblaws.ca/products/20840914003/b3/en/front/20840914003_front_a06_@2.png 2x" loading="lazy" class="chakra-image css-oguq8l" aria-hidden="true"></div><div class="css-qoklea"><div class="css-12dchmx"></div><div data-testid="price-product-tile" class="css-8atqhb"><p class="chakra-text css-0"><span class="chakra-text css-pwnbcb" data-testid="regular-price"><span class="css-idkz9h">$4.49</span>$4.49</span></p></div><a href="/plain-kefir-probiotic-fermented-1-m-f-milk/p/20840914003_EA?source=nspt" class="chakra-linkbox__overlay css-1hnz6hu"><div class="css-0"><p class="chakra-text css-1ecdp9w" data-testid="product-brand">President's Choice</p><h3 class="chakra-heading css-6qrhwc" id="20840914003_EA" data-testid="product-title">Plain Kefir Probiotic Fermented 1% M.F. Milk</h3><p class="chakra-text css-1yftjin" data-testid="product-package-size">1 l, $0.45/100ml</p></div></a><div class="css-8keand"></div></div><div class="css-1q5omjq"><div class="css-fcebb8"><div data-testid="atc-compact" class="css-y94ivq" style="width: 45px;"><button type="button" class="chakra-button css-mudsm6" data-testid="atc-button"><svg stroke="currentColor" fill="currentColor" stroke-width="0" viewBox="0 0 24 24" focusable="false" class="chakra-icon css-1g3sp7a" data-testid="btn-icon" aria-hidden="true" height="1em" width="1em" xmlns="http://www.w3.org/2000/svg"><path d="M19 13h-6v6h-2v-6H5v-2h6V5h2v6h6v2z"></path></svg><span class="css-idkz9h">Add Plain Kefir Probiotic Fermented 1% M.F. Milk to cart</span></button></div></div></div></div></div></div><div class="css-0"><div class="css-f5i5wc"><div class="chakra-linkbox css-vhnn8v"><div data-testid="product-image" class="css-16dr4ly"><img alt="Astro Plain Yogurt 6%, Balkan Style 750 g, $0.47/100g" src="https://assets.shop.loblaws.ca/products/20165226001/b3/en/front/20165226001_front_a06_@2.png" srcset="https://assets.shop.loblaws.ca/products/20165226001/b3/en/front/20165226001_front_a06_@2.png 1x, https://assets.shop.loblaws.ca/products/20165226001/b3/en/front/20165226001_front_a06_@2.png 2x" loading="lazy" class="chakra-image css-oguq8l" aria-hidden="true"></div><div class="css-qoklea"><div class="css-12dchmx"></div><div data-testid="price-product-tile" class="css-8atqhb"><p class="chakra-text css-0"><span class="chakra-text css-pwnbcb" data-testid="regular-price"><span class="css-idkz9h">$3.49</span>$3.49</span></p></div><a href="/plain-yogurt-6-balkan-style/p/20165226001_EA?source=nspt" class="chakra-linkbox__overlay css-1hnz6hu"><div class="css-0"><p class="chakra-text css-1ecdp9w" data-testid="product-brand">Astro</p><h3 class="chakra-heading css-6qrhwc" id="20165226001_EA" data-testid="product-title">Plain Yogurt 6%, Balkan Style</h3><p class="chakra-text css-1yftjin" data-testid="product-package-size">750 g, $0.47/100g</p></div></a><div class="css-8keand"></div></div><div class="css-1q5omjq"><div class="css-fcebb8"><div data-testid="atc-compact" class="css-y94ivq" style="width: 45px;"><button type="button" class="chakra-button css-mudsm6" data-testid="atc-button"><svg stroke="currentColor" fill="currentColor" stroke-width="0" viewBox="0 0 24 24" focusable="false" class="chakra-icon css-1g3sp7a" data-testid="btn-icon" aria-hidden="true" height="1em" width="1em" xmlns="http://www.w3.org/2000/svg"><path d="M19 13h-6v6h-2v-6H5v-2h6V5h2v6h6v2z"></path></svg><span class="css-idkz9h">Add Plain Yogurt 6%, Balkan Style to cart</span></button></div></div></div></div></div></div><div class="css-0"><div class="css-f5i5wc"><div class="chakra-linkbox css-vhnn8v"><div data-testid="product-image" class="css-16dr4ly"><img alt="Danone Danino Raspberry Flavoured Drinkable Yogurt, 6 bottles 558 ml, $0.63/100ml" src="https://assets.shop.loblaws.ca/products/21520245/b3/en/front/21520245_front_a06_@2.png" srcset="https://assets.shop.loblaws.ca/products/21520245/b3/en/front/21520245_front_a06_@2.png 1x, https://assets.shop.loblaws.ca/products/21520245/b3/en/front/21520245_front_a06_@2.png 2x" loading="lazy" class="chakra-image css-oguq8l" aria-hidden="true"></div><div class="css-qoklea"><div class="css-12dchmx"></div><div data-testid="price-product-tile" class="css-8atqhb"><p class="chakra-text css-0"><span class="chakra-text css-pwnbcb" data-testid="regular-price"><span class="css-idkz9h">$3.49</span>$3.49</span></p></div><a href="/danino-raspberry-flavoured-drinkable-yogurt-6-bott/p/21520245_EA?source=nspt" class="chakra-linkbox__overlay css-1hnz6hu"><div class="css-0"><p class="chakra-text css-1ecdp9w" data-testid="product-brand">Danone</p><h3 class="chakra-heading css-6qrhwc" id="21520245_EA" data-testid="product-title">Danino Raspberry Flavoured Drinkable Yogurt, 6 bottles</h3><p class="chakra-text css-1yftjin" data-testid="product-package-size">558 ml, $0.63/100ml</p></div></a><div class="css-8keand"></div></div><div class="css-1q5omjq"><div class="css-fcebb8"><div data-testid="atc-compact" class="css-y94ivq" style="width: 45px;"><button type="button" class="chakra-button css-mudsm6" data-testid="atc-button"><svg stroke="currentColor" fill="currentColor" stroke-width="0" viewBox="0 0 24 24" focusable="false" class="chakra-icon css-1g3sp7a" data-testid="btn-icon" aria-hidden="true" height="1em" width="1em" xmlns="http://www.w3.org/2000/svg"><path d="M19 13h-6v6h-2v-6H5v-2h6V5h2v6h6v2z"></path></svg><span class="css-idkz9h">Add Danino Raspberry Flavoured Drinkable Yogurt, 6 bottles to cart</span></button></div></div></div></div></div></div><div class="css-0"><div class="css-f5i5wc"><div class="chakra-linkbox css-vhnn8v"><div data-testid="product-image" class="css-16dr4ly"><img alt="Danone Danino Strawberry Flavoured Drinkable Yogurt, 6 bottles 6x93.0 ml, $3.75/100ml" src="https://assets.shop.loblaws.ca/products/21520253/b3/en/front/21520253_front_a06_@2.png" srcset="https://assets.shop.loblaws.ca/products/21520253/b3/en/front/21520253_front_a06_@2.png 1x, https://assets.shop.loblaws.ca/products/21520253/b3/en/front/21520253_front_a06_@2.png 2x" loading="lazy" class="chakra-image css-oguq8l" aria-hidden="true"></div><div class="css-qoklea"><div class="css-12dchmx"></div><div data-testid="price-product-tile" class="css-8atqhb"><p class="chakra-text css-0"><span class="chakra-text css-pwnbcb" data-testid="regular-price"><span class="css-idkz9h">$3.49</span>$3.49</span></p></div><a href="/danino-strawberry-flavoured-drinkable-yogurt-6-bot/p/21520253_EA?source=nspt" class="chakra-linkbox__overlay css-1hnz6hu"><div class="css-0"><p class="chakra-text css-1ecdp9w" data-testid="product-brand">Danone</p><h3 class="chakra-heading css-6qrhwc" id="21520253_EA" data-testid="product-title">Danino Strawberry Flavoured Drinkable Yogurt, 6 bottles</h3><p class="chakra-text css-1yftjin" data-testid="product-package-size">6x93.0 ml, $3.75/100ml</p></div></a><div class="css-8keand"></div></div><div class="css-1q5omjq"><div class="css-fcebb8"><div data-testid="atc-compact" class="css-y94ivq" style="width: 45px;"><button type="button" class="chakra-button css-mudsm6" data-testid="atc-button"><svg stroke="currentColor" fill="currentColor" stroke-width="0" viewBox="0 0 24 24" focusable="false" class="chakra-icon css-1g3sp7a" data-testid="btn-icon" aria-hidden="true" height="1em" width="1em" xmlns="http://www.w3.org/2000/svg"><path d="M19 13h-6v6h-2v-6H5v-2h6V5h2v6h6v2z"></path></svg><span class="css-idkz9h">Add Danino Strawberry Flavoured Drinkable Yogurt, 6 bottles to cart</span></button></div></div></div></div></div></div><div class="css-0"><div class="css-f5i5wc"><div class="chakra-linkbox css-vhnn8v"><div data-testid="product-image" class="css-16dr4ly"><img alt="Activia Probiotic Yogurt, Mixed Berries, Drinkable Yogurt, 8 Pack 8x93.0 ml, $0.81/100ml" src="https://assets.shop.loblaws.ca/products/21108458/b3/en/front/21108458_front_a06_@2.png" srcset="https://assets.shop.loblaws.ca/products/21108458/b3/en/front/21108458_front_a06_@2.png 1x, https://assets.shop.loblaws.ca/products/21108458/b3/en/front/21108458_front_a06_@2.png 2x" loading="lazy" class="chakra-image css-oguq8l" aria-hidden="true"></div><div class="css-qoklea"><div class="css-12dchmx"></div><div data-testid="price-product-tile" class="css-8atqhb"><p class="chakra-text css-0"><span class="chakra-text css-pwnbcb" data-testid="regular-price"><span class="css-idkz9h">$5.99</span>$5.99</span></p></div><a href="/probiotic-yogurt-mixed-berries-drinkable-yogurt-8/p/21108458_EA?source=nspt" class="chakra-linkbox__overlay css-1hnz6hu"><div class="css-0"><p class="chakra-text css-1ecdp9w" data-testid="product-brand">Activia</p><h3 class="chakra-heading css-6qrhwc" id="21108458_EA" data-testid="product-title">Probiotic Yogurt, Mixed Berries, Drinkable Yogurt, 8 Pack</h3><p class="chakra-text css-1yftjin" data-testid="product-package-size">8x93.0 ml, $0.81/100ml</p></div></a><div class="css-8keand"></div></div><div class="css-1q5omjq"><div class="css-fcebb8"><div data-testid="atc-compact" class="css-y94ivq" style="width: 45px;"><button type="button" class="chakra-button css-mudsm6" data-testid="atc-button"><svg stroke="currentColor" fill="currentColor" stroke-width="0" viewBox="0 0 24 24" focusable="false" class="chakra-icon css-1g3sp7a" data-testid="btn-icon" aria-hidden="true" height="1em" width="1em" xmlns="http://www.w3.org/2000/svg"><path d="M19 13h-6v6h-2v-6H5v-2h6V5h2v6h6v2z"></path></svg><span class="css-idkz9h">Add Probiotic Yogurt, Mixed Berries, Drinkable Yogurt, 8 Pack to cart</span></button></div></div></div></div></div></div><div class="css-0"><div class="css-f5i5wc"><div class="chakra-linkbox css-vhnn8v"><div data-testid="product-image" class="css-16dr4ly"><img alt="Oikos Drinkable Greek Yogurt High Protein, Strawberry flavoured 190 ml, $0.79/100ml" src="https://assets.shop.loblaws.ca/products/21588614/b3/en/front/21588614_front_a06_@2.png" srcset="https://assets.shop.loblaws.ca/products/21588614/b3/en/front/21588614_front_a06_@2.png 1x, https://assets.shop.loblaws.ca/products/21588614/b3/en/front/21588614_front_a06_@2.png 2x" loading="lazy" class="chakra-image css-oguq8l" aria-hidden="true"></div><div class="css-qoklea"><div class="css-12dchmx"></div><div data-testid="price-product-tile" class="css-8atqhb"><p class="chakra-text css-0"><span class="chakra-text css-pwnbcb" data-testid="regular-price"><span class="css-idkz9h">$1.50</span>$1.50</span></p></div><a href="/drinkable-greek-yogurt-high-protein-strawberry-fla/p/21588614_EA?source=nspt" class="chakra-linkbox__overlay css-1hnz6hu"><div class="css-0"><p class="chakra-text css-1ecdp9w" data-testid="product-brand">Oikos</p><h3 class="chakra-heading css-6qrhwc" id="21588614_EA" data-testid="product-title">Drinkable Greek Yogurt High Protein, Strawberry flavoured</h3><p class="chakra-text css-1yftjin" data-testid="product-package-size">190 ml, $0.79/100ml</p></div></a><div class="css-8keand"></div></div><div class="css-1q5omjq"><div class="css-fcebb8"><div data-testid="atc-compact" class="css-y94ivq" style="width: 45px;"><button type="button" class="chakra-button css-mudsm6" data-testid="atc-button"><svg stroke="currentColor" fill="currentColor" stroke-width="0" viewBox="0 0 24 24" focusable="false" class="chakra-icon css-1g3sp7a" data-testid="btn-icon" aria-hidden="true" height="1em" width="1em" xmlns="http://www.w3.org/2000/svg"><path d="M19 13h-6v6h-2v-6H5v-2h6V5h2v6h6v2z"></path></svg><span class="css-idkz9h">Add Drinkable Greek Yogurt High Protein, Strawberry flavoured to cart</span></button></div></div><div class="css-4saf4a"><p class="chakra-text css-py8788" data-testid="inventory-badge-text">Low Stock</p></div></div></div></div></div><div class="css-0"><div class="css-f5i5wc"><div class="chakra-linkbox css-vhnn8v"><div data-testid="product-image" class="css-16dr4ly"><img alt="Activia Yogurt With Probiotics, Vanilla Flavour 650 g, $0.71/100g" src="https://assets.shop.loblaws.ca/products/20325132003/b3/en/front/20325132003_front_a06_@2.png" srcset="https://assets.shop.loblaws.ca/products/20325132003/b3/en/front/20325132003_front_a06_@2.png 1x, https://assets.shop.loblaws.ca/products/20325132003/b3/en/front/20325132003_front_a06_@2.png 2x" loading="lazy" class="chakra-image css-oguq8l" aria-hidden="true"></div><div class="css-qoklea"><div class="css-12dchmx"></div><div data-testid="price-product-tile" class="css-8atqhb"><p class="chakra-text css-0"><span class="chakra-text css-pwnbcb" data-testid="regular-price"><span class="css-idkz9h">$4.59</span>$4.59</span></p></div><a href="/yogurt-with-probiotics-vanilla-flavour/p/20325132003_EA?source=nspt" class="chakra-linkbox__overlay css-1hnz6hu"><div class="css-0"><p class="chakra-text css-1ecdp9w" data-testid="product-brand">Activia</p><h3 class="chakra-heading css-6qrhwc" id="20325132003_EA" data-testid="product-title">Yogurt With Probiotics, Vanilla Flavour</h3><p class="chakra-text css-1yftjin" data-testid="product-package-size">650 g, $0.71/100g</p></div></a><div class="css-8keand"></div></div><div class="css-1q5omjq"><div class="css-fcebb8"><div data-testid="atc-compact" class="css-y94ivq" style="width: 45px;"><button type="button" class="chakra-button css-mudsm6" data-testid="atc-button"><svg stroke="currentColor" fill="currentColor" stroke-width="0" viewBox="0 0 24 24" focusable="false" class="chakra-icon css-1g3sp7a" data-testid="btn-icon" aria-hidden="true" height="1em" width="1em" xmlns="http://www.w3.org/2000/svg"><path d="M19 13h-6v6h-2v-6H5v-2h6V5h2v6h6v2z"></path></svg><span class="css-idkz9h">Add Yogurt With Probiotics, Vanilla Flavour to cart</span></button></div></div></div></div></div></div><div class="css-0"><div class="css-f5i5wc"><div class="chakra-linkbox css-vhnn8v"><div data-testid="product-image" class="css-16dr4ly"><img alt="Liberte 1% Kefir, Plain 1000 ml, $0.55/100ml" src="https://assets.shop.loblaws.ca/products/21216416/b3/en/front/21216416_front_a06_@2.png" srcset="https://assets.shop.loblaws.ca/products/21216416/b3/en/front/21216416_front_a06_@2.png 1x, https://assets.shop.loblaws.ca/products/21216416/b3/en/front/21216416_front_a06_@2.png 2x" loading="lazy" class="chakra-image css-oguq8l" aria-hidden="true"></div><div class="css-qoklea"><div class="css-12dchmx"></div><div data-testid="price-product-tile" class="css-8atqhb"><p class="chakra-text css-0"><span class="chakra-text css-pwnbcb" data-testid="regular-price"><span class="css-idkz9h">$5.49</span>$5.49</span></p></div><a href="/1-kefir-plain/p/21216416_EA?source=nspt" class="chakra-linkbox__overlay css-1hnz6hu"><div class="css-0"><p class="chakra-text css-1ecdp9w" data-testid="product-brand">Liberte</p><h3 class="chakra-heading css-6qrhwc" id="21216416_EA" data-testid="product-title">1% Kefir, Plain</h3><p class="chakra-text css-1yftjin" data-testid="product-package-size">1000 ml, $0.55/100ml</p></div></a><div class="css-8keand"></div></div><div class="css-1q5omjq"><div class="css-fcebb8"><div data-testid="atc-compact" class="css-y94ivq" style="width: 45px;"><button type="button" class="chakra-button css-mudsm6" data-testid="atc-button"><svg stroke="currentColor" fill="currentColor" stroke-width="0" viewBox="0 0 24 24" focusable="false" class="chakra-icon css-1g3sp7a" data-testid="btn-icon" aria-hidden="true" height="1em" width="1em" xmlns="http://www.w3.org/2000/svg"><path d="M19 13h-6v6h-2v-6H5v-2h6V5h2v6h6v2z"></path></svg><span class="css-idkz9h">Add 1% Kefir, Plain to cart</span></button></div></div></div></div></div></div><div class="css-0"><div class="css-f5i5wc"><div class="chakra-linkbox css-vhnn8v"><div data-testid="product-image" class="css-16dr4ly"><img alt="Oikos Drinkable Greek Yogurt High Protein, Vanilla flavoured 190 ml, $0.79/100ml" src="https://assets.shop.loblaws.ca/products/21588703/b3/en/front/21588703_front_a06_@2.png" srcset="https://assets.shop.loblaws.ca/products/21588703/b3/en/front/21588703_front_a06_@2.png 1x, https://assets.shop.loblaws.ca/products/21588703/b3/en/front/21588703_front_a06_@2.png 2x" loading="lazy" class="chakra-image css-oguq8l" aria-hidden="true"></div><div class="css-qoklea"><div class="css-12dchmx"></div><div data-testid="price-product-tile" class="css-8atqhb"><p class="chakra-text css-0"><span class="chakra-text css-pwnbcb" data-testid="regular-price"><span class="css-idkz9h">$1.50</span>$1.50</span></p></div><a href="/drinkable-greek-yogurt-high-protein-vanilla-flavou/p/21588703_EA?source=nspt" class="chakra-linkbox__overlay css-1hnz6hu"><div class="css-0"><p class="chakra-text css-1ecdp9w" data-testid="product-brand">Oikos</p><h3 class="chakra-heading css-6qrhwc" id="21588703_EA" data-testid="product-title">Drinkable Greek Yogurt High Protein, Vanilla flavoured</h3><p class="chakra-text css-1yftjin" data-testid="product-package-size">190 ml, $0.79/100ml</p></div></a><div class="css-8keand"></div></div><div class="css-1q5omjq"><div class="css-fcebb8"><div data-testid="atc-compact" class="css-y94ivq" style="width: 45px;"><button type="button" class="chakra-button css-mudsm6" data-testid="atc-button"><svg stroke="currentColor" fill="currentColor" stroke-width="0" viewBox="0 0 24 24" focusable="false" class="chakra-icon css-1g3sp7a" data-testid="btn-icon" aria-hidden="true" height="1em" width="1em" xmlns="http://www.w3.org/2000/svg"><path d="M19 13h-6v6h-2v-6H5v-2h6V5h2v6h6v2z"></path></svg><span class="css-idkz9h">Add Drinkable Greek Yogurt High Protein, Vanilla flavoured to cart</span></button></div></div></div></div></div></div><div class="css-0"><div class="css-f5i5wc"><div class="chakra-linkbox css-vhnn8v"><div data-testid="product-image" class="css-16dr4ly"><img alt="Danone Danino Vanilla Flavoured Drinkable Yogurt for Kids, 6 Bottles 558 ml, $0.63/100ml" src="https://assets.shop.loblaws.ca/products/21520257/b3/en/front/21520257_front_a06_@2.png" srcset="https://assets.shop.loblaws.ca/products/21520257/b3/en/front/21520257_front_a06_@2.png 1x, https://assets.shop.loblaws.ca/products/21520257/b3/en/front/21520257_front_a06_@2.png 2x" loading="lazy" class="chakra-image css-oguq8l" aria-hidden="true"></div><div class="css-qoklea"><div class="css-12dchmx"></div><div data-testid="price-product-tile" class="css-8atqhb"><p class="chakra-text css-0"><span class="chakra-text css-pwnbcb" data-testid="regular-price"><span class="css-idkz9h">$3.49</span>$3.49</span></p></div><a href="/danino-vanilla-flavoured-drinkable-yogurt-for-kids/p/21520257_EA?source=nspt" class="chakra-linkbox__overlay css-1hnz6hu"><div class="css-0"><p class="chakra-text css-1ecdp9w" data-testid="product-brand">Danone</p><h3 class="chakra-heading css-6qrhwc" id="21520257_EA" data-testid="product-title">Danino Vanilla Flavoured Drinkable Yogurt for Kids, 6 Bottles</h3><p class="chakra-text css-1yftjin" data-testid="product-package-size">558 ml, $0.63/100ml</p></div></a><div class="css-8keand"></div></div><div class="css-1q5omjq"><div class="css-fcebb8"><div data-testid="atc-compact" class="css-y94ivq" style="width: 45px;"><button type="button" class="chakra-button css-mudsm6" data-testid="atc-button"><svg stroke="currentColor" fill="currentColor" stroke-width="0" viewBox="0 0 24 24" focusable="false" class="chakra-icon css-1g3sp7a" data-testid="btn-icon" aria-hidden="true" height="1em" width="1em" xmlns="http://www.w3.org/2000/svg"><path d="M19 13h-6v6h-2v-6H5v-2h6V5h2v6h6v2z"></path></svg><span class="css-idkz9h">Add Danino Vanilla Flavoured Drinkable Yogurt for Kids, 6 Bottles to cart</span></button></div></div></div></div></div></div><div class="css-0"><div class="css-f5i5wc"><div class="chakra-linkbox css-vhnn8v"><div data-testid="product-image" class="css-16dr4ly"><img alt="President's Choice Strawberry Kefir Probiotic Fermented 1% M.F. Milk 1 l, $0.45/100ml" src="https://assets.shop.loblaws.ca/products/20840914002/b3/en/front/20840914002_front_a06_@2.png" srcset="https://assets.shop.loblaws.ca/products/20840914002/b3/en/front/20840914002_front_a06_@2.png 1x, https://assets.shop.loblaws.ca/products/20840914002/b3/en/front/20840914002_front_a06_@2.png 2x" loading="lazy" class="chakra-image css-oguq8l" aria-hidden="true"></div><div class="css-qoklea"><div class="css-12dchmx"></div><div data-testid="price-product-tile" class="css-8atqhb"><p class="chakra-text css-0"><span class="chakra-text css-pwnbcb" data-testid="regular-price"><span class="css-idkz9h">$4.49</span>$4.49</span></p></div><a href="/strawberry-kefir-probiotic-fermented-1-m-f-milk/p/20840914002_EA?source=nspt" class="chakra-linkbox__overlay css-1hnz6hu"><div class="css-0"><p class="chakra-text css-1ecdp9w" data-testid="product-brand">President's Choice</p><h3 class="chakra-heading css-6qrhwc" id="20840914002_EA" data-testid="product-title">Strawberry Kefir Probiotic Fermented 1% M.F. Milk</h3><p class="chakra-text css-1yftjin" data-testid="product-package-size">1 l, $0.45/100ml</p></div></a><div class="css-8keand"></div></div><div class="css-1q5omjq"><div class="css-fcebb8"><div data-testid="atc-compact" class="css-y94ivq" style="width: 45px;"><button type="button" class="chakra-button css-mudsm6" data-testid="atc-button"><svg stroke="currentColor" fill="currentColor" stroke-width="0" viewBox="0 0 24 24" focusable="false" class="chakra-icon css-1g3sp7a" data-testid="btn-icon" aria-hidden="true" height="1em" width="1em" xmlns="http://www.w3.org/2000/svg"><path d="M19 13h-6v6h-2v-6H5v-2h6V5h2v6h6v2z"></path></svg><span class="css-idkz9h">Add Strawberry Kefir Probiotic Fermented 1% M.F. Milk to cart</span></button></div></div></div></div></div></div><div class="css-0"><div class="css-f5i5wc"><div class="chakra-linkbox css-vhnn8v"><div data-testid="product-image" class="css-16dr4ly"><img alt="Activia Probiotic Smoothie, Blueberry, Strawberry, &amp; Beet, Drinkable Yogurt 190 ml, $0.79/100ml" src="https://assets.shop.loblaws.ca/products/21348503/b3/en/front/21348503_front_a06_@2.png" srcset="https://assets.shop.loblaws.ca/products/21348503/b3/en/front/21348503_front_a06_@2.png 1x, https://assets.shop.loblaws.ca/products/21348503/b3/en/front/21348503_front_a06_@2.png 2x" loading="lazy" class="chakra-image css-oguq8l" aria-hidden="true"></div><div class="css-qoklea"><div class="css-12dchmx"></div><div data-testid="price-product-tile" class="css-8atqhb"><p class="chakra-text css-0"><span class="chakra-text css-pwnbcb" data-testid="regular-price"><span class="css-idkz9h">$1.50</span>$1.50</span></p></div><a href="/probiotic-smoothie-blueberry-strawberry-beet-drink/p/21348503_EA?source=nspt" class="chakra-linkbox__overlay css-1hnz6hu"><div class="css-0"><p class="chakra-text css-1ecdp9w" data-testid="product-brand">Activia</p><h3 class="chakra-heading css-6qrhwc" id="21348503_EA" data-testid="product-title">Probiotic Smoothie, Blueberry, Strawberry, &amp; Beet, Drinkable Yogurt</h3><p class="chakra-text css-1yftjin" data-testid="product-package-size">190 ml, $0.79/100ml</p></div></a><div class="css-8keand"></div></div><div class="css-1q5omjq"><div class="css-fcebb8"><div data-testid="atc-compact" class="css-y94ivq" style="width: 45px;"><button type="button" class="chakra-button css-mudsm6" data-testid="atc-button"><svg stroke="currentColor" fill="currentColor" stroke-width="0" viewBox="0 0 24 24" focusable="false" class="chakra-icon css-1g3sp7a" data-testid="btn-icon" aria-hidden="true" height="1em" width="1em" xmlns="http://www.w3.org/2000/svg"><path d="M19 13h-6v6h-2v-6H5v-2h6V5h2v6h6v2z"></path></svg><span class="css-idkz9h">Add Probiotic Smoothie, Blueberry, Strawberry, &amp; Beet, Drinkable Yogurt to cart</span></button></div></div></div></div></div></div><div class="css-0"><div class="css-f5i5wc"><div class="chakra-linkbox css-vhnn8v"><div data-testid="product-image" class="css-16dr4ly"><img alt="PC Organics Organic Plain Kefir Probiotic Fermented 1% M.F. Milk 1 l, $0.65/100ml" src="https://assets.shop.loblaws.ca/products/20944278/b3/en/front/20944278_front_a06_@2.png" srcset="https://assets.shop.loblaws.ca/products/20944278/b3/en/front/20944278_front_a06_@2.png 1x, https://assets.shop.loblaws.ca/products/20944278/b3/en/front/20944278_front_a06_@2.png 2x" loading="lazy" class="chakra-image css-oguq8l" aria-hidden="true"></div><div class="css-qoklea"><div class="css-12dchmx"></div><div data-testid="price-product-tile" class="css-8atqhb"><p class="chakra-text css-0"><span class="chakra-text css-pwnbcb" data-testid="regular-price"><span class="css-idkz9h">$6.49</span>$6.49</span></p></div><a href="/organic-plain-kefir-probiotic-fermented-1-m-f-milk/p/20944278_EA?source=nspt" class="chakra-linkbox__overlay css-1hnz6hu"><div class="css-0"><p class="chakra-text css-1ecdp9w" data-testid="product-brand">PC Organics</p><h3 class="chakra-heading css-6qrhwc" id="20944278_EA" data-testid="product-title">Organic Plain Kefir Probiotic Fermented 1% M.F. Milk</h3><p class="chakra-text css-1yftjin" data-testid="product-package-size">1 l, $0.65/100ml</p></div></a><div class="css-8keand"></div></div><div class="css-1q5omjq"><div class="css-fcebb8"><div data-testid="atc-compact" class="css-y94ivq" style="width: 45px;"><button type="button" class="chakra-button css-mudsm6" data-testid="atc-button"><svg stroke="currentColor" fill="currentColor" stroke-width="0" viewBox="0 0 24 24" focusable="false" class="chakra-icon css-1g3sp7a" data-testid="btn-icon" aria-hidden="true" height="1em" width="1em" xmlns="http://www.w3.org/2000/svg"><path d="M19 13h-6v6h-2v-6H5v-2h6V5h2v6h6v2z"></path></svg><span class="css-idkz9h">Add Organic Plain Kefir Probiotic Fermented 1% M.F. Milk to cart</span></button></div></div></div></div></div></div><div class="css-0"><div class="css-f5i5wc"><div class="chakra-linkbox css-vhnn8v"><div data-testid="product-image" class="css-16dr4ly"><img alt="PC Organics Dairy-Free Coconut Milk Kefir 1000 ml, $0.65/100ml" src="https://assets.shop.loblaws.ca/products/21105766/b3/en/front/21105766_front_a06_@2.png" srcset="https://assets.shop.loblaws.ca/products/21105766/b3/en/front/21105766_front_a06_@2.png 1x, https://assets.shop.loblaws.ca/products/21105766/b3/en/front/21105766_front_a06_@2.png 2x" loading="lazy" class="chakra-image css-oguq8l" aria-hidden="true"></div><div class="css-qoklea"><div class="css-12dchmx"></div><div data-testid="price-product-tile" class="css-8atqhb"><p class="chakra-text css-0"><span class="chakra-text css-pwnbcb" data-testid="regular-price"><span class="css-idkz9h">$6.49</span>$6.49</span></p></div><a href="/dairy-free-coconut-milk-kefir/p/21105766_EA?source=nspt" class="chakra-linkbox__overlay css-1hnz6hu"><div class="css-0"><p class="chakra-text css-1ecdp9w" data-testid="product-brand">PC Organics</p><h3 class="chakra-heading css-6qrhwc" id="21105766_EA" data-testid="product-title">Dairy-Free Coconut Milk Kefir</h3><p class="chakra-text css-1yftjin" data-testid="product-package-size">1000 ml, $0.65/100ml</p></div></a><div class="css-8keand"></div></div><div class="css-1q5omjq"><div class="css-fcebb8"><div data-testid="atc-compact" class="css-y94ivq" style="width: 45px;"><button type="button" class="chakra-button css-mudsm6" data-testid="atc-button"><svg stroke="currentColor" fill="currentColor" stroke-width="0" viewBox="0 0 24 24" focusable="false" class="chakra-icon css-1g3sp7a" data-testid="btn-icon" aria-hidden="true" height="1em" width="1em" xmlns="http://www.w3.org/2000/svg"><path d="M19 13h-6v6h-2v-6H5v-2h6V5h2v6h6v2z"></path></svg><span class="css-idkz9h">Add Dairy-Free Coconut Milk Kefir to cart</span></button></div></div></div></div></div></div><div class="css-0"><div class="css-f5i5wc"><div class="chakra-linkbox css-vhnn8v"><div data-testid="product-image" class="css-16dr4ly"><img alt="Oikos Greek Yogurt, Key Lime Flavour, 2% M.F., Blended 4x100.0 g, $0.97/100g" src="https://assets.shop.loblaws.ca/products/20419715004/b3/en/front/20419715004_front_a06_@2.png" srcset="https://assets.shop.loblaws.ca/products/20419715004/b3/en/front/20419715004_front_a06_@2.png 1x, https://assets.shop.loblaws.ca/products/20419715004/b3/en/front/20419715004_front_a06_@2.png 2x" loading="lazy" class="chakra-image css-oguq8l" aria-hidden="true"></div><div class="css-qoklea"><div class="css-12dchmx"></div><div data-testid="price-product-tile" class="css-8atqhb"><p class="chakra-text css-0"><span class="chakra-text css-pwnbcb" data-testid="regular-price"><span class="css-idkz9h">$3.89</span>$3.89</span></p></div><a href="/greek-yogurt-key-lime-flavour-2-m-f-blended/p/20419715004_EA?source=nspt" class="chakra-linkbox__overlay css-1hnz6hu"><div class="css-0"><p class="chakra-text css-1ecdp9w" data-testid="product-brand">Oikos</p><h3 class="chakra-heading css-6qrhwc" id="20419715004_EA" data-testid="product-title">Greek Yogurt, Key Lime Flavour, 2% M.F., Blended</h3><p class="chakra-text css-1yftjin" data-testid="product-package-size">4x100.0 g, $0.97/100g</p></div></a><div class="css-8keand"></div></div><div class="css-1q5omjq"><div class="css-fcebb8"><div data-testid="atc-compact" class="css-y94ivq" style="width: 45px;"><button type="button" class="chakra-button css-mudsm6" data-testid="atc-button"><svg stroke="currentColor" fill="currentColor" stroke-width="0" viewBox="0 0 24 24" focusable="false" class="chakra-icon css-1g3sp7a" data-testid="btn-icon" aria-hidden="true" height="1em" width="1em" xmlns="http://www.w3.org/2000/svg"><path d="M19 13h-6v6h-2v-6H5v-2h6V5h2v6h6v2z"></path></svg><span class="css-idkz9h">Add Greek Yogurt, Key Lime Flavour, 2% M.F., Blended to cart</span></button></div></div></div></div></div></div><div class="css-0"><div class="css-f5i5wc"><div class="chakra-linkbox css-vhnn8v"><div data-testid="product-image" class="css-16dr4ly"><img alt="President's Choice Plain Greek Yogurt 0% 750 g, $0.67/100g" src="https://assets.shop.loblaws.ca/products/21518484/b3/en/front/21518484_front_a06_@2.png" srcset="https://assets.shop.loblaws.ca/products/21518484/b3/en/front/21518484_front_a06_@2.png 1x, https://assets.shop.loblaws.ca/products/21518484/b3/en/front/21518484_front_a06_@2.png 2x" loading="lazy" class="chakra-image css-oguq8l" aria-hidden="true"></div><div class="css-qoklea"><div class="css-12dchmx"></div><div data-testid="price-product-tile" class="css-8atqhb"><p class="chakra-text css-0"><span class="chakra-text css-pwnbcb" data-testid="regular-price"><span class="css-idkz9h">$5.00</span>$5.00</span></p></div><a href="/plain-greek-yogurt-0/p/21518484_EA?source=nspt" class="chakra-linkbox__overlay css-1hnz6hu"><div class="css-0"><p class="chakra-text css-1ecdp9w" data-testid="product-brand">President's Choice</p><h3 class="chakra-heading css-6qrhwc" id="21518484_EA" data-testid="product-title">Plain Greek Yogurt 0%</h3><p class="chakra-text css-1yftjin" data-testid="product-package-size">750 g, $0.67/100g</p></div></a><div class="css-8keand"></div></div><div class="css-1q5omjq"><div class="css-fcebb8"><div data-testid="atc-compact" class="css-y94ivq" style="width: 45px;"><button disabled="" type="button" class="chakra-button css-mudsm6" data-testid="atc-button"><svg stroke="currentColor" fill="currentColor" stroke-width="0" viewBox="0 0 24 24" focusable="false" class="chakra-icon css-1g3sp7a" data-testid="btn-icon" aria-hidden="true" height="1em" width="1em" xmlns="http://www.w3.org/2000/svg"><path d="M19 13h-6v6h-2v-6H5v-2h6V5h2v6h6v2z"></path></svg><span class="css-idkz9h">Add Plain Greek Yogurt 0% to cart</span></button></div></div><div class="css-4saf4a"><p class="chakra-text css-py8788" data-testid="inventory-badge-text">Out of Stock</p></div></div></div></div></div><div class="css-0"><div class="css-f5i5wc"><div class="chakra-linkbox css-vhnn8v"><div data-testid="product-image" class="css-16dr4ly"><img alt="Oikos Drinkable Greek Yogurt With Field Berries, Oats, &amp; Seeds, 9G Protein 190 ml, $0.79/100ml" src="https://assets.shop.loblaws.ca/products/21396076/b3/en/front/21396076_front_a06_@2.png" srcset="https://assets.shop.loblaws.ca/products/21396076/b3/en/front/21396076_front_a06_@2.png 1x, https://assets.shop.loblaws.ca/products/21396076/b3/en/front/21396076_front_a06_@2.png 2x" loading="lazy" class="chakra-image css-oguq8l" aria-hidden="true"></div><div class="css-qoklea"><div class="css-12dchmx"></div><div data-testid="price-product-tile" class="css-8atqhb"><p class="chakra-text css-0"><span class="chakra-text css-pwnbcb" data-testid="regular-price"><span class="css-idkz9h">$1.50</span>$1.50</span></p></div><a href="/drinkable-greek-yogurt-with-field-berries-oats-see/p/21396076_EA?source=nspt" class="chakra-linkbox__overlay css-1hnz6hu"><div class="css-0"><p class="chakra-text css-1ecdp9w" data-testid="product-brand">Oikos</p><h3 class="chakra-heading css-6qrhwc" id="21396076_EA" data-testid="product-title">Drinkable Greek Yogurt With Field Berries, Oats, &amp; Seeds, 9G Protein</h3><p class="chakra-text css-1yftjin" data-testid="product-package-size">190 ml, $0.79/100ml</p></div></a><div class="css-8keand"></div></div><div class="css-1q5omjq"><div class="css-fcebb8"><div data-testid="atc-compact" class="css-y94ivq" style="width: 45px;"><button type="button" class="chakra-button css-mudsm6" data-testid="atc-button"><svg stroke="currentColor" fill="currentColor" stroke-width="0" viewBox="0 0 24 24" focusable="false" class="chakra-icon css-1g3sp7a" data-testid="btn-icon" aria-hidden="true" height="1em" width="1em" xmlns="http://www.w3.org/2000/svg"><path d="M19 13h-6v6h-2v-6H5v-2h6V5h2v6h6v2z"></path></svg><span class="css-idkz9h">Add Drinkable Greek Yogurt With Field Berries, Oats, &amp; Seeds, 9G Protein to cart</span></button></div></div></div></div></div></div><div class="css-0"><div class="css-f5i5wc"><div class="chakra-linkbox css-vhnn8v"><div data-testid="product-image" class="css-16dr4ly"><img alt="Activia Immune System, Probiotic Drinkable Yogurt, Vanilla, 8 Bottles 744 ml, $0.81/100ml" src="https://assets.shop.loblaws.ca/products/21520273/b3/en/front/21520273_front_a06_@2.png" srcset="https://assets.shop.loblaws.ca/products/21520273/b3/en/front/21520273_front_a06_@2.png 1x, https://assets.shop.loblaws.ca/products/21520273/b3/en/front/21520273_front_a06_@2.png 2x" loading="lazy" class="chakra-image css-oguq8l" aria-hidden="true"></div><div class="css-qoklea"><div class="css-12dchmx"></div><div data-testid="price-product-tile" class="css-8atqhb"><p class="chakra-text css-0"><span class="chakra-text css-pwnbcb" data-testid="regular-price"><span class="css-idkz9h">$5.99</span>$5.99</span></p></div><a href="/immune-system-probiotic-drinkable-yogurt-vanilla-8/p/21520273_EA?source=nspt" class="chakra-linkbox__overlay css-1hnz6hu"><div class="css-0"><p class="chakra-text css-1ecdp9w" data-testid="product-brand">Activia</p><h3 class="chakra-heading css-6qrhwc" id="21520273_EA" data-testid="product-title">Immune System, Probiotic Drinkable Yogurt, Vanilla, 8 Bottles</h3><p class="chakra-text css-1yftjin" data-testid="product-package-size">744 ml, $0.81/100ml</p></div></a><div class="css-8keand"></div></div><div class="css-1q5omjq"><div class="css-fcebb8"><div data-testid="atc-compact" class="css-y94ivq" style="width: 45px;"><button type="button" class="chakra-button css-mudsm6" data-testid="atc-button"><svg stroke="currentColor" fill="currentColor" stroke-width="0" viewBox="0 0 24 24" focusable="false" class="chakra-icon css-1g3sp7a" data-testid="btn-icon" aria-hidden="true" height="1em" width="1em" xmlns="http://www.w3.org/2000/svg"><path d="M19 13h-6v6h-2v-6H5v-2h6V5h2v6h6v2z"></path></svg><span class="css-idkz9h">Add Immune System, Probiotic Drinkable Yogurt, Vanilla, 8 Bottles to cart</span></button></div></div></div></div></div></div><div class="css-0"><div class="css-f5i5wc"><div class="chakra-linkbox css-vhnn8v"><div data-testid="product-image" class="css-16dr4ly"><img alt="Activia Immune System, Probiotic Drinkable Yogurt, Strawberry Banana, 8X 8x93.0 ml, $0.81/100ml" src="https://assets.shop.loblaws.ca/products/21430512/b3/en/front/21430512_front_a06_@2.png" srcset="https://assets.shop.loblaws.ca/products/21430512/b3/en/front/21430512_front_a06_@2.png 1x, https://assets.shop.loblaws.ca/products/21430512/b3/en/front/21430512_front_a06_@2.png 2x" loading="lazy" class="chakra-image css-oguq8l" aria-hidden="true"></div><div class="css-qoklea"><div class="css-12dchmx"></div><div data-testid="price-product-tile" class="css-8atqhb"><p class="chakra-text css-0"><span class="chakra-text css-pwnbcb" data-testid="regular-price"><span class="css-idkz9h">$5.99</span>$5.99</span></p></div><a href="/immune-system-probiotic-drinkable-yogurt-strawberr/p/21430512_EA?source=nspt" class="chakra-linkbox__overlay css-1hnz6hu"><div class="css-0"><p class="chakra-text css-1ecdp9w" data-testid="product-brand">Activia</p><h3 class="chakra-heading css-6qrhwc" id="21430512_EA" data-testid="product-title">Immune System, Probiotic Drinkable Yogurt, Strawberry Banana, 8X</h3><p class="chakra-text css-1yftjin" data-testid="product-package-size">8x93.0 ml, $0.81/100ml</p></div></a><div class="css-8keand"></div></div><div class="css-1q5omjq"><div class="css-fcebb8"><div data-testid="atc-compact" class="css-y94ivq" style="width: 45px;"><button type="button" class="chakra-button css-mudsm6" data-testid="atc-button"><svg stroke="currentColor" fill="currentColor" stroke-width="0" viewBox="0 0 24 24" focusable="false" class="chakra-icon css-1g3sp7a" data-testid="btn-icon" aria-hidden="true" height="1em" width="1em" xmlns="http://www.w3.org/2000/svg"><path d="M19 13h-6v6h-2v-6H5v-2h6V5h2v6h6v2z"></path></svg><span class="css-idkz9h">Add Immune System, Probiotic Drinkable Yogurt, Strawberry Banana, 8X to cart</span></button></div></div></div></div></div></div><div class="css-0"><div class="css-f5i5wc"><div class="chakra-linkbox css-vhnn8v"><div data-testid="product-image" class="css-16dr4ly"><img alt="Activia Probiotic Smoothie, Blueberry Banana 190 ml, $0.79/100ml" src="https://assets.shop.loblaws.ca/products/21547648/b3/en/front/21547648_front_a06_@2.png" srcset="https://assets.shop.loblaws.ca/products/21547648/b3/en/front/21547648_front_a06_@2.png 1x, https://assets.shop.loblaws.ca/products/21547648/b3/en/front/21547648_front_a06_@2.png 2x" loading="lazy" class="chakra-image css-oguq8l" aria-hidden="true"></div><div class="css-qoklea"><div class="css-12dchmx"></div><div data-testid="price-product-tile" class="css-8atqhb"><p class="chakra-text css-0"><span class="chakra-text css-pwnbcb" data-testid="regular-price"><span class="css-idkz9h">$1.50</span>$1.50</span></p></div><a href="/probiotic-smoothie-blueberry-banana/p/21547648_EA?source=nspt" class="chakra-linkbox__overlay css-1hnz6hu"><div class="css-0"><p class="chakra-text css-1ecdp9w" data-testid="product-brand">Activia</p><h3 class="chakra-heading css-6qrhwc" id="21547648_EA" data-testid="product-title">Probiotic Smoothie, Blueberry Banana</h3><p class="chakra-text css-1yftjin" data-testid="product-package-size">190 ml, $0.79/100ml</p></div></a><div class="css-8keand"></div></div><div class="css-1q5omjq"><div class="css-fcebb8"><div data-testid="atc-compact" class="css-y94ivq" style="width: 45px;"><button type="button" class="chakra-button css-mudsm6" data-testid="atc-button"><svg stroke="currentColor" fill="currentColor" stroke-width="0" viewBox="0 0 24 24" focusable="false" class="chakra-icon css-1g3sp7a" data-testid="btn-icon" aria-hidden="true" height="1em" width="1em" xmlns="http://www.w3.org/2000/svg"><path d="M19 13h-6v6h-2v-6H5v-2h6V5h2v6h6v2z"></path></svg><span class="css-idkz9h">Add Probiotic Smoothie, Blueberry Banana to cart</span></button></div></div></div></div></div></div><div class="css-0"><div class="css-f5i5wc"><div class="chakra-linkbox css-vhnn8v"><div data-testid="product-image" class="css-16dr4ly"><img alt="President's Choice Vanilla Kefir 1000 ml, $0.45/100ml" src="https://assets.shop.loblaws.ca/products/20939815/b3/en/front/20939815_front_a06_@2.png" srcset="https://assets.shop.loblaws.ca/products/20939815/b3/en/front/20939815_front_a06_@2.png 1x, https://assets.shop.loblaws.ca/products/20939815/b3/en/front/20939815_front_a06_@2.png 2x" loading="lazy" class="chakra-image css-oguq8l" aria-hidden="true"></div><div class="css-qoklea"><div class="css-12dchmx"></div><div data-testid="price-product-tile" class="css-8atqhb"><p class="chakra-text css-0"><span class="chakra-text css-pwnbcb" data-testid="regular-price"><span class="css-idkz9h">$4.49</span>$4.49</span></p></div><a href="/vanilla-kefir/p/20939815_EA?source=nspt" class="chakra-linkbox__overlay css-1hnz6hu"><div class="css-0"><p class="chakra-text css-1ecdp9w" data-testid="product-brand">President's Choice</p><h3 class="chakra-heading css-6qrhwc" id="20939815_EA" data-testid="product-title">Vanilla Kefir</h3><p class="chakra-text css-1yftjin" data-testid="product-package-size">1000 ml, $0.45/100ml</p></div></a><div class="css-8keand"></div></div><div class="css-1q5omjq"><div class="css-fcebb8"><div data-testid="atc-compact" class="css-y94ivq" style="width: 45px;"><button type="button" class="chakra-button css-mudsm6" data-testid="atc-button"><svg stroke="currentColor" fill="currentColor" stroke-width="0" viewBox="0 0 24 24" focusable="false" class="chakra-icon css-1g3sp7a" data-testid="btn-icon" aria-hidden="true" height="1em" width="1em" xmlns="http://www.w3.org/2000/svg"><path d="M19 13h-6v6h-2v-6H5v-2h6V5h2v6h6v2z"></path></svg><span class="css-idkz9h">Add Vanilla Kefir to cart</span></button></div></div></div></div></div></div><div class="css-0"><div class="css-f5i5wc"><div class="chakra-linkbox css-vhnn8v"><div data-testid="product-image" class="css-16dr4ly"><img alt="Liberte Greek 0% Yogurt, Plain, High Protein 750 g, $0.79/100g" src="https://assets.shop.loblaws.ca/products/20642273/b3/en/front/20642273_front_a06_@2.png" srcset="https://assets.shop.loblaws.ca/products/20642273/b3/en/front/20642273_front_a06_@2.png 1x, https://assets.shop.loblaws.ca/products/20642273/b3/en/front/20642273_front_a06_@2.png 2x" loading="lazy" class="chakra-image css-oguq8l" aria-hidden="true"></div><div class="css-qoklea"><div class="css-12dchmx"></div><div data-testid="price-product-tile" class="css-8atqhb"><p class="chakra-text css-0"><span class="chakra-text css-o93gbd" data-testid="sale-price"><span class="css-idkz9h">$5.89</span>$5.89</span><span class="chakra-text css-623q5h" data-testid="was-price"><span class="css-idkz9h">$6.99</span>$6.99</span></p><p class="chakra-text css-1m5a6y8" data-testid="price-descriptor">SAVE $1.10</p></div><a href="/greek-0-yogurt-plain-high-protein/p/20642273_EA?source=nspt" class="chakra-linkbox__overlay css-1hnz6hu"><div class="css-0"><p class="chakra-text css-1ecdp9w" data-testid="product-brand">Liberte</p><h3 class="chakra-heading css-6qrhwc" id="20642273_EA" data-testid="product-title">Greek 0% Yogurt, Plain, High Protein</h3><p class="chakra-text css-1yftjin" data-testid="product-package-size">750 g, $0.79/100g</p></div></a><div class="css-8keand"></div></div><div class="css-1q5omjq"><div class="css-fcebb8"><div data-testid="atc-compact" class="css-y94ivq" style="width: 45px;"><button type="button" class="chakra-button css-mudsm6" data-testid="atc-button"><svg stroke="currentColor" fill="currentColor" stroke-width="0" viewBox="0 0 24 24" focusable="false" class="chakra-icon css-1g3sp7a" data-testid="btn-icon" aria-hidden="true" height="1em" width="1em" xmlns="http://www.w3.org/2000/svg"><path d="M19 13h-6v6h-2v-6H5v-2h6V5h2v6h6v2z"></path></svg><span class="css-idkz9h">Add Greek 0% Yogurt, Plain, High Protein to cart</span></button></div></div></div></div></div></div><div class="css-0"><div class="css-f5i5wc"><div class="chakra-linkbox css-vhnn8v"><div data-testid="product-image" class="css-16dr4ly"><img alt="Activia Yogurt With Probiotics, Vanilla Flavour 8x100.0 g, $0.47/100g" src="https://assets.shop.loblaws.ca/products/20325384002/b3/en/front/20325384002_front_a06_@2.png" srcset="https://assets.shop.loblaws.ca/products/20325384002/b3/en/front/20325384002_front_a06_@2.png 1x, https://assets.shop.loblaws.ca/products/20325384002/b3/en/front/20325384002_front_a06_@2.png 2x" loading="lazy" class="chakra-image css-oguq8l" aria-hidden="true"></div><div class="css-qoklea"><div class="css-12dchmx"></div><div data-testid="price-product-tile" class="css-8atqhb"><p class="chakra-text css-0"><span class="chakra-text css-o93gbd" data-testid="sale-price"><span class="css-idkz9h">$3.79</span>$3.79</span><span class="chakra-text css-623q5h" data-testid="was-price"><span class="css-idkz9h">$4.00</span>$4.00</span></p><p class="chakra-text css-1m5a6y8" data-testid="price-descriptor">SAVE $0.21</p></div><a href="/yogurt-with-probiotics-vanilla-flavour/p/20325384002_EA?source=nspt" class="chakra-linkbox__overlay css-1hnz6hu"><div class="css-0"><p class="chakra-text css-1ecdp9w" data-testid="product-brand">Activia</p><h3 class="chakra-heading css-6qrhwc" id="20325384002_EA" data-testid="product-title">Yogurt With Probiotics, Vanilla Flavour</h3><p class="chakra-text css-1yftjin" data-testid="product-package-size">8x100.0 g, $0.47/100g</p></div></a><div class="css-8keand"></div></div><div class="css-1q5omjq"><div class="css-fcebb8"><div data-testid="atc-compact" class="css-y94ivq" style="width: 45px;"><button type="button" class="chakra-button css-mudsm6" data-testid="atc-button"><svg stroke="currentColor" fill="currentColor" stroke-width="0" viewBox="0 0 24 24" focusable="false" class="chakra-icon css-1g3sp7a" data-testid="btn-icon" aria-hidden="true" height="1em" width="1em" xmlns="http://www.w3.org/2000/svg"><path d="M19 13h-6v6h-2v-6H5v-2h6V5h2v6h6v2z"></path></svg><span class="css-idkz9h">Add Yogurt With Probiotics, Vanilla Flavour to cart</span></button></div></div></div></div></div></div><div class="css-0"><div class="css-f5i5wc"><div class="chakra-linkbox css-vhnn8v"><div data-testid="product-image" class="css-16dr4ly"><img alt="Hans Lassi Yogurt Smoothie, Sweet 1 l, $0.30/100ml" src="https://assets.shop.loblaws.ca/products/20094676/b3/en/front/20094676_front_a06_@2.png" srcset="https://assets.shop.loblaws.ca/products/20094676/b3/en/front/20094676_front_a06_@2.png 1x, https://assets.shop.loblaws.ca/products/20094676/b3/en/front/20094676_front_a06_@2.png 2x" loading="lazy" class="chakra-image css-oguq8l" aria-hidden="true"></div><div class="css-qoklea"><div class="css-12dchmx"></div><div data-testid="price-product-tile" class="css-8atqhb"><p class="chakra-text css-0"><span class="chakra-text css-pwnbcb" data-testid="regular-price"><span class="css-idkz9h">$2.99</span>$2.99</span></p></div><a href="/lassi-yogurt-smoothie-sweet/p/20094676_EA?source=nspt" class="chakra-linkbox__overlay css-1hnz6hu"><div class="css-0"><p class="chakra-text css-1ecdp9w" data-testid="product-brand">Hans</p><h3 class="chakra-heading css-6qrhwc" id="20094676_EA" data-testid="product-title">Lassi Yogurt Smoothie, Sweet</h3><p class="chakra-text css-1yftjin" data-testid="product-package-size">1 l, $0.30/100ml</p></div></a><div class="css-8keand"></div></div><div class="css-1q5omjq"><div class="css-fcebb8"><div data-testid="atc-compact" class="css-y94ivq" style="width: 45px;"><button type="button" class="chakra-button css-mudsm6" data-testid="atc-button"><svg stroke="currentColor" fill="currentColor" stroke-width="0" viewBox="0 0 24 24" focusable="false" class="chakra-icon css-1g3sp7a" data-testid="btn-icon" aria-hidden="true" height="1em" width="1em" xmlns="http://www.w3.org/2000/svg"><path d="M19 13h-6v6h-2v-6H5v-2h6V5h2v6h6v2z"></path></svg><span class="css-idkz9h">Add Lassi Yogurt Smoothie, Sweet to cart</span></button></div></div></div></div></div></div><div class="css-0"><div class="css-f5i5wc"><div class="chakra-linkbox css-vhnn8v"><div data-testid="product-image" class="css-16dr4ly"><img alt="Astro Plain Yogurt 1%, Balkan Style 750 g, $0.47/100g" src="https://assets.shop.loblaws.ca/products/20315501/b3/en/front/20315501_front_a06_@2.png" srcset="https://assets.shop.loblaws.ca/products/20315501/b3/en/front/20315501_front_a06_@2.png 1x, https://assets.shop.loblaws.ca/products/20315501/b3/en/front/20315501_front_a06_@2.png 2x" loading="lazy" class="chakra-image css-oguq8l" aria-hidden="true"></div><div class="css-qoklea"><div class="css-12dchmx"></div><div data-testid="price-product-tile" class="css-8atqhb"><p class="chakra-text css-0"><span class="chakra-text css-pwnbcb" data-testid="regular-price"><span class="css-idkz9h">$3.49</span>$3.49</span></p></div><a href="/plain-yogurt-1-balkan-style/p/20315501_EA?source=nspt" class="chakra-linkbox__overlay css-1hnz6hu"><div class="css-0"><p class="chakra-text css-1ecdp9w" data-testid="product-brand">Astro</p><h3 class="chakra-heading css-6qrhwc" id="20315501_EA" data-testid="product-title">Plain Yogurt 1%, Balkan Style</h3><p class="chakra-text css-1yftjin" data-testid="product-package-size">750 g, $0.47/100g</p></div></a><div class="css-8keand"></div></div><div class="css-1q5omjq"><div class="css-fcebb8"><div data-testid="atc-compact" class="css-y94ivq" style="width: 45px;"><button type="button" class="chakra-button css-mudsm6" data-testid="atc-button"><svg stroke="currentColor" fill="currentColor" stroke-width="0" viewBox="0 0 24 24" focusable="false" class="chakra-icon css-1g3sp7a" data-testid="btn-icon" aria-hidden="true" height="1em" width="1em" xmlns="http://www.w3.org/2000/svg"><path d="M19 13h-6v6h-2v-6H5v-2h6V5h2v6h6v2z"></path></svg><span class="css-idkz9h">Add Plain Yogurt 1%, Balkan Style to cart</span></button></div></div></div></div></div></div><div class="css-0"><div class="css-f5i5wc"><div class="chakra-linkbox css-vhnn8v"><div data-testid="product-image" class="css-16dr4ly"><img alt="Hans Dairy 3.2% Natural Yogurt 750 g, $0.40/100g" src="https://assets.shop.loblaws.ca/products/20092811/b3/en/front/20092811_front_a06_@2.png" srcset="https://assets.shop.loblaws.ca/products/20092811/b3/en/front/20092811_front_a06_@2.png 1x, https://assets.shop.loblaws.ca/products/20092811/b3/en/front/20092811_front_a06_@2.png 2x" loading="lazy" class="chakra-image css-oguq8l" aria-hidden="true"></div><div class="css-qoklea"><div class="css-12dchmx"></div><div data-testid="price-product-tile" class="css-8atqhb"><p class="chakra-text css-0"><span class="chakra-text css-pwnbcb" data-testid="regular-price"><span class="css-idkz9h">$2.99</span>$2.99</span></p></div><a href="/dairy-3-2-natural-yogurt/p/20092811_EA?source=nspt" class="chakra-linkbox__overlay css-1hnz6hu"><div class="css-0"><p class="chakra-text css-1ecdp9w" data-testid="product-brand">Hans</p><h3 class="chakra-heading css-6qrhwc" id="20092811_EA" data-testid="product-title">Dairy 3.2% Natural Yogurt</h3><p class="chakra-text css-1yftjin" data-testid="product-package-size">750 g, $0.40/100g</p></div></a><div class="css-8keand"></div></div><div class="css-1q5omjq"><div class="css-fcebb8"><div data-testid="atc-compact" class="css-y94ivq" style="width: 45px;"><button type="button" class="chakra-button css-mudsm6" data-testid="atc-button"><svg stroke="currentColor" fill="currentColor" stroke-width="0" viewBox="0 0 24 24" focusable="false" class="chakra-icon css-1g3sp7a" data-testid="btn-icon" aria-hidden="true" height="1em" width="1em" xmlns="http://www.w3.org/2000/svg"><path d="M19 13h-6v6h-2v-6H5v-2h6V5h2v6h6v2z"></path></svg><span class="css-idkz9h">Add Dairy 3.2% Natural Yogurt to cart</span></button></div></div></div></div></div></div><div class="css-0"><div class="css-f5i5wc"><div class="chakra-linkbox css-vhnn8v"><div data-testid="product-image" class="css-16dr4ly"><img alt="Sufra Halal 2% Plain Probiotic Yogurt 750 g, $0.33/100g" src="https://assets.shop.loblaws.ca/products/21246554/b3/en/front/21246554_front_a06_@2.png" srcset="https://assets.shop.loblaws.ca/products/21246554/b3/en/front/21246554_front_a06_@2.png 1x, https://assets.shop.loblaws.ca/products/21246554/b3/en/front/21246554_front_a06_@2.png 2x" loading="lazy" class="chakra-image css-oguq8l" aria-hidden="true"></div><div class="css-qoklea"><div class="css-12dchmx"></div><div data-testid="price-product-tile" class="css-8atqhb"><p class="chakra-text css-0"><span class="chakra-text css-pwnbcb" data-testid="regular-price"><span class="css-idkz9h">$2.49</span>$2.49</span></p></div><a href="/halal-2-plain-probiotic-yogurt/p/21246554_EA?source=nspt" class="chakra-linkbox__overlay css-1hnz6hu"><div class="css-0"><p class="chakra-text css-1ecdp9w" data-testid="product-brand">Sufra</p><h3 class="chakra-heading css-6qrhwc" id="21246554_EA" data-testid="product-title">Halal 2% Plain Probiotic Yogurt</h3><p class="chakra-text css-1yftjin" data-testid="product-package-size">750 g, $0.33/100g</p></div></a><div class="css-8keand"></div></div><div class="css-1q5omjq"><div class="css-fcebb8"><div data-testid="atc-compact" class="css-y94ivq" style="width: 45px;"><button type="button" class="chakra-button css-mudsm6" data-testid="atc-button"><svg stroke="currentColor" fill="currentColor" stroke-width="0" viewBox="0 0 24 24" focusable="false" class="chakra-icon css-1g3sp7a" data-testid="btn-icon" aria-hidden="true" height="1em" width="1em" xmlns="http://www.w3.org/2000/svg"><path d="M19 13h-6v6h-2v-6H5v-2h6V5h2v6h6v2z"></path></svg><span class="css-idkz9h">Add Halal 2% Plain Probiotic Yogurt to cart</span></button></div></div></div></div></div></div><div class="css-0"><div class="css-f5i5wc"><div class="chakra-linkbox css-vhnn8v"><div data-testid="product-image" class="css-16dr4ly"><img alt="Activia Probiotics Yogurt, Yellow Apple/Apricot/Mango/Peach 12x100.0 g, $0.46/100g" src="https://assets.shop.loblaws.ca/products/20640892/b3/en/front/20640892_front_a06_@2.png" srcset="https://assets.shop.loblaws.ca/products/20640892/b3/en/front/20640892_front_a06_@2.png 1x, https://assets.shop.loblaws.ca/products/20640892/b3/en/front/20640892_front_a06_@2.png 2x" loading="lazy" class="chakra-image css-oguq8l" aria-hidden="true"></div><div class="css-qoklea"><div class="css-12dchmx"></div><div data-testid="price-product-tile" class="css-8atqhb"><p class="chakra-text css-0"><span class="chakra-text css-pwnbcb" data-testid="regular-price"><span class="css-idkz9h">$5.50</span>$5.50</span></p></div><a href="/probiotics-yogurt-yellow-apple-apricot-mango-peach/p/20640892_EA?source=nspt" class="chakra-linkbox__overlay css-1hnz6hu"><div class="css-0"><p class="chakra-text css-1ecdp9w" data-testid="product-brand">Activia</p><h3 class="chakra-heading css-6qrhwc" id="20640892_EA" data-testid="product-title">Probiotics Yogurt, Yellow Apple/Apricot/Mango/Peach</h3><p class="chakra-text css-1yftjin" data-testid="product-package-size">12x100.0 g, $0.46/100g</p></div></a><div class="css-8keand"></div></div><div class="css-1q5omjq"><div class="css-fcebb8"><div data-testid="atc-compact" class="css-y94ivq" style="width: 45px;"><button type="button" class="chakra-button css-mudsm6" data-testid="atc-button"><svg stroke="currentColor" fill="currentColor" stroke-width="0" viewBox="0 0 24 24" focusable="false" class="chakra-icon css-1g3sp7a" data-testid="btn-icon" aria-hidden="true" height="1em" width="1em" xmlns="http://www.w3.org/2000/svg"><path d="M19 13h-6v6h-2v-6H5v-2h6V5h2v6h6v2z"></path></svg><span class="css-idkz9h">Add Probiotics Yogurt, Yellow Apple/Apricot/Mango/Peach to cart</span></button></div></div></div></div></div></div><div class="css-0"><div class="css-f5i5wc"><div class="chakra-linkbox css-vhnn8v"><div data-testid="product-image" class="css-16dr4ly"><img alt="Liberte Méditerranée Yogourt Mango 9 % M.F. 500 g, $0.86/100g" src="https://assets.shop.loblaws.ca/products/21547567/b3/en/front/21547567_front_a06_@2.png" srcset="https://assets.shop.loblaws.ca/products/21547567/b3/en/front/21547567_front_a06_@2.png 1x, https://assets.shop.loblaws.ca/products/21547567/b3/en/front/21547567_front_a06_@2.png 2x" loading="lazy" class="chakra-image css-oguq8l" aria-hidden="true"></div><div class="css-qoklea"><div class="css-12dchmx"></div><div data-testid="price-product-tile" class="css-8atqhb"><p class="chakra-text css-0"><span class="chakra-text css-pwnbcb" data-testid="regular-price"><span class="css-idkz9h">$4.29</span>$4.29</span></p></div><a href="/m-diterran-e-yogourt-mango-9-m-f/p/21547567_EA?source=nspt" class="chakra-linkbox__overlay css-1hnz6hu"><div class="css-0"><p class="chakra-text css-1ecdp9w" data-testid="product-brand">Liberte</p><h3 class="chakra-heading css-6qrhwc" id="21547567_EA" data-testid="product-title">Méditerranée Yogourt Mango 9 % M.F.</h3><p class="chakra-text css-1yftjin" data-testid="product-package-size">500 g, $0.86/100g</p></div></a><div class="css-8keand"></div></div><div class="css-1q5omjq"><div class="css-fcebb8"><div data-testid="atc-compact" class="css-y94ivq" style="width: 45px;"><button type="button" class="chakra-button css-mudsm6" data-testid="atc-button"><svg stroke="currentColor" fill="currentColor" stroke-width="0" viewBox="0 0 24 24" focusable="false" class="chakra-icon css-1g3sp7a" data-testid="btn-icon" aria-hidden="true" height="1em" width="1em" xmlns="http://www.w3.org/2000/svg"><path d="M19 13h-6v6h-2v-6H5v-2h6V5h2v6h6v2z"></path></svg><span class="css-idkz9h">Add Méditerranée Yogourt Mango 9 % M.F. to cart</span></button></div></div></div></div></div></div><div class="css-0"><div class="css-f5i5wc"><div class="chakra-linkbox css-vhnn8v"><div data-testid="product-image" class="css-16dr4ly"><img alt="President's Choice Creamy Stirred Yogurt Cups - Strawberry, Raspberry, Blueberry &amp; Peach  16x100.0 g, $0.36/100g" src="https://assets.shop.loblaws.ca/products/20699925002/b3/en/front/20699925002_front_a06_@2.png" srcset="https://assets.shop.loblaws.ca/products/20699925002/b3/en/front/20699925002_front_a06_@2.png 1x, https://assets.shop.loblaws.ca/products/20699925002/b3/en/front/20699925002_front_a06_@2.png 2x" loading="lazy" class="chakra-image css-oguq8l" aria-hidden="true"></div><div class="css-qoklea"><div class="css-12dchmx"></div><div data-testid="price-product-tile" class="css-8atqhb"><p class="chakra-text css-0"><span class="chakra-text css-pwnbcb" data-testid="regular-price"><span class="css-idkz9h">$5.79</span>$5.79</span></p></div><a href="/creamy-stirred-yogurt-cups-strawberry-raspberry-bl/p/20699925002_EA?source=nspt" class="chakra-linkbox__overlay css-1hnz6hu"><div class="css-0"><p class="chakra-text css-1ecdp9w" data-testid="product-brand">President's Choice</p><h3 class="chakra-heading css-6qrhwc" id="20699925002_EA" data-testid="product-title">Creamy Stirred Yogurt Cups - Strawberry, Raspberry, Blueberry &amp; Peach </h3><p class="chakra-text css-1yftjin" data-testid="product-package-size">16x100.0 g, $0.36/100g</p></div></a><div class="css-8keand"></div></div><div class="css-1q5omjq"><div class="css-fcebb8"><div data-testid="atc-compact" class="css-y94ivq" style="width: 45px;"><button type="button" class="chakra-button css-mudsm6" data-testid="atc-button"><svg stroke="currentColor" fill="currentColor" stroke-width="0" viewBox="0 0 24 24" focusable="false" class="chakra-icon css-1g3sp7a" data-testid="btn-icon" aria-hidden="true" height="1em" width="1em" xmlns="http://www.w3.org/2000/svg"><path d="M19 13h-6v6h-2v-6H5v-2h6V5h2v6h6v2z"></path></svg><span class="css-idkz9h">Add Creamy Stirred Yogurt Cups - Strawberry, Raspberry, Blueberry &amp; Peach  to cart</span></button></div></div></div></div></div></div><div class="css-0"><div class="css-f5i5wc"><div class="chakra-linkbox css-vhnn8v"><div data-testid="product-image" class="css-16dr4ly"><img alt="Yoplait Source 0% Smooth Traditional Yogurt, Raspberry, No Added Sugar 630 g, $0.42/100g" src="https://assets.shop.loblaws.ca/products/21391318005/b3/en/front/21391318005_front_a06_@2.png" srcset="https://assets.shop.loblaws.ca/products/21391318005/b3/en/front/21391318005_front_a06_@2.png 1x, https://assets.shop.loblaws.ca/products/21391318005/b3/en/front/21391318005_front_a06_@2.png 2x" loading="lazy" class="chakra-image css-oguq8l" aria-hidden="true"></div><div class="css-qoklea"><div class="css-12dchmx"></div><div data-testid="price-product-tile" class="css-8atqhb"><p class="chakra-text css-0"><span class="chakra-text css-pwnbcb" data-testid="regular-price"><span class="css-idkz9h">$2.65</span>$2.65</span></p></div><a href="/source-0-smooth-traditional-yogurt-raspberry-no-ad/p/21391318005_EA?source=nspt" class="chakra-linkbox__overlay css-1hnz6hu"><div class="css-0"><p class="chakra-text css-1ecdp9w" data-testid="product-brand">Yoplait</p><h3 class="chakra-heading css-6qrhwc" id="21391318005_EA" data-testid="product-title">Source 0% Smooth Traditional Yogurt, Raspberry, No Added Sugar</h3><p class="chakra-text css-1yftjin" data-testid="product-package-size">630 g, $0.42/100g</p></div></a><div class="css-8keand"></div></div><div class="css-1q5omjq"><div class="css-fcebb8"><div data-testid="atc-compact" class="css-y94ivq" style="width: 45px;"><button type="button" class="chakra-button css-mudsm6" data-testid="atc-button"><svg stroke="currentColor" fill="currentColor" stroke-width="0" viewBox="0 0 24 24" focusable="false" class="chakra-icon css-1g3sp7a" data-testid="btn-icon" aria-hidden="true" height="1em" width="1em" xmlns="http://www.w3.org/2000/svg"><path d="M19 13h-6v6h-2v-6H5v-2h6V5h2v6h6v2z"></path></svg><span class="css-idkz9h">Add Source 0% Smooth Traditional Yogurt, Raspberry, No Added Sugar to cart</span></button></div></div></div></div></div></div><div class="css-0"><div class="css-f5i5wc"><div class="chakra-linkbox css-vhnn8v"><div data-testid="product-image" class="css-16dr4ly"><img alt="Liberte Méditerranée 9% Yogurt, Strawberry 500 g, $0.86/100g" src="https://assets.shop.loblaws.ca/products/20788062003/b3/en/front/20788062003_front_a06_@2.png" srcset="https://assets.shop.loblaws.ca/products/20788062003/b3/en/front/20788062003_front_a06_@2.png 1x, https://assets.shop.loblaws.ca/products/20788062003/b3/en/front/20788062003_front_a06_@2.png 2x" loading="lazy" class="chakra-image css-oguq8l" aria-hidden="true"></div><div class="css-qoklea"><div class="css-12dchmx"></div><div data-testid="price-product-tile" class="css-8atqhb"><p class="chakra-text css-0"><span class="chakra-text css-pwnbcb" data-testid="regular-price"><span class="css-idkz9h">$4.29</span>$4.29</span></p></div><a href="/m-diterran-e-9-yogurt-strawberry/p/20788062003_EA?source=nspt" class="chakra-linkbox__overlay css-1hnz6hu"><div class="css-0"><p class="chakra-text css-1ecdp9w" data-testid="product-brand">Liberte</p><h3 class="chakra-heading css-6qrhwc" id="20788062003_EA" data-testid="product-title">Méditerranée 9% Yogurt, Strawberry</h3><p class="chakra-text css-1yftjin" data-testid="product-package-size">500 g, $0.86/100g</p></div></a><div class="css-8keand"></div></div><div class="css-1q5omjq"><div class="css-fcebb8"><div data-testid="atc-compact" class="css-y94ivq" style="width: 45px;"><button type="button" class="chakra-button css-mudsm6" data-testid="atc-button"><svg stroke="currentColor" fill="currentColor" stroke-width="0" viewBox="0 0 24 24" focusable="false" class="chakra-icon css-1g3sp7a" data-testid="btn-icon" aria-hidden="true" height="1em" width="1em" xmlns="http://www.w3.org/2000/svg"><path d="M19 13h-6v6h-2v-6H5v-2h6V5h2v6h6v2z"></path></svg><span class="css-idkz9h">Add Méditerranée 9% Yogurt, Strawberry to cart</span></button></div></div></div></div></div></div></div><div data-testid="product-grid" class="css-epcqr3"><div class="css-0"><div class="css-f5i5wc"><div class="chakra-linkbox css-vhnn8v"><div data-testid="product-image" class="css-16dr4ly"><img alt="Activia Yogurt With Probiotics, Mango Flavour Tub 650 g, $0.71/100g" src="https://assets.shop.loblaws.ca/products/21429094/b3/en/front/21429094_front_a06_@2.png" srcset="https://assets.shop.loblaws.ca/products/21429094/b3/en/front/21429094_front_a06_@2.png 1x, https://assets.shop.loblaws.ca/products/21429094/b3/en/front/21429094_front_a06_@2.png 2x" loading="lazy" class="chakra-image css-oguq8l" aria-hidden="true"></div><div class="css-qoklea"><div class="css-12dchmx"></div><div data-testid="price-product-tile" class="css-8atqhb"><p class="chakra-text css-0"><span class="chakra-text css-pwnbcb" data-testid="regular-price"><span class="css-idkz9h">$4.59</span>$4.59</span></p></div><a href="/yogurt-with-probiotics-mango-flavour-tub/p/21429094_EA?source=nspt" class="chakra-linkbox__overlay css-1hnz6hu"><div class="css-0"><p class="chakra-text css-1ecdp9w" data-testid="product-brand">Activia</p><h3 class="chakra-heading css-6qrhwc" id="21429094_EA" data-testid="product-title">Yogurt With Probiotics, Mango Flavour Tub</h3><p class="chakra-text css-1yftjin" data-testid="product-package-size">650 g, $0.71/100g</p></div></a><div class="css-8keand"></div></div><div class="css-1q5omjq"><div class="css-fcebb8"><div data-testid="atc-compact" class="css-y94ivq" style="width: 45px;"><button type="button" class="chakra-button css-mudsm6" data-testid="atc-button"><svg stroke="currentColor" fill="currentColor" stroke-width="0" viewBox="0 0 24 24" focusable="false" class="chakra-icon css-1g3sp7a" data-testid="btn-icon" aria-hidden="true" height="1em" width="1em" xmlns="http://www.w3.org/2000/svg"><path d="M19 13h-6v6h-2v-6H5v-2h6V5h2v6h6v2z"></path></svg><span class="css-idkz9h">Add Yogurt With Probiotics, Mango Flavour Tub to cart</span></button></div></div></div></div></div></div><div class="css-0"><div class="css-f5i5wc"><div class="chakra-linkbox css-vhnn8v"><div data-testid="product-image" class="css-16dr4ly"><img alt="Liberte Méditerranée 9% Yogurt, Strawberry 500 g, $0.86/100g" src="https://assets.shop.loblaws.ca/products/20788062003/b3/en/front/20788062003_front_a06_@2.png" srcset="https://assets.shop.loblaws.ca/products/20788062003/b3/en/front/20788062003_front_a06_@2.png 1x, https://assets.shop.loblaws.ca/products/20788062003/b3/en/front/20788062003_front_a06_@2.png 2x" loading="lazy" class="chakra-image css-oguq8l" aria-hidden="true"></div><div class="css-qoklea"><div class="css-12dchmx"></div><div data-testid="price-product-tile" class="css-8atqhb"><p class="chakra-text css-0"><span class="chakra-text css-pwnbcb" data-testid="regular-price"><span class="css-idkz9h">$4.29</span>$4.29</span></p></div><a href="/m-diterran-e-9-yogurt-strawberry/p/20788062003_EA?source=nspt" class="chakra-linkbox__overlay css-1hnz6hu"><div class="css-0"><p class="chakra-text css-1ecdp9w" data-testid="product-brand">Liberte</p><h3 class="chakra-heading css-6qrhwc" id="20788062003_EA" data-testid="product-title">Méditerranée 9% Yogurt, Strawberry</h3><p class="chakra-text css-1yftjin" data-testid="product-package-size">500 g, $0.86/100g</p></div></a><div class="css-8keand"></div></div><div class="css-1q5omjq"><div class="css-fcebb8"><div data-testid="atc-compact" class="css-y94ivq" style="width: 45px;"><button type="button" class="chakra-button css-mudsm6" data-testid="atc-button"><svg stroke="currentColor" fill="currentColor" stroke-width="0" viewBox="0 0 24 24" focusable="false" class="chakra-icon css-1g3sp7a" data-testid="btn-icon" aria-hidden="true" height="1em" width="1em" xmlns="http://www.w3.org/2000/svg"><path d="M19 13h-6v6h-2v-6H5v-2h6V5h2v6h6v2z"></path></svg><span class="css-idkz9h">Add Méditerranée 9% Yogurt, Strawberry to cart</span></button></div></div></div></div></div></div><div class="css-0"><div class="css-f5i5wc"><div class="chakra-linkbox css-vhnn8v"><div data-testid="product-image" class="css-16dr4ly"><img alt="Activia Probiotic Yogurt, Strawberry/Blueberry/Raspberry/Peach Flavour 12x100.0 g, $0.46/100g" src="https://assets.shop.loblaws.ca/products/20303412001/b3/en/front/20303412001_front_a06_@2.png" srcset="https://assets.shop.loblaws.ca/products/20303412001/b3/en/front/20303412001_front_a06_@2.png 1x, https://assets.shop.loblaws.ca/products/20303412001/b3/en/front/20303412001_front_a06_@2.png 2x" loading="lazy" class="chakra-image css-oguq8l" aria-hidden="true"></div><div class="css-qoklea"><div class="css-12dchmx"></div><div data-testid="price-product-tile" class="css-8atqhb"><p class="chakra-text css-0"><span class="chakra-text css-pwnbcb" data-testid="regular-price"><span class="css-idkz9h">$5.50</span>$5.50</span></p></div><a href="/probiotic-yogurt-strawberry-blueberry-raspberry-pe/p/20303412001_EA?source=nspt" class="chakra-linkbox__overlay css-1hnz6hu"><div class="css-0"><p class="chakra-text css-1ecdp9w" data-testid="product-brand">Activia</p><h3 class="chakra-heading css-6qrhwc" id="20303412001_EA" data-testid="product-title">Probiotic Yogurt, Strawberry/Blueberry/Raspberry/Peach Flavour</h3><p class="chakra-text css-1yftjin" data-testid="product-package-size">12x100.0 g, $0.46/100g</p></div></a><div class="css-8keand"></div></div><div class="css-1q5omjq"><div class="css-fcebb8"><div data-testid="atc-compact" class="css-y94ivq" style="width: 45px;"><button type="button" class="chakra-button css-mudsm6" data-testid="atc-button"><svg stroke="currentColor" fill="currentColor" stroke-width="0" viewBox="0 0 24 24" focusable="false" class="chakra-icon css-1g3sp7a" data-testid="btn-icon" aria-hidden="true" height="1em" width="1em" xmlns="http://www.w3.org/2000/svg"><path d="M19 13h-6v6h-2v-6H5v-2h6V5h2v6h6v2z"></path></svg><span class="css-idkz9h">Add Probiotic Yogurt, Strawberry/Blueberry/Raspberry/Peach Flavour to cart</span></button></div></div></div></div></div></div><div class="css-0"><div class="css-f5i5wc"><div class="chakra-linkbox css-vhnn8v"><div data-testid="product-image" class="css-16dr4ly"><img alt="No Name Vanilla Stirred 0% M.F. Yogurt 650 g, $0.49/100g" src="https://assets.shop.loblaws.ca/products/20685773003/b3/en/front/20685773003_front_a06_@2.png" srcset="https://assets.shop.loblaws.ca/products/20685773003/b3/en/front/20685773003_front_a06_@2.png 1x, https://assets.shop.loblaws.ca/products/20685773003/b3/en/front/20685773003_front_a06_@2.png 2x" loading="lazy" class="chakra-image css-oguq8l" aria-hidden="true"></div><div class="css-qoklea"><div class="css-12dchmx"></div><div data-testid="price-product-tile" class="css-8atqhb"><p class="chakra-text css-0"><span class="chakra-text css-pwnbcb" data-testid="regular-price"><span class="css-idkz9h">$3.19</span>$3.19</span></p></div><a href="/vanilla-stirred-0-m-f-yogurt/p/20685773003_EA?source=nspt" class="chakra-linkbox__overlay css-1hnz6hu"><div class="css-0"><p class="chakra-text css-1ecdp9w" data-testid="product-brand">No Name</p><h3 class="chakra-heading css-6qrhwc" id="20685773003_EA" data-testid="product-title">Vanilla Stirred 0% M.F. Yogurt</h3><p class="chakra-text css-1yftjin" data-testid="product-package-size">650 g, $0.49/100g</p></div></a><div class="css-8keand"></div></div><div class="css-1q5omjq"><div class="css-fcebb8"><div data-testid="atc-compact" class="css-y94ivq" style="width: 45px;"><button type="button" class="chakra-button css-mudsm6" data-testid="atc-button"><svg stroke="currentColor" fill="currentColor" stroke-width="0" viewBox="0 0 24 24" focusable="false" class="chakra-icon css-1g3sp7a" data-testid="btn-icon" aria-hidden="true" height="1em" width="1em" xmlns="http://www.w3.org/2000/svg"><path d="M19 13h-6v6h-2v-6H5v-2h6V5h2v6h6v2z"></path></svg><span class="css-idkz9h">Add Vanilla Stirred 0% M.F. Yogurt to cart</span></button></div></div></div></div></div></div><div class="css-0"><div class="css-f5i5wc"><div class="chakra-linkbox css-vhnn8v"><div data-testid="product-image" class="css-16dr4ly"><img alt="No Name Plain Stirred 0% M.F. Yogurt 750 g, $0.43/100g" src="https://assets.shop.loblaws.ca/products/20685942/b3/en/front/20685942_front_a06_@2.png" srcset="https://assets.shop.loblaws.ca/products/20685942/b3/en/front/20685942_front_a06_@2.png 1x, https://assets.shop.loblaws.ca/products/20685942/b3/en/front/20685942_front_a06_@2.png 2x" loading="lazy" class="chakra-image css-oguq8l" aria-hidden="true"></div><div class="css-qoklea"><div class="css-12dchmx"></div><div data-testid="price-product-tile" class="css-8atqhb"><p class="chakra-text css-0"><span class="chakra-text css-pwnbcb" data-testid="regular-price"><span class="css-idkz9h">$3.19</span>$3.19</span></p></div><a href="/plain-stirred-0-m-f-yogurt/p/20685942_EA?source=nspt" class="chakra-linkbox__overlay css-1hnz6hu"><div class="css-0"><p class="chakra-text css-1ecdp9w" data-testid="product-brand">No Name</p><h3 class="chakra-heading css-6qrhwc" id="20685942_EA" data-testid="product-title">Plain Stirred 0% M.F. Yogurt</h3><p class="chakra-text css-1yftjin" data-testid="product-package-size">750 g, $0.43/100g</p></div></a><div class="css-8keand"></div></div><div class="css-1q5omjq"><div class="css-fcebb8"><div data-testid="atc-compact" class="css-y94ivq" style="width: 45px;"><button type="button" class="chakra-button css-mudsm6" data-testid="atc-button"><svg stroke="currentColor" fill="currentColor" stroke-width="0" viewBox="0 0 24 24" focusable="false" class="chakra-icon css-1g3sp7a" data-testid="btn-icon" aria-hidden="true" height="1em" width="1em" xmlns="http://www.w3.org/2000/svg"><path d="M19 13h-6v6h-2v-6H5v-2h6V5h2v6h6v2z"></path></svg><span class="css-idkz9h">Add Plain Stirred 0% M.F. Yogurt to cart</span></button></div></div></div></div></div></div><div class="css-0"><div class="css-f5i5wc"><div class="chakra-linkbox css-vhnn8v"><div data-testid="product-image" class="css-16dr4ly"><img alt="Yoplait Tubes Yogurt Raspberry Flavour 1% M.F. 448 g, $0.59/100g" src="https://assets.shop.loblaws.ca/products/21547597/b3/en/front/21547597_front_a06_@2.png" srcset="https://assets.shop.loblaws.ca/products/21547597/b3/en/front/21547597_front_a06_@2.png 1x, https://assets.shop.loblaws.ca/products/21547597/b3/en/front/21547597_front_a06_@2.png 2x" loading="lazy" class="chakra-image css-oguq8l" aria-hidden="true"></div><div class="css-qoklea"><div class="css-12dchmx"></div><div data-testid="price-product-tile" class="css-8atqhb"><p class="chakra-text css-0"><span class="chakra-text css-pwnbcb" data-testid="regular-price"><span class="css-idkz9h">$2.65</span>$2.65</span></p></div><a href="/tubes-yogurt-raspberry-flavour-1-m-f/p/21547597_EA?source=nspt" class="chakra-linkbox__overlay css-1hnz6hu"><div class="css-0"><p class="chakra-text css-1ecdp9w" data-testid="product-brand">Yoplait</p><h3 class="chakra-heading css-6qrhwc" id="21547597_EA" data-testid="product-title">Tubes Yogurt Raspberry Flavour 1% M.F.</h3><p class="chakra-text css-1yftjin" data-testid="product-package-size">448 g, $0.59/100g</p></div></a><div class="css-8keand"></div></div><div class="css-1q5omjq"><div class="css-fcebb8"><div data-testid="atc-compact" class="css-y94ivq" style="width: 45px;"><button type="button" class="chakra-button css-mudsm6" data-testid="atc-button"><svg stroke="currentColor" fill="currentColor" stroke-width="0" viewBox="0 0 24 24" focusable="false" class="chakra-icon css-1g3sp7a" data-testid="btn-icon" aria-hidden="true" height="1em" width="1em" xmlns="http://www.w3.org/2000/svg"><path d="M19 13h-6v6h-2v-6H5v-2h6V5h2v6h6v2z"></path></svg><span class="css-idkz9h">Add Tubes Yogurt Raspberry Flavour 1% M.F. to cart</span></button></div></div></div></div></div></div><div class="css-0"><div class="css-f5i5wc"><div class="chakra-linkbox css-vhnn8v"><div data-testid="product-image" class="css-16dr4ly"><img alt="Suraj 3.25% M.F. Dahi Yogurt 750 g, $0.37/100g" src="https://assets.shop.loblaws.ca/products/20959052/b3/en/front/20959052_front_a06_@2.png" srcset="https://assets.shop.loblaws.ca/products/20959052/b3/en/front/20959052_front_a06_@2.png 1x, https://assets.shop.loblaws.ca/products/20959052/b3/en/front/20959052_front_a06_@2.png 2x" loading="lazy" class="chakra-image css-oguq8l" aria-hidden="true"></div><div class="css-qoklea"><div class="css-12dchmx"></div><div data-testid="price-product-tile" class="css-8atqhb"><p class="chakra-text css-0"><span class="chakra-text css-pwnbcb" data-testid="regular-price"><span class="css-idkz9h">$2.79</span>$2.79</span></p></div><a href="/3-25-m-f-dahi-yogurt/p/20959052_EA?source=nspt" class="chakra-linkbox__overlay css-1hnz6hu"><div class="css-0"><p class="chakra-text css-1ecdp9w" data-testid="product-brand">Suraj</p><h3 class="chakra-heading css-6qrhwc" id="20959052_EA" data-testid="product-title">3.25% M.F. Dahi Yogurt</h3><p class="chakra-text css-1yftjin" data-testid="product-package-size">750 g, $0.37/100g</p></div></a><div class="css-8keand"></div></div><div class="css-1q5omjq"><div class="css-fcebb8"><div data-testid="atc-compact" class="css-y94ivq" style="width: 45px;"><button type="button" class="chakra-button css-mudsm6" data-testid="atc-button"><svg stroke="currentColor" fill="currentColor" stroke-width="0" viewBox="0 0 24 24" focusable="false" class="chakra-icon css-1g3sp7a" data-testid="btn-icon" aria-hidden="true" height="1em" width="1em" xmlns="http://www.w3.org/2000/svg"><path d="M19 13h-6v6h-2v-6H5v-2h6V5h2v6h6v2z"></path></svg><span class="css-idkz9h">Add 3.25% M.F. Dahi Yogurt to cart</span></button></div></div></div></div></div></div><div class="css-0"><div class="css-f5i5wc"><div class="chakra-linkbox css-vhnn8v"><div data-testid="product-image" class="css-16dr4ly"><img alt="Liberte Méditerranée Yogourt Key Lime Pie 9 % M.F. 500 g, $0.86/100g" src="https://assets.shop.loblaws.ca/products/21547564/b3/en/front/21547564_front_a06_@2.png" srcset="https://assets.shop.loblaws.ca/products/21547564/b3/en/front/21547564_front_a06_@2.png 1x, https://assets.shop.loblaws.ca/products/21547564/b3/en/front/21547564_front_a06_@2.png 2x" loading="lazy" class="chakra-image css-oguq8l" aria-hidden="true"></div><div class="css-qoklea"><div class="css-12dchmx"></div><div data-testid="price-product-tile" class="css-8atqhb"><p class="chakra-text css-0"><span class="chakra-text css-pwnbcb" data-testid="regular-price"><span class="css-idkz9h">$4.29</span>$4.29</span></p></div><a href="/m-diterran-e-yogourt-key-lime-pie-9-m-f/p/21547564_EA?source=nspt" class="chakra-linkbox__overlay css-1hnz6hu"><div class="css-0"><p class="chakra-text css-1ecdp9w" data-testid="product-brand">Liberte</p><h3 class="chakra-heading css-6qrhwc" id="21547564_EA" data-testid="product-title">Méditerranée Yogourt Key Lime Pie 9 % M.F.</h3><p class="chakra-text css-1yftjin" data-testid="product-package-size">500 g, $0.86/100g</p></div></a><div class="css-8keand"></div></div><div class="css-1q5omjq"><div class="css-fcebb8"><div data-testid="atc-compact" class="css-y94ivq" style="width: 45px;"><button type="button" class="chakra-button css-mudsm6" data-testid="atc-button"><svg stroke="currentColor" fill="currentColor" stroke-width="0" viewBox="0 0 24 24" focusable="false" class="chakra-icon css-1g3sp7a" data-testid="btn-icon" aria-hidden="true" height="1em" width="1em" xmlns="http://www.w3.org/2000/svg"><path d="M19 13h-6v6h-2v-6H5v-2h6V5h2v6h6v2z"></path></svg><span class="css-idkz9h">Add Méditerranée Yogourt Key Lime Pie 9 % M.F. to cart</span></button></div></div></div></div></div></div><div class="css-0"><div class="css-f5i5wc"><div class="chakra-linkbox css-vhnn8v"><div data-testid="product-image" class="css-16dr4ly"><img alt="President's Choice Creamy Stirred Yogurt Cups - Strawberry, Raspberry, Blueberry &amp; Peach  16x100.0 g, $0.36/100g" src="https://assets.shop.loblaws.ca/products/20699925002/b3/en/front/20699925002_front_a06_@2.png" srcset="https://assets.shop.loblaws.ca/products/20699925002/b3/en/front/20699925002_front_a06_@2.png 1x, https://assets.shop.loblaws.ca/products/20699925002/b3/en/front/20699925002_front_a06_@2.png 2x" loading="lazy" class="chakra-image css-oguq8l" aria-hidden="true"></div><div class="css-qoklea"><div class="css-12dchmx"></div><div data-testid="price-product-tile" class="css-8atqhb"><p class="chakra-text css-0"><span class="chakra-text css-pwnbcb" data-testid="regular-price"><span class="css-idkz9h">$5.79</span>$5.79</span></p></div><a href="/creamy-stirred-yogurt-cups-strawberry-raspberry-bl/p/20699925002_EA?source=nspt" class="chakra-linkbox__overlay css-1hnz6hu"><div class="css-0"><p class="chakra-text css-1ecdp9w" data-testid="product-brand">President's Choice</p><h3 class="chakra-heading css-6qrhwc" id="20699925002_EA" data-testid="product-title">Creamy Stirred Yogurt Cups - Strawberry, Raspberry, Blueberry &amp; Peach </h3><p class="chakra-text css-1yftjin" data-testid="product-package-size">16x100.0 g, $0.36/100g</p></div></a><div class="css-8keand"></div></div><div class="css-1q5omjq"><div class="css-fcebb8"><div data-testid="atc-compact" class="css-y94ivq" style="width: 45px;"><button type="button" class="chakra-button css-mudsm6" data-testid="atc-button"><svg stroke="currentColor" fill="currentColor" stroke-width="0" viewBox="0 0 24 24" focusable="false" class="chakra-icon css-1g3sp7a" data-testid="btn-icon" aria-hidden="true" height="1em" width="1em" xmlns="http://www.w3.org/2000/svg"><path d="M19 13h-6v6h-2v-6H5v-2h6V5h2v6h6v2z"></path></svg><span class="css-idkz9h">Add Creamy Stirred Yogurt Cups - Strawberry, Raspberry, Blueberry &amp; Peach  to cart</span></button></div></div></div></div></div></div><div class="css-0"><div class="css-f5i5wc"><div class="chakra-linkbox css-vhnn8v"><div data-testid="product-image" class="css-16dr4ly"><img alt="No Name Stirred Yogurts 0 % M.F. 12x100.0 g, $0.37/100g" src="https://assets.shop.loblaws.ca/products/20685574001/b3/en/front/20685574001_front_a06_@2.png" srcset="https://assets.shop.loblaws.ca/products/20685574001/b3/en/front/20685574001_front_a06_@2.png 1x, https://assets.shop.loblaws.ca/products/20685574001/b3/en/front/20685574001_front_a06_@2.png 2x" loading="lazy" class="chakra-image css-oguq8l" aria-hidden="true"></div><div class="css-qoklea"><div class="css-12dchmx"></div><div data-testid="price-product-tile" class="css-8atqhb"><p class="chakra-text css-0"><span class="chakra-text css-pwnbcb" data-testid="regular-price"><span class="css-idkz9h">$4.49</span>$4.49</span></p></div><a href="/stirred-yogurts-0-m-f/p/20685574001_EA?source=nspt" class="chakra-linkbox__overlay css-1hnz6hu"><div class="css-0"><p class="chakra-text css-1ecdp9w" data-testid="product-brand">No Name</p><h3 class="chakra-heading css-6qrhwc" id="20685574001_EA" data-testid="product-title">Stirred Yogurts 0 % M.F.</h3><p class="chakra-text css-1yftjin" data-testid="product-package-size">12x100.0 g, $0.37/100g</p></div></a><div class="css-8keand"></div></div><div class="css-1q5omjq"><div class="css-fcebb8"><div data-testid="atc-compact" class="css-y94ivq" style="width: 45px;"><button type="button" class="chakra-button css-mudsm6" data-testid="atc-button"><svg stroke="currentColor" fill="currentColor" stroke-width="0" viewBox="0 0 24 24" focusable="false" class="chakra-icon css-1g3sp7a" data-testid="btn-icon" aria-hidden="true" height="1em" width="1em" xmlns="http://www.w3.org/2000/svg"><path d="M19 13h-6v6h-2v-6H5v-2h6V5h2v6h6v2z"></path></svg><span class="css-idkz9h">Add Stirred Yogurts 0 % M.F. to cart</span></button></div></div></div></div></div></div><div class="css-0"><div class="css-f5i5wc"><div class="chakra-linkbox css-vhnn8v"><div data-testid="product-image" class="css-16dr4ly"><img alt="President's Choice Strawberry Watermelon Cream Pop  2% Greek Yogurt  400 g, $1.05/100g" src="https://assets.shop.loblaws.ca/products/21575858/b3/en/front/21575858_front_a06_@2.png" srcset="https://assets.shop.loblaws.ca/products/21575858/b3/en/front/21575858_front_a06_@2.png 1x, https://assets.shop.loblaws.ca/products/21575858/b3/en/front/21575858_front_a06_@2.png 2x" loading="lazy" class="chakra-image css-oguq8l" aria-hidden="true"></div><div class="css-qoklea"><div class="css-12dchmx"></div><div data-testid="price-product-tile" class="css-8atqhb"><p class="chakra-text css-0"><span class="chakra-text css-pwnbcb" data-testid="regular-price"><span class="css-idkz9h">$4.19</span>$4.19</span></p></div><a href="/strawberry-watermelon-cream-pop-2-greek-yogurt/p/21575858_EA?source=nspt" class="chakra-linkbox__overlay css-1hnz6hu"><div class="css-0"><p class="chakra-text css-1ecdp9w" data-testid="product-brand">President's Choice</p><h3 class="chakra-heading css-6qrhwc" id="21575858_EA" data-testid="product-title">Strawberry Watermelon Cream Pop  2% Greek Yogurt </h3><p class="chakra-text css-1yftjin" data-testid="product-package-size">400 g, $1.05/100g</p></div></a><div class="css-8keand"></div></div><div class="css-1q5omjq"><div class="css-fcebb8"><div data-testid="atc-compact" class="css-y94ivq" style="width: 45px;"><button type="button" class="chakra-button css-mudsm6" data-testid="atc-button"><svg stroke="currentColor" fill="currentColor" stroke-width="0" viewBox="0 0 24 24" focusable="false" class="chakra-icon css-1g3sp7a" data-testid="btn-icon" aria-hidden="true" height="1em" width="1em" xmlns="http://www.w3.org/2000/svg"><path d="M19 13h-6v6h-2v-6H5v-2h6V5h2v6h6v2z"></path></svg><span class="css-idkz9h">Add Strawberry Watermelon Cream Pop  2% Greek Yogurt  to cart</span></button></div></div></div></div></div></div><div class="css-0"><div class="css-f5i5wc"><div class="chakra-linkbox css-vhnn8v"><div data-testid="product-image" class="css-16dr4ly"><img alt="Liberte Greek 2% Vanilla Bean Yogurt Crunch Cups with Dark Chocolate, Salted Almonds, and Caramel Toppings, 130 g, 2 ct 2x130.0 g, $1.61/100g" src="https://assets.shop.loblaws.ca/products/21041543002/b3/en/front/21041543002_front_a06_@2.png" srcset="https://assets.shop.loblaws.ca/products/21041543002/b3/en/front/21041543002_front_a06_@2.png 1x, https://assets.shop.loblaws.ca/products/21041543002/b3/en/front/21041543002_front_a06_@2.png 2x" loading="lazy" class="chakra-image css-oguq8l" aria-hidden="true"></div><div class="css-qoklea"><div class="css-12dchmx"></div><div data-testid="price-product-tile" class="css-8atqhb"><p class="chakra-text css-0"><span class="chakra-text css-pwnbcb" data-testid="regular-price"><span class="css-idkz9h">$4.19</span>$4.19</span></p></div><a href="/greek-2-vanilla-bean-yogurt-crunch-cups-with-dark/p/21041543002_EA?source=nspt" class="chakra-linkbox__overlay css-1hnz6hu"><div class="css-0"><p class="chakra-text css-1ecdp9w" data-testid="product-brand">Liberte</p><h3 class="chakra-heading css-6qrhwc" id="21041543002_EA" data-testid="product-title">Greek 2% Vanilla Bean Yogurt Crunch Cups with Dark Chocolate, Salted Almonds, and Caramel Toppings, 130 g, 2 ct</h3><p class="chakra-text css-1yftjin" data-testid="product-package-size">2x130.0 g, $1.61/100g</p></div></a><div class="css-8keand"></div></div><div class="css-1q5omjq"><div class="css-fcebb8"><div data-testid="atc-compact" class="css-y94ivq" style="width: 45px;"><button type="button" class="chakra-button css-mudsm6" data-testid="atc-button"><svg stroke="currentColor" fill="currentColor" stroke-width="0" viewBox="0 0 24 24" focusable="false" class="chakra-icon css-1g3sp7a" data-testid="btn-icon" aria-hidden="true" height="1em" width="1em" xmlns="http://www.w3.org/2000/svg"><path d="M19 13h-6v6h-2v-6H5v-2h6V5h2v6h6v2z"></path></svg><span class="css-idkz9h">Add Greek 2% Vanilla Bean Yogurt Crunch Cups with Dark Chocolate, Salted Almonds, and Caramel Toppings, 130 g, 2 ct to cart</span></button></div></div></div></div></div></div><div class="css-0"><div class="css-f5i5wc"><div class="chakra-linkbox css-vhnn8v"><div data-testid="product-image" class="css-16dr4ly"><img alt="Liberte Greek 2% Yogurt, Vanilla, High Protein 750 g, $0.79/100g" src="https://assets.shop.loblaws.ca/products/20704361002/b3/en/front/20704361002_front_a06_@2.png" srcset="https://assets.shop.loblaws.ca/products/20704361002/b3/en/front/20704361002_front_a06_@2.png 1x, https://assets.shop.loblaws.ca/products/20704361002/b3/en/front/20704361002_front_a06_@2.png 2x" loading="lazy" class="chakra-image css-oguq8l" aria-hidden="true"></div><div class="css-qoklea"><div class="css-12dchmx"></div><div data-testid="price-product-tile" class="css-8atqhb"><p class="chakra-text css-0"><span class="chakra-text css-o93gbd" data-testid="sale-price"><span class="css-idkz9h">$5.89</span>$5.89</span><span class="chakra-text css-623q5h" data-testid="was-price"><span class="css-idkz9h">$6.99</span>$6.99</span></p><p class="chakra-text css-1m5a6y8" data-testid="price-descriptor">SAVE $1.10</p></div><a href="/greek-2-yogurt-vanilla-high-protein/p/20704361002_EA?source=nspt" class="chakra-linkbox__overlay css-1hnz6hu"><div class="css-0"><p class="chakra-text css-1ecdp9w" data-testid="product-brand">Liberte</p><h3 class="chakra-heading css-6qrhwc" id="20704361002_EA" data-testid="product-title">Greek 2% Yogurt, Vanilla, High Protein</h3><p class="chakra-text css-1yftjin" data-testid="product-package-size">750 g, $0.79/100g</p></div></a><div class="css-8keand"></div></div><div class="css-1q5omjq"><div class="css-fcebb8"><div data-testid="atc-compact" class="css-y94ivq" style="width: 45px;"><button type="button" class="chakra-button css-mudsm6" data-testid="atc-button"><svg stroke="currentColor" fill="currentColor" stroke-width="0" viewBox="0 0 24 24" focusable="false" class="chakra-icon css-1g3sp7a" data-testid="btn-icon" aria-hidden="true" height="1em" width="1em" xmlns="http://www.w3.org/2000/svg"><path d="M19 13h-6v6h-2v-6H5v-2h6V5h2v6h6v2z"></path></svg><span class="css-idkz9h">Add Greek 2% Yogurt, Vanilla, High Protein to cart</span></button></div></div></div></div></div></div><div class="css-0"><div class="css-f5i5wc"><div class="chakra-linkbox css-vhnn8v"><div data-testid="product-image" class="css-16dr4ly"><img alt="Yoplait Source 0% Smooth Traditional Yogurt, Cherry, No Added Sugar 630 g, $0.42/100g" src="https://assets.shop.loblaws.ca/products/21391318002/b3/en/front/21391318002_front_a06_@2.png" srcset="https://assets.shop.loblaws.ca/products/21391318002/b3/en/front/21391318002_front_a06_@2.png 1x, https://assets.shop.loblaws.ca/products/21391318002/b3/en/front/21391318002_front_a06_@2.png 2x" loading="lazy" class="chakra-image css-oguq8l" aria-hidden="true"></div><div class="css-qoklea"><div class="css-12dchmx"></div><div data-testid="price-product-tile" class="css-8atqhb"><p class="chakra-text css-0"><span class="chakra-text css-pwnbcb" data-testid="regular-price"><span class="css-idkz9h">$2.65</span>$2.65</span></p></div><a href="/source-0-smooth-traditional-yogurt-cherry-no-added/p/21391318002_EA?source=nspt" class="chakra-linkbox__overlay css-1hnz6hu"><div class="css-0"><p class="chakra-text css-1ecdp9w" data-testid="product-brand">Yoplait</p><h3 class="chakra-heading css-6qrhwc" id="21391318002_EA" data-testid="product-title">Source 0% Smooth Traditional Yogurt, Cherry, No Added Sugar</h3><p class="chakra-text css-1yftjin" data-testid="product-package-size">630 g, $0.42/100g</p></div></a><div class="css-8keand"></div></div><div class="css-1q5omjq"><div class="css-fcebb8"><div data-testid="atc-compact" class="css-y94ivq" style="width: 45px;"><button type="button" class="chakra-button css-mudsm6" data-testid="atc-button"><svg stroke="currentColor" fill="currentColor" stroke-width="0" viewBox="0 0 24 24" focusable="false" class="chakra-icon css-1g3sp7a" data-testid="btn-icon" aria-hidden="true" height="1em" width="1em" xmlns="http://www.w3.org/2000/svg"><path d="M19 13h-6v6h-2v-6H5v-2h6V5h2v6h6v2z"></path></svg><span class="css-idkz9h">Add Source 0% Smooth Traditional Yogurt, Cherry, No Added Sugar to cart</span></button></div></div></div></div></div></div><div class="css-0"><div class="css-f5i5wc"><div class="chakra-linkbox css-vhnn8v"><div data-testid="product-image" class="css-16dr4ly"><img alt="Liberte Greek 5% Extra Creamy Yogurt, Vanilla Bean, High Protein 650 g, $0.91/100g" src="https://assets.shop.loblaws.ca/products/21353463/b3/en/front/21353463_front_a06_@2.png" srcset="https://assets.shop.loblaws.ca/products/21353463/b3/en/front/21353463_front_a06_@2.png 1x, https://assets.shop.loblaws.ca/products/21353463/b3/en/front/21353463_front_a06_@2.png 2x" loading="lazy" class="chakra-image css-oguq8l" aria-hidden="true"></div><div class="css-qoklea"><div class="css-12dchmx"></div><div data-testid="price-product-tile" class="css-8atqhb"><p class="chakra-text css-0"><span class="chakra-text css-o93gbd" data-testid="sale-price"><span class="css-idkz9h">$5.89</span>$5.89</span><span class="chakra-text css-623q5h" data-testid="was-price"><span class="css-idkz9h">$6.99</span>$6.99</span></p><p class="chakra-text css-1m5a6y8" data-testid="price-descriptor">SAVE $1.10</p></div><a href="/greek-5-extra-creamy-yogurt-vanilla-bean-high-prot/p/21353463_EA?source=nspt" class="chakra-linkbox__overlay css-1hnz6hu"><div class="css-0"><p class="chakra-text css-1ecdp9w" data-testid="product-brand">Liberte</p><h3 class="chakra-heading css-6qrhwc" id="21353463_EA" data-testid="product-title">Greek 5% Extra Creamy Yogurt, Vanilla Bean, High Protein</h3><p class="chakra-text css-1yftjin" data-testid="product-package-size">650 g, $0.91/100g</p></div></a><div class="css-8keand"></div></div><div class="css-1q5omjq"><div class="css-fcebb8"><div data-testid="atc-compact" class="css-y94ivq" style="width: 45px;"><button type="button" class="chakra-button css-mudsm6" data-testid="atc-button"><svg stroke="currentColor" fill="currentColor" stroke-width="0" viewBox="0 0 24 24" focusable="false" class="chakra-icon css-1g3sp7a" data-testid="btn-icon" aria-hidden="true" height="1em" width="1em" xmlns="http://www.w3.org/2000/svg"><path d="M19 13h-6v6h-2v-6H5v-2h6V5h2v6h6v2z"></path></svg><span class="css-idkz9h">Add Greek 5% Extra Creamy Yogurt, Vanilla Bean, High Protein to cart</span></button></div></div></div></div></div></div><div class="css-0"><div class="css-f5i5wc"><div class="chakra-linkbox css-vhnn8v"><div data-testid="product-image" class="css-16dr4ly"><img alt="Activia Yogurt With Probiotics, Prune Flavour 650 g, $0.71/100g" src="https://assets.shop.loblaws.ca/products/20325132002/b3/en/front/20325132002_front_a06_@2.png" srcset="https://assets.shop.loblaws.ca/products/20325132002/b3/en/front/20325132002_front_a06_@2.png 1x, https://assets.shop.loblaws.ca/products/20325132002/b3/en/front/20325132002_front_a06_@2.png 2x" loading="lazy" class="chakra-image css-oguq8l" aria-hidden="true"></div><div class="css-qoklea"><div class="css-12dchmx"></div><div data-testid="price-product-tile" class="css-8atqhb"><p class="chakra-text css-0"><span class="chakra-text css-pwnbcb" data-testid="regular-price"><span class="css-idkz9h">$4.59</span>$4.59</span></p></div><a href="/yogurt-with-probiotics-prune-flavour/p/20325132002_EA?source=nspt" class="chakra-linkbox__overlay css-1hnz6hu"><div class="css-0"><p class="chakra-text css-1ecdp9w" data-testid="product-brand">Activia</p><h3 class="chakra-heading css-6qrhwc" id="20325132002_EA" data-testid="product-title">Yogurt With Probiotics, Prune Flavour</h3><p class="chakra-text css-1yftjin" data-testid="product-package-size">650 g, $0.71/100g</p></div></a><div class="css-8keand"></div></div><div class="css-1q5omjq"><div class="css-fcebb8"><div data-testid="atc-compact" class="css-y94ivq" style="width: 45px;"><button type="button" class="chakra-button css-mudsm6" data-testid="atc-button"><svg stroke="currentColor" fill="currentColor" stroke-width="0" viewBox="0 0 24 24" focusable="false" class="chakra-icon css-1g3sp7a" data-testid="btn-icon" aria-hidden="true" height="1em" width="1em" xmlns="http://www.w3.org/2000/svg"><path d="M19 13h-6v6h-2v-6H5v-2h6V5h2v6h6v2z"></path></svg><span class="css-idkz9h">Add Yogurt With Probiotics, Prune Flavour to cart</span></button></div></div></div></div></div></div><div class="css-0"><div class="css-f5i5wc"><div class="chakra-linkbox css-vhnn8v"><div data-testid="product-image" class="css-16dr4ly"><img alt="PC Organics Organic Greek Yogurt, Plain 500 g, $1.20/100g" src="https://assets.shop.loblaws.ca/products/20774037001/b3/en/front/20774037001_front_a06_@2.png" srcset="https://assets.shop.loblaws.ca/products/20774037001/b3/en/front/20774037001_front_a06_@2.png 1x, https://assets.shop.loblaws.ca/products/20774037001/b3/en/front/20774037001_front_a06_@2.png 2x" loading="lazy" class="chakra-image css-oguq8l" aria-hidden="true"></div><div class="css-qoklea"><div class="css-12dchmx"></div><div data-testid="price-product-tile" class="css-8atqhb"><p class="chakra-text css-0"><span class="chakra-text css-pwnbcb" data-testid="regular-price"><span class="css-idkz9h">$5.99</span>$5.99</span></p></div><a href="/organic-greek-yogurt-plain/p/20774037001_EA?source=nspt" class="chakra-linkbox__overlay css-1hnz6hu"><div class="css-0"><p class="chakra-text css-1ecdp9w" data-testid="product-brand">PC Organics</p><h3 class="chakra-heading css-6qrhwc" id="20774037001_EA" data-testid="product-title">Organic Greek Yogurt, Plain</h3><p class="chakra-text css-1yftjin" data-testid="product-package-size">500 g, $1.20/100g</p></div></a><div class="css-8keand"></div></div><div class="css-1q5omjq"><div class="css-fcebb8"><div data-testid="atc-compact" class="css-y94ivq" style="width: 45px;"><button type="button" class="chakra-button css-mudsm6" data-testid="atc-button"><svg stroke="currentColor" fill="currentColor" stroke-width="0" viewBox="0 0 24 24" focusable="false" class="chakra-icon css-1g3sp7a" data-testid="btn-icon" aria-hidden="true" height="1em" width="1em" xmlns="http://www.w3.org/2000/svg"><path d="M19 13h-6v6h-2v-6H5v-2h6V5h2v6h6v2z"></path></svg><span class="css-idkz9h">Add Organic Greek Yogurt, Plain to cart</span></button></div></div></div></div></div></div><div class="css-0"><div class="css-f5i5wc"><div class="chakra-linkbox css-vhnn8v"><div data-testid="product-image" class="css-16dr4ly"><img alt="Astro Plain Yogurt 0%, Balkan Style 750 g, $0.47/100g" src="https://assets.shop.loblaws.ca/products/20170533003/b3/en/front/20170533003_front_a06_@2.png" srcset="https://assets.shop.loblaws.ca/products/20170533003/b3/en/front/20170533003_front_a06_@2.png 1x, https://assets.shop.loblaws.ca/products/20170533003/b3/en/front/20170533003_front_a06_@2.png 2x" loading="lazy" class="chakra-image css-oguq8l" aria-hidden="true"></div><div class="css-qoklea"><div class="css-12dchmx"></div><div data-testid="price-product-tile" class="css-8atqhb"><p class="chakra-text css-0"><span class="chakra-text css-pwnbcb" data-testid="regular-price"><span class="css-idkz9h">$3.49</span>$3.49</span></p></div><a href="/plain-yogurt-0-balkan-style/p/20170533003_EA?source=nspt" class="chakra-linkbox__overlay css-1hnz6hu"><div class="css-0"><p class="chakra-text css-1ecdp9w" data-testid="product-brand">Astro</p><h3 class="chakra-heading css-6qrhwc" id="20170533003_EA" data-testid="product-title">Plain Yogurt 0%, Balkan Style</h3><p class="chakra-text css-1yftjin" data-testid="product-package-size">750 g, $0.47/100g</p></div></a><div class="css-8keand"></div></div><div class="css-1q5omjq"><div class="css-fcebb8"><div data-testid="atc-compact" class="css-y94ivq" style="width: 45px;"><button type="button" class="chakra-button css-mudsm6" data-testid="atc-button"><svg stroke="currentColor" fill="currentColor" stroke-width="0" viewBox="0 0 24 24" focusable="false" class="chakra-icon css-1g3sp7a" data-testid="btn-icon" aria-hidden="true" height="1em" width="1em" xmlns="http://www.w3.org/2000/svg"><path d="M19 13h-6v6h-2v-6H5v-2h6V5h2v6h6v2z"></path></svg><span class="css-idkz9h">Add Plain Yogurt 0%, Balkan Style to cart</span></button></div></div></div></div></div></div><div class="css-0"><div class="css-f5i5wc"><div class="chakra-linkbox css-vhnn8v"><div data-testid="product-image" class="css-16dr4ly"><img alt="Activia Probiotics Yogurt Fiber Plain 625 g, $0.73/100g" src="https://assets.shop.loblaws.ca/products/21588667/b3/en/front/21588667_front_a06_@2.png" srcset="https://assets.shop.loblaws.ca/products/21588667/b3/en/front/21588667_front_a06_@2.png 1x, https://assets.shop.loblaws.ca/products/21588667/b3/en/front/21588667_front_a06_@2.png 2x" loading="lazy" class="chakra-image css-oguq8l" aria-hidden="true"></div><div class="css-qoklea"><div class="css-12dchmx"></div><div data-testid="price-product-tile" class="css-8atqhb"><p class="chakra-text css-0"><span class="chakra-text css-pwnbcb" data-testid="regular-price"><span class="css-idkz9h">$4.59</span>$4.59</span></p></div><a href="/probiotics-yogurt-fiber-plain/p/21588667_EA?source=nspt" class="chakra-linkbox__overlay css-1hnz6hu"><div class="css-0"><p class="chakra-text css-1ecdp9w" data-testid="product-brand">Activia</p><h3 class="chakra-heading css-6qrhwc" id="21588667_EA" data-testid="product-title">Probiotics Yogurt Fiber Plain</h3><p class="chakra-text css-1yftjin" data-testid="product-package-size">625 g, $0.73/100g</p></div></a><div class="css-8keand"></div></div><div class="css-1q5omjq"><div class="css-fcebb8"><div data-testid="atc-compact" class="css-y94ivq" style="width: 45px;"><button type="button" class="chakra-button css-mudsm6" data-testid="atc-button"><svg stroke="currentColor" fill="currentColor" stroke-width="0" viewBox="0 0 24 24" focusable="false" class="chakra-icon css-1g3sp7a" data-testid="btn-icon" aria-hidden="true" height="1em" width="1em" xmlns="http://www.w3.org/2000/svg"><path d="M19 13h-6v6h-2v-6H5v-2h6V5h2v6h6v2z"></path></svg><span class="css-idkz9h">Add Probiotics Yogurt Fiber Plain to cart</span></button></div></div></div></div></div></div><div class="css-0"><div class="css-f5i5wc"><div class="chakra-linkbox css-vhnn8v"><div data-testid="product-image" class="css-16dr4ly"><img alt="Oikos Greek Yogurt, Blueberry Flavour, Fruit On The Bottom, 2% M.F. 4x100.0 g, $0.97/100g" src="https://assets.shop.loblaws.ca/products/20419715003/b3/en/front/20419715003_front_a06_@2.png" srcset="https://assets.shop.loblaws.ca/products/20419715003/b3/en/front/20419715003_front_a06_@2.png 1x, https://assets.shop.loblaws.ca/products/20419715003/b3/en/front/20419715003_front_a06_@2.png 2x" loading="lazy" class="chakra-image css-oguq8l" aria-hidden="true"></div><div class="css-qoklea"><div class="css-12dchmx"></div><div data-testid="price-product-tile" class="css-8atqhb"><p class="chakra-text css-0"><span class="chakra-text css-pwnbcb" data-testid="regular-price"><span class="css-idkz9h">$3.89</span>$3.89</span></p></div><a href="/greek-yogurt-blueberry-flavour-fruit-on-the-bottom/p/20419715003_EA?source=nspt" class="chakra-linkbox__overlay css-1hnz6hu"><div class="css-0"><p class="chakra-text css-1ecdp9w" data-testid="product-brand">Oikos</p><h3 class="chakra-heading css-6qrhwc" id="20419715003_EA" data-testid="product-title">Greek Yogurt, Blueberry Flavour, Fruit On The Bottom, 2% M.F.</h3><p class="chakra-text css-1yftjin" data-testid="product-package-size">4x100.0 g, $0.97/100g</p></div></a><div class="css-8keand"></div></div><div class="css-1q5omjq"><div class="css-fcebb8"><div data-testid="atc-compact" class="css-y94ivq" style="width: 45px;"><button type="button" class="chakra-button css-mudsm6" data-testid="atc-button"><svg stroke="currentColor" fill="currentColor" stroke-width="0" viewBox="0 0 24 24" focusable="false" class="chakra-icon css-1g3sp7a" data-testid="btn-icon" aria-hidden="true" height="1em" width="1em" xmlns="http://www.w3.org/2000/svg"><path d="M19 13h-6v6h-2v-6H5v-2h6V5h2v6h6v2z"></path></svg><span class="css-idkz9h">Add Greek Yogurt, Blueberry Flavour, Fruit On The Bottom, 2% M.F. to cart</span></button></div></div></div></div></div></div><div class="css-0"><div class="css-f5i5wc"><div class="chakra-linkbox css-vhnn8v"><div data-testid="product-image" class="css-16dr4ly"><img alt="siggi's Skyr Yogurt Vanilla 0%, High Protein 750 g, $0.87/100g" src="https://assets.shop.loblaws.ca/products/21353874/b3/en/front/21353874_front_a06_@2.png" srcset="https://assets.shop.loblaws.ca/products/21353874/b3/en/front/21353874_front_a06_@2.png 1x, https://assets.shop.loblaws.ca/products/21353874/b3/en/front/21353874_front_a06_@2.png 2x" loading="lazy" class="chakra-image css-oguq8l" aria-hidden="true"></div><div class="css-qoklea"><div class="css-12dchmx"></div><div data-testid="price-product-tile" class="css-8atqhb"><p class="chakra-text css-0"><span class="chakra-text css-pwnbcb" data-testid="regular-price"><span class="css-idkz9h">$6.49</span>$6.49</span></p></div><a href="/skyr-yogurt-vanilla-0-high-protein/p/21353874_EA?source=nspt" class="chakra-linkbox__overlay css-1hnz6hu"><div class="css-0"><p class="chakra-text css-1ecdp9w" data-testid="product-brand">siggi's</p><h3 class="chakra-heading css-6qrhwc" id="21353874_EA" data-testid="product-title">Skyr Yogurt Vanilla 0%, High Protein</h3><p class="chakra-text css-1yftjin" data-testid="product-package-size">750 g, $0.87/100g</p></div></a><div class="css-8keand"></div></div><div class="css-1q5omjq"><div class="css-fcebb8"><div data-testid="atc-compact" class="css-y94ivq" style="width: 45px;"><button type="button" class="chakra-button css-mudsm6" data-testid="atc-button"><svg stroke="currentColor" fill="currentColor" stroke-width="0" viewBox="0 0 24 24" focusable="false" class="chakra-icon css-1g3sp7a" data-testid="btn-icon" aria-hidden="true" height="1em" width="1em" xmlns="http://www.w3.org/2000/svg"><path d="M19 13h-6v6h-2v-6H5v-2h6V5h2v6h6v2z"></path></svg><span class="css-idkz9h">Add Skyr Yogurt Vanilla 0%, High Protein to cart</span></button></div></div></div></div></div></div><div class="css-0"><div class="css-f5i5wc"><div class="chakra-linkbox css-vhnn8v"><div data-testid="product-image" class="css-16dr4ly"><img alt="Yoplait Source 0% Smooth Traditional Yogurt Cups Variety Pack, No Added Sugar 16x100.0 g, $0.47/100g" src="https://assets.shop.loblaws.ca/products/20310980001/b3/en/front/20310980001_front_a06_@2.png" srcset="https://assets.shop.loblaws.ca/products/20310980001/b3/en/front/20310980001_front_a06_@2.png 1x, https://assets.shop.loblaws.ca/products/20310980001/b3/en/front/20310980001_front_a06_@2.png 2x" loading="lazy" class="chakra-image css-oguq8l" aria-hidden="true"></div><div class="css-qoklea"><div class="css-12dchmx"></div><div data-testid="price-product-tile" class="css-8atqhb"><p class="chakra-text css-0"><span class="chakra-text css-pwnbcb" data-testid="regular-price"><span class="css-idkz9h">$7.49</span>$7.49</span></p></div><a href="/source-0-smooth-traditional-yogurt-cups-variety-pa/p/20310980001_EA?source=nspt" class="chakra-linkbox__overlay css-1hnz6hu"><div class="css-0"><p class="chakra-text css-1ecdp9w" data-testid="product-brand">Yoplait</p><h3 class="chakra-heading css-6qrhwc" id="20310980001_EA" data-testid="product-title">Source 0% Smooth Traditional Yogurt Cups Variety Pack, No Added Sugar</h3><p class="chakra-text css-1yftjin" data-testid="product-package-size">16x100.0 g, $0.47/100g</p></div></a><div class="css-8keand"></div></div><div class="css-1q5omjq"><div class="css-fcebb8"><div data-testid="atc-compact" class="css-y94ivq" style="width: 45px;"><button type="button" class="chakra-button css-mudsm6" data-testid="atc-button"><svg stroke="currentColor" fill="currentColor" stroke-width="0" viewBox="0 0 24 24" focusable="false" class="chakra-icon css-1g3sp7a" data-testid="btn-icon" aria-hidden="true" height="1em" width="1em" xmlns="http://www.w3.org/2000/svg"><path d="M19 13h-6v6h-2v-6H5v-2h6V5h2v6h6v2z"></path></svg><span class="css-idkz9h">Add Source 0% Smooth Traditional Yogurt Cups Variety Pack, No Added Sugar to cart</span></button></div></div><div class="css-4saf4a"><p class="chakra-text css-py8788" data-testid="inventory-badge-text">Low Stock</p></div></div></div></div></div><div class="css-0"><div class="css-f5i5wc"><div class="chakra-linkbox css-vhnn8v"><div data-testid="product-image" class="css-16dr4ly"><img alt="Liberte Greek 2% Extra Fruit Black Cherry Raspberry, High Protein 650 g, $0.91/100g" src="https://assets.shop.loblaws.ca/products/21520309/b3/en/front/21520309_front_a06_@2.png" srcset="https://assets.shop.loblaws.ca/products/21520309/b3/en/front/21520309_front_a06_@2.png 1x, https://assets.shop.loblaws.ca/products/21520309/b3/en/front/21520309_front_a06_@2.png 2x" loading="lazy" class="chakra-image css-oguq8l" aria-hidden="true"></div><div class="css-qoklea"><div class="css-12dchmx"></div><div data-testid="price-product-tile" class="css-8atqhb"><p class="chakra-text css-0"><span class="chakra-text css-o93gbd" data-testid="sale-price"><span class="css-idkz9h">$5.89</span>$5.89</span><span class="chakra-text css-623q5h" data-testid="was-price"><span class="css-idkz9h">$6.99</span>$6.99</span></p><p class="chakra-text css-1m5a6y8" data-testid="price-descriptor">SAVE $1.10</p></div><a href="/greek-2-extra-fruit-black-cherry-raspberry-high-pr/p/21520309_EA?source=nspt" class="chakra-linkbox__overlay css-1hnz6hu"><div class="css-0"><p class="chakra-text css-1ecdp9w" data-testid="product-brand">Liberte</p><h3 class="chakra-heading css-6qrhwc" id="21520309_EA" data-testid="product-title">Greek 2% Extra Fruit Black Cherry Raspberry, High Protein</h3><p class="chakra-text css-1yftjin" data-testid="product-package-size">650 g, $0.91/100g</p></div></a><div class="css-8keand"></div></div><div class="css-1q5omjq"><div class="css-fcebb8"><div data-testid="atc-compact" class="css-y94ivq" style="width: 45px;"><button type="button" class="chakra-button css-mudsm6" data-testid="atc-button"><svg stroke="currentColor" fill="currentColor" stroke-width="0" viewBox="0 0 24 24" focusable="false" class="chakra-icon css-1g3sp7a" data-testid="btn-icon" aria-hidden="true" height="1em" width="1em" xmlns="http://www.w3.org/2000/svg"><path d="M19 13h-6v6h-2v-6H5v-2h6V5h2v6h6v2z"></path></svg><span class="css-idkz9h">Add Greek 2% Extra Fruit Black Cherry Raspberry, High Protein to cart</span></button></div></div></div></div></div></div><div class="css-0"><div class="css-f5i5wc"><div class="chakra-linkbox css-vhnn8v"><div data-testid="product-image" class="css-16dr4ly"><img alt="Yoplait Source 0% Smooth Traditional Yogurt, Vanilla, No Added Sugar 630 g, $0.42/100g" src="https://assets.shop.loblaws.ca/products/21391318001/b3/en/front/21391318001_front_a06_@2.png" srcset="https://assets.shop.loblaws.ca/products/21391318001/b3/en/front/21391318001_front_a06_@2.png 1x, https://assets.shop.loblaws.ca/products/21391318001/b3/en/front/21391318001_front_a06_@2.png 2x" loading="lazy" class="chakra-image css-oguq8l" aria-hidden="true"></div><div class="css-qoklea"><div class="css-12dchmx"></div><div data-testid="price-product-tile" class="css-8atqhb"><p class="chakra-text css-0"><span class="chakra-text css-pwnbcb" data-testid="regular-price"><span class="css-idkz9h">$2.65</span>$2.65</span></p></div><a href="/source-0-smooth-traditional-yogurt-vanilla-no-adde/p/21391318001_EA?source=nspt" class="chakra-linkbox__overlay css-1hnz6hu"><div class="css-0"><p class="chakra-text css-1ecdp9w" data-testid="product-brand">Yoplait</p><h3 class="chakra-heading css-6qrhwc" id="21391318001_EA" data-testid="product-title">Source 0% Smooth Traditional Yogurt, Vanilla, No Added Sugar</h3><p class="chakra-text css-1yftjin" data-testid="product-package-size">630 g, $0.42/100g</p></div></a><div class="css-8keand"></div></div><div class="css-1q5omjq"><div class="css-fcebb8"><div data-testid="atc-compact" class="css-y94ivq" style="width: 45px;"><button type="button" class="chakra-button css-mudsm6" data-testid="atc-button"><svg stroke="currentColor" fill="currentColor" stroke-width="0" viewBox="0 0 24 24" focusable="false" class="chakra-icon css-1g3sp7a" data-testid="btn-icon" aria-hidden="true" height="1em" width="1em" xmlns="http://www.w3.org/2000/svg"><path d="M19 13h-6v6h-2v-6H5v-2h6V5h2v6h6v2z"></path></svg><span class="css-idkz9h">Add Source 0% Smooth Traditional Yogurt, Vanilla, No Added Sugar to cart</span></button></div></div></div></div></div></div><div class="css-0"><div class="css-f5i5wc"><div class="chakra-linkbox css-vhnn8v"><div data-testid="product-image" class="css-16dr4ly"><img alt="Yoplait Source 0% Smooth Traditional Yogurt, Strawberry, No Added Sugar 630 g, $0.42/100g" src="https://assets.shop.loblaws.ca/products/21391318006/b3/en/front/21391318006_front_a06_@2.png" srcset="https://assets.shop.loblaws.ca/products/21391318006/b3/en/front/21391318006_front_a06_@2.png 1x, https://assets.shop.loblaws.ca/products/21391318006/b3/en/front/21391318006_front_a06_@2.png 2x" loading="lazy" class="chakra-image css-oguq8l" aria-hidden="true"></div><div class="css-qoklea"><div class="css-12dchmx"></div><div data-testid="price-product-tile" class="css-8atqhb"><p class="chakra-text css-0"><span class="chakra-text css-pwnbcb" data-testid="regular-price"><span class="css-idkz9h">$2.65</span>$2.65</span></p></div><a href="/source-0-smooth-traditional-yogurt-strawberry-no-a/p/21391318006_EA?source=nspt" class="chakra-linkbox__overlay css-1hnz6hu"><div class="css-0"><p class="chakra-text css-1ecdp9w" data-testid="product-brand">Yoplait</p><h3 class="chakra-heading css-6qrhwc" id="21391318006_EA" data-testid="product-title">Source 0% Smooth Traditional Yogurt, Strawberry, No Added Sugar</h3><p class="chakra-text css-1yftjin" data-testid="product-package-size">630 g, $0.42/100g</p></div></a><div class="css-8keand"></div></div><div class="css-1q5omjq"><div class="css-fcebb8"><div data-testid="atc-compact" class="css-y94ivq" style="width: 45px;"><button type="button" class="chakra-button css-mudsm6" data-testid="atc-button"><svg stroke="currentColor" fill="currentColor" stroke-width="0" viewBox="0 0 24 24" focusable="false" class="chakra-icon css-1g3sp7a" data-testid="btn-icon" aria-hidden="true" height="1em" width="1em" xmlns="http://www.w3.org/2000/svg"><path d="M19 13h-6v6h-2v-6H5v-2h6V5h2v6h6v2z"></path></svg><span class="css-idkz9h">Add Source 0% Smooth Traditional Yogurt, Strawberry, No Added Sugar to cart</span></button></div></div></div></div></div></div><div class="css-0"><div class="css-f5i5wc"><div class="chakra-linkbox css-vhnn8v"><div data-testid="product-image" class="css-16dr4ly"><img alt="Icim Plain Yogurt, Balkan 6% 550 g, $1.54/100g" src="https://assets.shop.loblaws.ca/products/21367589/b3/en/front/21367589_front_a06_@2.png" srcset="https://assets.shop.loblaws.ca/products/21367589/b3/en/front/21367589_front_a06_@2.png 1x, https://assets.shop.loblaws.ca/products/21367589/b3/en/front/21367589_front_a06_@2.png 2x" loading="lazy" class="chakra-image css-oguq8l" aria-hidden="true"></div><div class="css-qoklea"><div class="css-12dchmx"></div><div data-testid="price-product-tile" class="css-8atqhb"><p class="chakra-text css-0"><span class="chakra-text css-pwnbcb" data-testid="regular-price"><span class="css-idkz9h">$8.49</span>$8.49</span></p></div><a href="/plain-yogurt-balkan-6/p/21367589_EA?source=nspt" class="chakra-linkbox__overlay css-1hnz6hu"><div class="css-0"><p class="chakra-text css-1ecdp9w" data-testid="product-brand">Icim</p><h3 class="chakra-heading css-6qrhwc" id="21367589_EA" data-testid="product-title">Plain Yogurt, Balkan 6%</h3><p class="chakra-text css-1yftjin" data-testid="product-package-size">550 g, $1.54/100g</p></div></a><div class="css-8keand"></div></div><div class="css-1q5omjq"><div class="css-fcebb8"><div data-testid="atc-compact" class="css-y94ivq" style="width: 45px;"><button type="button" class="chakra-button css-mudsm6" data-testid="atc-button"><svg stroke="currentColor" fill="currentColor" stroke-width="0" viewBox="0 0 24 24" focusable="false" class="chakra-icon css-1g3sp7a" data-testid="btn-icon" aria-hidden="true" height="1em" width="1em" xmlns="http://www.w3.org/2000/svg"><path d="M19 13h-6v6h-2v-6H5v-2h6V5h2v6h6v2z"></path></svg><span class="css-idkz9h">Add Plain Yogurt, Balkan 6% to cart</span></button></div></div></div></div></div></div><div class="css-0"><div class="css-f5i5wc"><div class="chakra-linkbox css-vhnn8v"><div data-testid="product-image" class="css-16dr4ly"><img alt="Modhani Authentic 3.2 % Mf Dahi 750 g, $0.40/100g" src="https://assets.shop.loblaws.ca/products/21418597/b3/en/front/21418597_front_a06_@2.png" srcset="https://assets.shop.loblaws.ca/products/21418597/b3/en/front/21418597_front_a06_@2.png 1x, https://assets.shop.loblaws.ca/products/21418597/b3/en/front/21418597_front_a06_@2.png 2x" loading="lazy" class="chakra-image css-oguq8l" aria-hidden="true"></div><div class="css-qoklea"><div class="css-12dchmx"></div><div data-testid="price-product-tile" class="css-8atqhb"><p class="chakra-text css-0"><span class="chakra-text css-pwnbcb" data-testid="regular-price"><span class="css-idkz9h">$2.99</span>$2.99</span></p></div><a href="/authentic-3-2-mf-dahi/p/21418597_EA?source=nspt" class="chakra-linkbox__overlay css-1hnz6hu"><div class="css-0"><p class="chakra-text css-1ecdp9w" data-testid="product-brand">Modhani</p><h3 class="chakra-heading css-6qrhwc" id="21418597_EA" data-testid="product-title">Authentic 3.2 % Mf Dahi</h3><p class="chakra-text css-1yftjin" data-testid="product-package-size">750 g, $0.40/100g</p></div></a><div class="css-8keand"></div></div><div class="css-1q5omjq"><div class="css-fcebb8"><div data-testid="atc-compact" class="css-y94ivq" style="width: 45px;"><button type="button" class="chakra-button css-mudsm6" data-testid="atc-button"><svg stroke="currentColor" fill="currentColor" stroke-width="0" viewBox="0 0 24 24" focusable="false" class="chakra-icon css-1g3sp7a" data-testid="btn-icon" aria-hidden="true" height="1em" width="1em" xmlns="http://www.w3.org/2000/svg"><path d="M19 13h-6v6h-2v-6H5v-2h6V5h2v6h6v2z"></path></svg><span class="css-idkz9h">Add Authentic 3.2 % Mf Dahi to cart</span></button></div></div></div></div></div></div><div class="css-0"><div class="css-f5i5wc"><div class="chakra-linkbox css-vhnn8v"><div data-testid="product-image" class="css-16dr4ly"><img alt="Hans Yogurt Drink Mango Fat Free 0 % M.F. 1 l, $0.35/100ml" src="https://assets.shop.loblaws.ca/products/21369906/b3/en/front/21369906_front_a06_@2.png" srcset="https://assets.shop.loblaws.ca/products/21369906/b3/en/front/21369906_front_a06_@2.png 1x, https://assets.shop.loblaws.ca/products/21369906/b3/en/front/21369906_front_a06_@2.png 2x" loading="lazy" class="chakra-image css-oguq8l" aria-hidden="true"></div><div class="css-qoklea"><div class="css-12dchmx"></div><div data-testid="price-product-tile" class="css-8atqhb"><p class="chakra-text css-0"><span class="chakra-text css-pwnbcb" data-testid="regular-price"><span class="css-idkz9h">$3.49</span>$3.49</span></p></div><a href="/yogurt-drink-mango-fat-free-0-m-f/p/21369906_EA?source=nspt" class="chakra-linkbox__overlay css-1hnz6hu"><div class="css-0"><p class="chakra-text css-1ecdp9w" data-testid="product-brand">Hans</p><h3 class="chakra-heading css-6qrhwc" id="21369906_EA" data-testid="product-title">Yogurt Drink Mango Fat Free 0 % M.F.</h3><p class="chakra-text css-1yftjin" data-testid="product-package-size">1 l, $0.35/100ml</p></div></a><div class="css-8keand"></div></div><div class="css-1q5omjq"><div class="css-fcebb8"><div data-testid="atc-compact" class="css-y94ivq" style="width: 45px;"><button disabled="" type="button" class="chakra-button css-mudsm6" data-testid="atc-button"><svg stroke="currentColor" fill="currentColor" stroke-width="0" viewBox="0 0 24 24" focusable="false" class="chakra-icon css-1g3sp7a" data-testid="btn-icon" aria-hidden="true" height="1em" width="1em" xmlns="http://www.w3.org/2000/svg"><path d="M19 13h-6v6h-2v-6H5v-2h6V5h2v6h6v2z"></path></svg><span class="css-idkz9h">Add Yogurt Drink Mango Fat Free 0 % M.F. to cart</span></button></div></div><div class="css-4saf4a"><p class="chakra-text css-py8788" data-testid="inventory-badge-text">Out of Stock</p></div></div></div></div></div><div class="css-0"><div class="css-f5i5wc"><div class="chakra-linkbox css-vhnn8v"><div data-testid="product-image" class="css-16dr4ly"><img alt="Sufra Halal  Plain Probiotic 3% M.F. Yogurt 750 g, $0.33/100g" src="https://assets.shop.loblaws.ca/products/21246557/b3/en/front/21246557_front_a06_@2.png" srcset="https://assets.shop.loblaws.ca/products/21246557/b3/en/front/21246557_front_a06_@2.png 1x, https://assets.shop.loblaws.ca/products/21246557/b3/en/front/21246557_front_a06_@2.png 2x" loading="lazy" class="chakra-image css-oguq8l" aria-hidden="true"></div><div class="css-qoklea"><div class="css-12dchmx"></div><div data-testid="price-product-tile" class="css-8atqhb"><p class="chakra-text css-0"><span class="chakra-text css-pwnbcb" data-testid="regular-price"><span class="css-idkz9h">$2.49</span>$2.49</span></p></div><a href="/halal-plain-probiotic-3-m-f-yogurt/p/21246557_EA?source=nspt" class="chakra-linkbox__overlay css-1hnz6hu"><div class="css-0"><p class="chakra-text css-1ecdp9w" data-testid="product-brand">Sufra</p><h3 class="chakra-heading css-6qrhwc" id="21246557_EA" data-testid="product-title">Halal  Plain Probiotic 3% M.F. Yogurt</h3><p class="chakra-text css-1yftjin" data-testid="product-package-size">750 g, $0.33/100g</p></div></a><div class="css-8keand"></div></div><div class="css-1q5omjq"><div class="css-fcebb8"><div data-testid="atc-compact" class="css-y94ivq" style="width: 45px;"><button type="button" class="chakra-button css-mudsm6" data-testid="atc-button"><svg stroke="currentColor" fill="currentColor" stroke-width="0" viewBox="0 0 24 24" focusable="false" class="chakra-icon css-1g3sp7a" data-testid="btn-icon" aria-hidden="true" height="1em" width="1em" xmlns="http://www.w3.org/2000/svg"><path d="M19 13h-6v6h-2v-6H5v-2h6V5h2v6h6v2z"></path></svg><span class="css-idkz9h">Add Halal  Plain Probiotic 3% M.F. Yogurt to cart</span></button></div></div></div></div></div></div><div class="css-0"><div class="css-f5i5wc"><div class="chakra-linkbox css-vhnn8v"><div data-testid="product-image" class="css-16dr4ly"><img alt="Riviera Goat Yogurt, Plain 4.9% 500 g, $1.30/100ml" src="https://assets.shop.loblaws.ca/products/20977480/b3/en/front/20977480_front_a06_@2.png" srcset="https://assets.shop.loblaws.ca/products/20977480/b3/en/front/20977480_front_a06_@2.png 1x, https://assets.shop.loblaws.ca/products/20977480/b3/en/front/20977480_front_a06_@2.png 2x" loading="lazy" class="chakra-image css-oguq8l" aria-hidden="true"></div><div class="css-qoklea"><div class="css-12dchmx"></div><div data-testid="price-product-tile" class="css-8atqhb"><p class="chakra-text css-0"><span class="chakra-text css-pwnbcb" data-testid="regular-price"><span class="css-idkz9h">$6.49</span>$6.49</span></p></div><a href="/goat-yogurt-plain-4-9/p/20977480_EA?source=nspt" class="chakra-linkbox__overlay css-1hnz6hu"><div class="css-0"><p class="chakra-text css-1ecdp9w" data-testid="product-brand">Riviera</p><h3 class="chakra-heading css-6qrhwc" id="20977480_EA" data-testid="product-title">Goat Yogurt, Plain 4.9%</h3><p class="chakra-text css-1yftjin" data-testid="product-package-size">500 g, $1.30/100ml</p></div></a><div class="css-8keand"></div></div><div class="css-1q5omjq"><div class="css-fcebb8"><div data-testid="atc-compact" class="css-y94ivq" style="width: 45px;"><button type="button" class="chakra-button css-mudsm6" data-testid="atc-button"><svg stroke="currentColor" fill="currentColor" stroke-width="0" viewBox="0 0 24 24" focusable="false" class="chakra-icon css-1g3sp7a" data-testid="btn-icon" aria-hidden="true" height="1em" width="1em" xmlns="http://www.w3.org/2000/svg"><path d="M19 13h-6v6h-2v-6H5v-2h6V5h2v6h6v2z"></path></svg><span class="css-idkz9h">Add Goat Yogurt, Plain 4.9% to cart</span></button></div></div></div></div></div></div><div class="css-0"><div class="css-f5i5wc"><div class="chakra-linkbox css-vhnn8v"><div data-testid="product-image" class="css-16dr4ly"><img alt="Oikos High Protein Greek Yogurt, Vanilla Flavour, Blended, Value Tub 650 g, $0.92/100g" src="https://assets.shop.loblaws.ca/products/21305946/b3/en/front/21305946_front_a06_@2.png" srcset="https://assets.shop.loblaws.ca/products/21305946/b3/en/front/21305946_front_a06_@2.png 1x, https://assets.shop.loblaws.ca/products/21305946/b3/en/front/21305946_front_a06_@2.png 2x" loading="lazy" class="chakra-image css-oguq8l" aria-hidden="true"></div><div class="css-qoklea"><div class="css-12dchmx"></div><div data-testid="price-product-tile" class="css-8atqhb"><p class="chakra-text css-0"><span class="chakra-text css-pwnbcb" data-testid="regular-price"><span class="css-idkz9h">$5.99</span>$5.99</span></p></div><a href="/high-protein-greek-yogurt-vanilla-flavour-blended/p/21305946_EA?source=nspt" class="chakra-linkbox__overlay css-1hnz6hu"><div class="css-0"><p class="chakra-text css-1ecdp9w" data-testid="product-brand">Oikos</p><h3 class="chakra-heading css-6qrhwc" id="21305946_EA" data-testid="product-title">High Protein Greek Yogurt, Vanilla Flavour, Blended, Value Tub</h3><p class="chakra-text css-1yftjin" data-testid="product-package-size">650 g, $0.92/100g</p></div></a><div class="css-8keand"></div></div><div class="css-1q5omjq"><div class="css-fcebb8"><div data-testid="atc-compact" class="css-y94ivq" style="width: 45px;"><button type="button" class="chakra-button css-mudsm6" data-testid="atc-button"><svg stroke="currentColor" fill="currentColor" stroke-width="0" viewBox="0 0 24 24" focusable="false" class="chakra-icon css-1g3sp7a" data-testid="btn-icon" aria-hidden="true" height="1em" width="1em" xmlns="http://www.w3.org/2000/svg"><path d="M19 13h-6v6h-2v-6H5v-2h6V5h2v6h6v2z"></path></svg><span class="css-idkz9h">Add High Protein Greek Yogurt, Vanilla Flavour, Blended, Value Tub to cart</span></button></div></div></div></div></div></div><div class="css-0"><div class="css-f5i5wc"><div class="chakra-linkbox css-vhnn8v"><div data-testid="product-image" class="css-16dr4ly"><img alt="Khaas Halal Yogurt, Plain 3% 750 g, $0.33/100g" src="https://assets.shop.loblaws.ca/products/20343515/b3/en/front/20343515_front_a06_@2.png" srcset="https://assets.shop.loblaws.ca/products/20343515/b3/en/front/20343515_front_a06_@2.png 1x, https://assets.shop.loblaws.ca/products/20343515/b3/en/front/20343515_front_a06_@2.png 2x" loading="lazy" class="chakra-image css-oguq8l" aria-hidden="true"></div><div class="css-qoklea"><div class="css-12dchmx"></div><div data-testid="price-product-tile" class="css-8atqhb"><p class="chakra-text css-0"><span class="chakra-text css-pwnbcb" data-testid="regular-price"><span class="css-idkz9h">$2.49</span>$2.49</span></p></div><a href="/halal-yogurt-plain-3/p/20343515_EA?source=nspt" class="chakra-linkbox__overlay css-1hnz6hu"><div class="css-0"><p class="chakra-text css-1ecdp9w" data-testid="product-brand">Khaas</p><h3 class="chakra-heading css-6qrhwc" id="20343515_EA" data-testid="product-title">Halal Yogurt, Plain 3%</h3><p class="chakra-text css-1yftjin" data-testid="product-package-size">750 g, $0.33/100g</p></div></a><div class="css-8keand"></div></div><div class="css-1q5omjq"><div class="css-fcebb8"><div data-testid="atc-compact" class="css-y94ivq" style="width: 45px;"><button type="button" class="chakra-button css-mudsm6" data-testid="atc-button"><svg stroke="currentColor" fill="currentColor" stroke-width="0" viewBox="0 0 24 24" focusable="false" class="chakra-icon css-1g3sp7a" data-testid="btn-icon" aria-hidden="true" height="1em" width="1em" xmlns="http://www.w3.org/2000/svg"><path d="M19 13h-6v6h-2v-6H5v-2h6V5h2v6h6v2z"></path></svg><span class="css-idkz9h">Add Halal Yogurt, Plain 3% to cart</span></button></div></div></div></div></div></div><div class="css-0"><div class="css-f5i5wc"><div class="chakra-linkbox css-vhnn8v"><div data-testid="product-image" class="css-16dr4ly"><img alt="IOGO 0% Yogurt Zero, Strawberry, Blueberry, Peach, and Vanilla 16x100.0 g, $0.39/100g" src="https://assets.shop.loblaws.ca/products/20606778002/b3/en/front/20606778002_front_a06_@2.png" srcset="https://assets.shop.loblaws.ca/products/20606778002/b3/en/front/20606778002_front_a06_@2.png 1x, https://assets.shop.loblaws.ca/products/20606778002/b3/en/front/20606778002_front_a06_@2.png 2x" loading="lazy" class="chakra-image css-oguq8l" aria-hidden="true"></div><div class="css-qoklea"><div class="css-12dchmx"></div><div data-testid="price-product-tile" class="css-8atqhb"><p class="chakra-text css-0"><span class="chakra-text css-pwnbcb" data-testid="regular-price"><span class="css-idkz9h">$6.29</span>$6.29</span></p></div><a href="/0-yogurt-zero-strawberry-blueberry-peach-and-vanil/p/20606778002_EA?source=nspt" class="chakra-linkbox__overlay css-1hnz6hu"><div class="css-0"><p class="chakra-text css-1ecdp9w" data-testid="product-brand">IOGO</p><h3 class="chakra-heading css-6qrhwc" id="20606778002_EA" data-testid="product-title">0% Yogurt Zero, Strawberry, Blueberry, Peach, and Vanilla</h3><p class="chakra-text css-1yftjin" data-testid="product-package-size">16x100.0 g, $0.39/100g</p></div></a><div class="css-8keand"></div></div><div class="css-1q5omjq"><div class="css-fcebb8"><div data-testid="atc-compact" class="css-y94ivq" style="width: 45px;"><button type="button" class="chakra-button css-mudsm6" data-testid="atc-button"><svg stroke="currentColor" fill="currentColor" stroke-width="0" viewBox="0 0 24 24" focusable="false" class="chakra-icon css-1g3sp7a" data-testid="btn-icon" aria-hidden="true" height="1em" width="1em" xmlns="http://www.w3.org/2000/svg"><path d="M19 13h-6v6h-2v-6H5v-2h6V5h2v6h6v2z"></path></svg><span class="css-idkz9h">Add 0% Yogurt Zero, Strawberry, Blueberry, Peach, and Vanilla to cart</span></button></div></div></div></div></div></div><div class="css-0"><div class="css-f5i5wc"><div class="chakra-linkbox css-vhnn8v"><div data-testid="product-image" class="css-16dr4ly"><img alt="Oikos Fat Free Greek Yogurt, Vanilla Flavour, Blended, 0% M.F. 750 g, $0.80/100g" src="https://assets.shop.loblaws.ca/products/21006667/b3/en/front/21006667_front_a06_@2.png" srcset="https://assets.shop.loblaws.ca/products/21006667/b3/en/front/21006667_front_a06_@2.png 1x, https://assets.shop.loblaws.ca/products/21006667/b3/en/front/21006667_front_a06_@2.png 2x" loading="lazy" class="chakra-image css-oguq8l" aria-hidden="true"></div><div class="css-qoklea"><div class="css-12dchmx"></div><div data-testid="price-product-tile" class="css-8atqhb"><p class="chakra-text css-0"><span class="chakra-text css-pwnbcb" data-testid="regular-price"><span class="css-idkz9h">$5.99</span>$5.99</span></p></div><a href="/fat-free-greek-yogurt-vanilla-flavour-blended-0-m/p/21006667_EA?source=nspt" class="chakra-linkbox__overlay css-1hnz6hu"><div class="css-0"><p class="chakra-text css-1ecdp9w" data-testid="product-brand">Oikos</p><h3 class="chakra-heading css-6qrhwc" id="21006667_EA" data-testid="product-title">Fat Free Greek Yogurt, Vanilla Flavour, Blended, 0% M.F.</h3><p class="chakra-text css-1yftjin" data-testid="product-package-size">750 g, $0.80/100g</p></div></a><div class="css-8keand"></div></div><div class="css-1q5omjq"><div class="css-fcebb8"><div data-testid="atc-compact" class="css-y94ivq" style="width: 45px;"><button type="button" class="chakra-button css-mudsm6" data-testid="atc-button"><svg stroke="currentColor" fill="currentColor" stroke-width="0" viewBox="0 0 24 24" focusable="false" class="chakra-icon css-1g3sp7a" data-testid="btn-icon" aria-hidden="true" height="1em" width="1em" xmlns="http://www.w3.org/2000/svg"><path d="M19 13h-6v6h-2v-6H5v-2h6V5h2v6h6v2z"></path></svg><span class="css-idkz9h">Add Fat Free Greek Yogurt, Vanilla Flavour, Blended, 0% M.F. to cart</span></button></div></div></div></div></div></div><div class="css-0"><div class="css-f5i5wc"><div class="chakra-linkbox css-vhnn8v"><div data-testid="product-image" class="css-16dr4ly"><img alt="President's Choice Banana 2% M.F. Greek Yogurt 4x100.0 g, $1.05/100g" src="https://assets.shop.loblaws.ca/products/21347778/b3/en/front/21347778_front_a06_@2.png" srcset="https://assets.shop.loblaws.ca/products/21347778/b3/en/front/21347778_front_a06_@2.png 1x, https://assets.shop.loblaws.ca/products/21347778/b3/en/front/21347778_front_a06_@2.png 2x" loading="lazy" class="chakra-image css-oguq8l" aria-hidden="true"></div><div class="css-qoklea"><div class="css-12dchmx"></div><div data-testid="price-product-tile" class="css-8atqhb"><p class="chakra-text css-0"><span class="chakra-text css-pwnbcb" data-testid="regular-price"><span class="css-idkz9h">$4.19</span>$4.19</span></p></div><a href="/banana-2-m-f-greek-yogurt/p/21347778_EA?source=nspt" class="chakra-linkbox__overlay css-1hnz6hu"><div class="css-0"><p class="chakra-text css-1ecdp9w" data-testid="product-brand">President's Choice</p><h3 class="chakra-heading css-6qrhwc" id="21347778_EA" data-testid="product-title">Banana 2% M.F. Greek Yogurt</h3><p class="chakra-text css-1yftjin" data-testid="product-package-size">4x100.0 g, $1.05/100g</p></div></a><div class="css-8keand"></div></div><div class="css-1q5omjq"><div class="css-fcebb8"><div data-testid="atc-compact" class="css-y94ivq" style="width: 45px;"><button type="button" class="chakra-button css-mudsm6" data-testid="atc-button"><svg stroke="currentColor" fill="currentColor" stroke-width="0" viewBox="0 0 24 24" focusable="false" class="chakra-icon css-1g3sp7a" data-testid="btn-icon" aria-hidden="true" height="1em" width="1em" xmlns="http://www.w3.org/2000/svg"><path d="M19 13h-6v6h-2v-6H5v-2h6V5h2v6h6v2z"></path></svg><span class="css-idkz9h">Add Banana 2% M.F. Greek Yogurt to cart</span></button></div></div></div></div></div></div><div class="css-0"><div class="css-f5i5wc"><div class="chakra-linkbox css-vhnn8v"><div data-testid="product-image" class="css-16dr4ly"><img alt="Olympic Krema Yogurt, Plain 10% 650 g, $0.92/100g" src="https://assets.shop.loblaws.ca/products/20588372002/b3/en/front/20588372002_front_a06_@2.png" srcset="https://assets.shop.loblaws.ca/products/20588372002/b3/en/front/20588372002_front_a06_@2.png 1x, https://assets.shop.loblaws.ca/products/20588372002/b3/en/front/20588372002_front_a06_@2.png 2x" loading="lazy" class="chakra-image css-oguq8l" aria-hidden="true"></div><div class="css-qoklea"><div class="css-12dchmx"></div><div data-testid="price-product-tile" class="css-8atqhb"><p class="chakra-text css-0"><span class="chakra-text css-pwnbcb" data-testid="regular-price"><span class="css-idkz9h">$5.99</span>$5.99</span></p></div><a href="/krema-yogurt-plain-10/p/20588372002_EA?source=nspt" class="chakra-linkbox__overlay css-1hnz6hu"><div class="css-0"><p class="chakra-text css-1ecdp9w" data-testid="product-brand">Olympic</p><h3 class="chakra-heading css-6qrhwc" id="20588372002_EA" data-testid="product-title">Krema Yogurt, Plain 10%</h3><p class="chakra-text css-1yftjin" data-testid="product-package-size">650 g, $0.92/100g</p></div></a><div class="css-8keand"></div></div><div class="css-1q5omjq"><div class="css-fcebb8"><div data-testid="atc-compact" class="css-y94ivq" style="width: 45px;"><button type="button" class="chakra-button css-mudsm6" data-testid="atc-button"><svg stroke="currentColor" fill="currentColor" stroke-width="0" viewBox="0 0 24 24" focusable="false" class="chakra-icon css-1g3sp7a" data-testid="btn-icon" aria-hidden="true" height="1em" width="1em" xmlns="http://www.w3.org/2000/svg"><path d="M19 13h-6v6h-2v-6H5v-2h6V5h2v6h6v2z"></path></svg><span class="css-idkz9h">Add Krema Yogurt, Plain 10% to cart</span></button></div></div></div></div></div></div><div class="css-0"><div class="css-f5i5wc"><div class="chakra-linkbox css-vhnn8v"><div data-testid="product-image" class="css-16dr4ly"><img alt="siggi's Skyr Yogurt Vanilla 2%, High Protein, 4 units 400 g, $1.25/100g" src="https://assets.shop.loblaws.ca/products/21590027/b3/en/front/21590027_front_a06_@2.png" srcset="https://assets.shop.loblaws.ca/products/21590027/b3/en/front/21590027_front_a06_@2.png 1x, https://assets.shop.loblaws.ca/products/21590027/b3/en/front/21590027_front_a06_@2.png 2x" loading="lazy" class="chakra-image css-oguq8l" aria-hidden="true"></div><div class="css-qoklea"><div class="css-12dchmx"></div><div data-testid="price-product-tile" class="css-8atqhb"><p class="chakra-text css-0"><span class="chakra-text css-pwnbcb" data-testid="regular-price"><span class="css-idkz9h">$4.99</span>$4.99</span></p></div><a href="/skyr-yogurt-vanilla-2-high-protein-4-units/p/21590027_EA?source=nspt" class="chakra-linkbox__overlay css-1hnz6hu"><div class="css-0"><p class="chakra-text css-1ecdp9w" data-testid="product-brand">siggi's</p><h3 class="chakra-heading css-6qrhwc" id="21590027_EA" data-testid="product-title">Skyr Yogurt Vanilla 2%, High Protein, 4 units</h3><p class="chakra-text css-1yftjin" data-testid="product-package-size">400 g, $1.25/100g</p></div></a><div class="css-8keand"></div></div><div class="css-1q5omjq"><div class="css-fcebb8"><div data-testid="atc-compact" class="css-y94ivq" style="width: 45px;"><button type="button" class="chakra-button css-mudsm6" data-testid="atc-button"><svg stroke="currentColor" fill="currentColor" stroke-width="0" viewBox="0 0 24 24" focusable="false" class="chakra-icon css-1g3sp7a" data-testid="btn-icon" aria-hidden="true" height="1em" width="1em" xmlns="http://www.w3.org/2000/svg"><path d="M19 13h-6v6h-2v-6H5v-2h6V5h2v6h6v2z"></path></svg><span class="css-idkz9h">Add Skyr Yogurt Vanilla 2%, High Protein, 4 units to cart</span></button></div></div></div></div></div></div><div class="css-0"><div class="css-f5i5wc"><div class="chakra-linkbox css-vhnn8v"><div data-testid="product-image" class="css-16dr4ly"><img alt="Olympic Organic Yogurt, Plain 3.5% 650 g, $0.92/100g" src="https://assets.shop.loblaws.ca/products/20316485005/b3/en/front/20316485005_front_a06_@2.png" srcset="https://assets.shop.loblaws.ca/products/20316485005/b3/en/front/20316485005_front_a06_@2.png 1x, https://assets.shop.loblaws.ca/products/20316485005/b3/en/front/20316485005_front_a06_@2.png 2x" loading="lazy" class="chakra-image css-oguq8l" aria-hidden="true"></div><div class="css-qoklea"><div class="css-12dchmx"></div><div data-testid="price-product-tile" class="css-8atqhb"><p class="chakra-text css-0"><span class="chakra-text css-pwnbcb" data-testid="regular-price"><span class="css-idkz9h">$5.99</span>$5.99</span></p></div><a href="/organic-yogurt-plain-3-5/p/20316485005_EA?source=nspt" class="chakra-linkbox__overlay css-1hnz6hu"><div class="css-0"><p class="chakra-text css-1ecdp9w" data-testid="product-brand">Olympic</p><h3 class="chakra-heading css-6qrhwc" id="20316485005_EA" data-testid="product-title">Organic Yogurt, Plain 3.5%</h3><p class="chakra-text css-1yftjin" data-testid="product-package-size">650 g, $0.92/100g</p></div></a><div class="css-8keand"></div></div><div class="css-1q5omjq"><div class="css-fcebb8"><div data-testid="atc-compact" class="css-y94ivq" style="width: 45px;"><button type="button" class="chakra-button css-mudsm6" data-testid="atc-button"><svg stroke="currentColor" fill="currentColor" stroke-width="0" viewBox="0 0 24 24" focusable="false" class="chakra-icon css-1g3sp7a" data-testid="btn-icon" aria-hidden="true" height="1em" width="1em" xmlns="http://www.w3.org/2000/svg"><path d="M19 13h-6v6h-2v-6H5v-2h6V5h2v6h6v2z"></path></svg><span class="css-idkz9h">Add Organic Yogurt, Plain 3.5% to cart</span></button></div></div></div></div></div></div><div class="css-0"><div class="css-f5i5wc"><div class="chakra-linkbox css-vhnn8v"><div data-testid="product-image" class="css-16dr4ly"><img alt="Suraj 2% M.F. Dahi Yogurt 750 g, $0.37/100g" src="https://assets.shop.loblaws.ca/products/20958145/b3/en/front/20958145_front_a06_@2.png" srcset="https://assets.shop.loblaws.ca/products/20958145/b3/en/front/20958145_front_a06_@2.png 1x, https://assets.shop.loblaws.ca/products/20958145/b3/en/front/20958145_front_a06_@2.png 2x" loading="lazy" class="chakra-image css-oguq8l" aria-hidden="true"></div><div class="css-qoklea"><div class="css-12dchmx"></div><div data-testid="price-product-tile" class="css-8atqhb"><p class="chakra-text css-0"><span class="chakra-text css-pwnbcb" data-testid="regular-price"><span class="css-idkz9h">$2.79</span>$2.79</span></p></div><a href="/2-m-f-dahi-yogurt/p/20958145_EA?source=nspt" class="chakra-linkbox__overlay css-1hnz6hu"><div class="css-0"><p class="chakra-text css-1ecdp9w" data-testid="product-brand">Suraj</p><h3 class="chakra-heading css-6qrhwc" id="20958145_EA" data-testid="product-title">2% M.F. Dahi Yogurt</h3><p class="chakra-text css-1yftjin" data-testid="product-package-size">750 g, $0.37/100g</p></div></a><div class="css-8keand"></div></div><div class="css-1q5omjq"><div class="css-fcebb8"><div data-testid="atc-compact" class="css-y94ivq" style="width: 45px;"><button type="button" class="chakra-button css-mudsm6" data-testid="atc-button"><svg stroke="currentColor" fill="currentColor" stroke-width="0" viewBox="0 0 24 24" focusable="false" class="chakra-icon css-1g3sp7a" data-testid="btn-icon" aria-hidden="true" height="1em" width="1em" xmlns="http://www.w3.org/2000/svg"><path d="M19 13h-6v6h-2v-6H5v-2h6V5h2v6h6v2z"></path></svg><span class="css-idkz9h">Add 2% M.F. Dahi Yogurt to cart</span></button></div></div><div class="css-4saf4a"><p class="chakra-text css-py8788" data-testid="inventory-badge-text">Low Stock</p></div></div></div></div></div><div class="css-0"><div class="css-f5i5wc"><div class="chakra-linkbox css-vhnn8v"><div data-testid="product-image" class="css-16dr4ly"><img alt="Activia Yogurt With Probiotics, Plain 3.2% M/F. 650 g, $0.71/100g" src="https://assets.shop.loblaws.ca/products/21043151001/b3/en/front/21043151001_front_a06_@2.png" srcset="https://assets.shop.loblaws.ca/products/21043151001/b3/en/front/21043151001_front_a06_@2.png 1x, https://assets.shop.loblaws.ca/products/21043151001/b3/en/front/21043151001_front_a06_@2.png 2x" loading="lazy" class="chakra-image css-oguq8l" aria-hidden="true"></div><div class="css-qoklea"><div class="css-12dchmx"></div><div data-testid="price-product-tile" class="css-8atqhb"><p class="chakra-text css-0"><span class="chakra-text css-pwnbcb" data-testid="regular-price"><span class="css-idkz9h">$4.59</span>$4.59</span></p></div><a href="/yogurt-with-probiotics-plain-3-2-m-f/p/21043151001_EA?source=nspt" class="chakra-linkbox__overlay css-1hnz6hu"><div class="css-0"><p class="chakra-text css-1ecdp9w" data-testid="product-brand">Activia</p><h3 class="chakra-heading css-6qrhwc" id="21043151001_EA" data-testid="product-title">Yogurt With Probiotics, Plain 3.2% M/F.</h3><p class="chakra-text css-1yftjin" data-testid="product-package-size">650 g, $0.71/100g</p></div></a><div class="css-8keand"></div></div><div class="css-1q5omjq"><div class="css-fcebb8"><div data-testid="atc-compact" class="css-y94ivq" style="width: 45px;"><button type="button" class="chakra-button css-mudsm6" data-testid="atc-button"><svg stroke="currentColor" fill="currentColor" stroke-width="0" viewBox="0 0 24 24" focusable="false" class="chakra-icon css-1g3sp7a" data-testid="btn-icon" aria-hidden="true" height="1em" width="1em" xmlns="http://www.w3.org/2000/svg"><path d="M19 13h-6v6h-2v-6H5v-2h6V5h2v6h6v2z"></path></svg><span class="css-idkz9h">Add Yogurt With Probiotics, Plain 3.2% M/F. to cart</span></button></div></div></div></div></div></div><div class="css-0"><div class="css-f5i5wc"><div class="chakra-linkbox css-vhnn8v"><div data-testid="product-image" class="css-16dr4ly"><img alt="Oikos Greek Yogurt, Plain, No Added Sugar, 2% Mf, Value Tub 750 g, $0.80/100g" src="https://assets.shop.loblaws.ca/products/21006885/b3/en/front/21006885_front_a06_@2.png" srcset="https://assets.shop.loblaws.ca/products/21006885/b3/en/front/21006885_front_a06_@2.png 1x, https://assets.shop.loblaws.ca/products/21006885/b3/en/front/21006885_front_a06_@2.png 2x" loading="lazy" class="chakra-image css-oguq8l" aria-hidden="true"></div><div class="css-qoklea"><div class="css-12dchmx"></div><div data-testid="price-product-tile" class="css-8atqhb"><p class="chakra-text css-0"><span class="chakra-text css-pwnbcb" data-testid="regular-price"><span class="css-idkz9h">$5.99</span>$5.99</span></p></div><a href="/greek-yogurt-plain-no-added-sugar-2-mf-value-tub/p/21006885_EA?source=nspt" class="chakra-linkbox__overlay css-1hnz6hu"><div class="css-0"><p class="chakra-text css-1ecdp9w" data-testid="product-brand">Oikos</p><h3 class="chakra-heading css-6qrhwc" id="21006885_EA" data-testid="product-title">Greek Yogurt, Plain, No Added Sugar, 2% Mf, Value Tub</h3><p class="chakra-text css-1yftjin" data-testid="product-package-size">750 g, $0.80/100g</p></div></a><div class="css-8keand"></div></div><div class="css-1q5omjq"><div class="css-fcebb8"><div data-testid="atc-compact" class="css-y94ivq" style="width: 45px;"><button type="button" class="chakra-button css-mudsm6" data-testid="atc-button"><svg stroke="currentColor" fill="currentColor" stroke-width="0" viewBox="0 0 24 24" focusable="false" class="chakra-icon css-1g3sp7a" data-testid="btn-icon" aria-hidden="true" height="1em" width="1em" xmlns="http://www.w3.org/2000/svg"><path d="M19 13h-6v6h-2v-6H5v-2h6V5h2v6h6v2z"></path></svg><span class="css-idkz9h">Add Greek Yogurt, Plain, No Added Sugar, 2% Mf, Value Tub to cart</span></button></div></div></div></div></div></div><div class="css-0"><div class="css-f5i5wc"><div class="chakra-linkbox css-vhnn8v"><div data-testid="product-image" class="css-16dr4ly"><img alt="Danone Two Good, Plain Low Sugar Yogurt, 1g sugar, 9g Protein 625 g, $0.64/100g" src="https://assets.shop.loblaws.ca/products/21477313/b3/en/front/21477313_front_a06_@2.png" srcset="https://assets.shop.loblaws.ca/products/21477313/b3/en/front/21477313_front_a06_@2.png 1x, https://assets.shop.loblaws.ca/products/21477313/b3/en/front/21477313_front_a06_@2.png 2x" loading="lazy" class="chakra-image css-oguq8l" aria-hidden="true"></div><div class="css-qoklea"><div class="css-12dchmx"></div><div data-testid="price-product-tile" class="css-8atqhb"><p class="chakra-text css-0"><span class="chakra-text css-pwnbcb" data-testid="regular-price"><span class="css-idkz9h">$3.99</span>$3.99</span></p></div><a href="/two-good-plain-low-sugar-yogurt-1g-sugar-9g-protei/p/21477313_EA?source=nspt" class="chakra-linkbox__overlay css-1hnz6hu"><div class="css-0"><p class="chakra-text css-1ecdp9w" data-testid="product-brand">Danone</p><h3 class="chakra-heading css-6qrhwc" id="21477313_EA" data-testid="product-title">Two Good, Plain Low Sugar Yogurt, 1g sugar, 9g Protein</h3><p class="chakra-text css-1yftjin" data-testid="product-package-size">625 g, $0.64/100g</p></div></a><div class="css-8keand"></div></div><div class="css-1q5omjq"><div class="css-fcebb8"><div data-testid="atc-compact" class="css-y94ivq" style="width: 45px;"><button type="button" class="chakra-button css-mudsm6" data-testid="atc-button"><svg stroke="currentColor" fill="currentColor" stroke-width="0" viewBox="0 0 24 24" focusable="false" class="chakra-icon css-1g3sp7a" data-testid="btn-icon" aria-hidden="true" height="1em" width="1em" xmlns="http://www.w3.org/2000/svg"><path d="M19 13h-6v6h-2v-6H5v-2h6V5h2v6h6v2z"></path></svg><span class="css-idkz9h">Add Two Good, Plain Low Sugar Yogurt, 1g sugar, 9g Protein to cart</span></button></div></div></div></div></div></div><div class="css-0"><div class="css-f5i5wc"><div class="chakra-linkbox css-vhnn8v"><div data-testid="product-image" class="css-16dr4ly"><img alt="President's Choice Lactose Free Plain 2%  M.F. Yogurt 750 g, $0.40/100g" src="https://assets.shop.loblaws.ca/products/20796737/b3/en/front/20796737_front_a06_@2.png" srcset="https://assets.shop.loblaws.ca/products/20796737/b3/en/front/20796737_front_a06_@2.png 1x, https://assets.shop.loblaws.ca/products/20796737/b3/en/front/20796737_front_a06_@2.png 2x" loading="lazy" class="chakra-image css-oguq8l" aria-hidden="true"></div><div class="css-qoklea"><div class="css-12dchmx"></div><div data-testid="price-product-tile" class="css-8atqhb"><p class="chakra-text css-0"><span class="chakra-text css-pwnbcb" data-testid="regular-price"><span class="css-idkz9h">$2.99</span>$2.99</span></p></div><a href="/lactose-free-plain-2-m-f-yogurt/p/20796737_EA?source=nspt" class="chakra-linkbox__overlay css-1hnz6hu"><div class="css-0"><p class="chakra-text css-1ecdp9w" data-testid="product-brand">President's Choice</p><h3 class="chakra-heading css-6qrhwc" id="20796737_EA" data-testid="product-title">Lactose Free Plain 2%  M.F. Yogurt</h3><p class="chakra-text css-1yftjin" data-testid="product-package-size">750 g, $0.40/100g</p></div></a><div class="css-8keand"></div></div><div class="css-1q5omjq"><div class="css-fcebb8"><div data-testid="atc-compact" class="css-y94ivq" style="width: 45px;"><button type="button" class="chakra-button css-mudsm6" data-testid="atc-button"><svg stroke="currentColor" fill="currentColor" stroke-width="0" viewBox="0 0 24 24" focusable="false" class="chakra-icon css-1g3sp7a" data-testid="btn-icon" aria-hidden="true" height="1em" width="1em" xmlns="http://www.w3.org/2000/svg"><path d="M19 13h-6v6h-2v-6H5v-2h6V5h2v6h6v2z"></path></svg><span class="css-idkz9h">Add Lactose Free Plain 2%  M.F. Yogurt to cart</span></button></div></div></div></div></div></div><div class="css-0"><div class="css-f5i5wc"><div class="chakra-linkbox css-vhnn8v"><div data-testid="product-image" class="css-16dr4ly"><img alt="Oikos High Protein Greek Yogurt, Strawberry-Raspberry Flavour, Blended, Value Tub 650 g, $0.92/100g" src="https://assets.shop.loblaws.ca/products/21216464/b3/en/front/21216464_front_a06_@2.png" srcset="https://assets.shop.loblaws.ca/products/21216464/b3/en/front/21216464_front_a06_@2.png 1x, https://assets.shop.loblaws.ca/products/21216464/b3/en/front/21216464_front_a06_@2.png 2x" loading="lazy" class="chakra-image css-oguq8l" aria-hidden="true"></div><div class="css-qoklea"><div class="css-12dchmx"></div><div data-testid="price-product-tile" class="css-8atqhb"><p class="chakra-text css-0"><span class="chakra-text css-pwnbcb" data-testid="regular-price"><span class="css-idkz9h">$5.99</span>$5.99</span></p></div><a href="/high-protein-greek-yogurt-strawberry-raspberry-fla/p/21216464_EA?source=nspt" class="chakra-linkbox__overlay css-1hnz6hu"><div class="css-0"><p class="chakra-text css-1ecdp9w" data-testid="product-brand">Oikos</p><h3 class="chakra-heading css-6qrhwc" id="21216464_EA" data-testid="product-title">High Protein Greek Yogurt, Strawberry-Raspberry Flavour, Blended, Value Tub</h3><p class="chakra-text css-1yftjin" data-testid="product-package-size">650 g, $0.92/100g</p></div></a><div class="css-8keand"></div></div><div class="css-1q5omjq"><div class="css-fcebb8"><div data-testid="atc-compact" class="css-y94ivq" style="width: 45px;"><button type="button" class="chakra-button css-mudsm6" data-testid="atc-button"><svg stroke="currentColor" fill="currentColor" stroke-width="0" viewBox="0 0 24 24" focusable="false" class="chakra-icon css-1g3sp7a" data-testid="btn-icon" aria-hidden="true" height="1em" width="1em" xmlns="http://www.w3.org/2000/svg"><path d="M19 13h-6v6h-2v-6H5v-2h6V5h2v6h6v2z"></path></svg><span class="css-idkz9h">Add High Protein Greek Yogurt, Strawberry-Raspberry Flavour, Blended, Value Tub to cart</span></button></div></div></div></div></div></div><div class="css-0"><div class="css-f5i5wc"><div class="chakra-linkbox css-vhnn8v"><div data-testid="product-image" class="css-16dr4ly"><img alt="IOGO 0% Yogurt  Zero, Strawberry, Raspberry, Cherry, and Blueberry 16x100.0 g, $0.39/100g" src="https://assets.shop.loblaws.ca/products/20606778001/b3/en/front/20606778001_front_a06_@2.png" srcset="https://assets.shop.loblaws.ca/products/20606778001/b3/en/front/20606778001_front_a06_@2.png 1x, https://assets.shop.loblaws.ca/products/20606778001/b3/en/front/20606778001_front_a06_@2.png 2x" loading="lazy" class="chakra-image css-oguq8l" aria-hidden="true"></div><div class="css-qoklea"><div class="css-12dchmx"></div><div data-testid="price-product-tile" class="css-8atqhb"><p class="chakra-text css-0"><span class="chakra-text css-pwnbcb" data-testid="regular-price"><span class="css-idkz9h">$6.29</span>$6.29</span></p></div><a href="/0-yogurt-zero-strawberry-raspberry-cherry-and-blue/p/20606778001_EA?source=nspt" class="chakra-linkbox__overlay css-1hnz6hu"><div class="css-0"><p class="chakra-text css-1ecdp9w" data-testid="product-brand">IOGO</p><h3 class="chakra-heading css-6qrhwc" id="20606778001_EA" data-testid="product-title">0% Yogurt  Zero, Strawberry, Raspberry, Cherry, and Blueberry</h3><p class="chakra-text css-1yftjin" data-testid="product-package-size">16x100.0 g, $0.39/100g</p></div></a><div class="css-8keand"></div></div><div class="css-1q5omjq"><div class="css-fcebb8"><div data-testid="atc-compact" class="css-y94ivq" style="width: 45px;"><button type="button" class="chakra-button css-mudsm6" data-testid="atc-button"><svg stroke="currentColor" fill="currentColor" stroke-width="0" viewBox="0 0 24 24" focusable="false" class="chakra-icon css-1g3sp7a" data-testid="btn-icon" aria-hidden="true" height="1em" width="1em" xmlns="http://www.w3.org/2000/svg"><path d="M19 13h-6v6h-2v-6H5v-2h6V5h2v6h6v2z"></path></svg><span class="css-idkz9h">Add 0% Yogurt  Zero, Strawberry, Raspberry, Cherry, and Blueberry to cart</span></button></div></div></div></div></div></div><div class="css-0"><div class="css-f5i5wc"><div class="chakra-linkbox css-vhnn8v"><div data-testid="product-image" class="css-16dr4ly"><img alt="Yoplait Source 0% Smooth Traditional Yogurt Pack, Vanilla, High Protein, 400 g, $0.66/100g" src="https://assets.shop.loblaws.ca/products/21588150/b3/en/front/21588150_front_a06_@2.png" srcset="https://assets.shop.loblaws.ca/products/21588150/b3/en/front/21588150_front_a06_@2.png 1x, https://assets.shop.loblaws.ca/products/21588150/b3/en/front/21588150_front_a06_@2.png 2x" loading="lazy" class="chakra-image css-oguq8l" aria-hidden="true"></div><div class="css-qoklea"><div class="css-12dchmx"></div><div data-testid="price-product-tile" class="css-8atqhb"><p class="chakra-text css-0"><span class="chakra-text css-o93gbd" data-testid="sale-price"><span class="css-idkz9h">$2.65</span>$2.65</span><span class="chakra-text css-623q5h" data-testid="was-price"><span class="css-idkz9h">$3.99</span>$3.99</span></p><p class="chakra-text css-1m5a6y8" data-testid="price-descriptor">SAVE $1.34</p></div><a href="/source-0-smooth-traditional-yogurt-pack-vanilla-hi/p/21588150_EA?source=nspt" class="chakra-linkbox__overlay css-1hnz6hu"><div class="css-0"><p class="chakra-text css-1ecdp9w" data-testid="product-brand">Yoplait</p><h3 class="chakra-heading css-6qrhwc" id="21588150_EA" data-testid="product-title">Source 0% Smooth Traditional Yogurt Pack, Vanilla, High Protein,</h3><p class="chakra-text css-1yftjin" data-testid="product-package-size">400 g, $0.66/100g</p></div></a><div class="css-8keand"></div></div><div class="css-1q5omjq"><div class="css-fcebb8"><div data-testid="atc-compact" class="css-y94ivq" style="width: 45px;"><button type="button" class="chakra-button css-mudsm6" data-testid="atc-button"><svg stroke="currentColor" fill="currentColor" stroke-width="0" viewBox="0 0 24 24" focusable="false" class="chakra-icon css-1g3sp7a" data-testid="btn-icon" aria-hidden="true" height="1em" width="1em" xmlns="http://www.w3.org/2000/svg"><path d="M19 13h-6v6h-2v-6H5v-2h6V5h2v6h6v2z"></path></svg><span class="css-idkz9h">Add Source 0% Smooth Traditional Yogurt Pack, Vanilla, High Protein, to cart</span></button></div></div></div></div></div></div><div class="css-0"><div class="css-f5i5wc"><div class="chakra-linkbox css-vhnn8v"><div data-testid="product-image" class="css-16dr4ly"><img alt="President's Choice Plain Greek Yogurt Club Size 2% M.F. 1 kg, $0.68/100g" src="https://assets.shop.loblaws.ca/products/21520199/b3/en/front/21520199_front_a06_@2.png" srcset="https://assets.shop.loblaws.ca/products/21520199/b3/en/front/21520199_front_a06_@2.png 1x, https://assets.shop.loblaws.ca/products/21520199/b3/en/front/21520199_front_a06_@2.png 2x" loading="lazy" class="chakra-image css-oguq8l" aria-hidden="true"></div><div class="css-qoklea"><div class="css-12dchmx"></div><div data-testid="price-product-tile" class="css-8atqhb"><p class="chakra-text css-0"><span class="chakra-text css-pwnbcb" data-testid="regular-price"><span class="css-idkz9h">$6.79</span>$6.79</span></p></div><a href="/plain-greek-yogurt-club-size-2-m-f/p/21520199_EA?source=nspt" class="chakra-linkbox__overlay css-1hnz6hu"><div class="css-0"><p class="chakra-text css-1ecdp9w" data-testid="product-brand">President's Choice</p><h3 class="chakra-heading css-6qrhwc" id="21520199_EA" data-testid="product-title">Plain Greek Yogurt Club Size 2% M.F.</h3><p class="chakra-text css-1yftjin" data-testid="product-package-size">1 kg, $0.68/100g</p></div></a><div class="css-8keand"></div></div><div class="css-1q5omjq"><div class="css-fcebb8"><div data-testid="atc-compact" class="css-y94ivq" style="width: 45px;"><button disabled="" type="button" class="chakra-button css-mudsm6" data-testid="atc-button"><svg stroke="currentColor" fill="currentColor" stroke-width="0" viewBox="0 0 24 24" focusable="false" class="chakra-icon css-1g3sp7a" data-testid="btn-icon" aria-hidden="true" height="1em" width="1em" xmlns="http://www.w3.org/2000/svg"><path d="M19 13h-6v6h-2v-6H5v-2h6V5h2v6h6v2z"></path></svg><span class="css-idkz9h">Add Plain Greek Yogurt Club Size 2% M.F. to cart</span></button></div></div><div class="css-4saf4a"><p class="chakra-text css-py8788" data-testid="inventory-badge-text">Out of Stock</p></div></div></div></div></div><div class="css-0"><div class="css-f5i5wc"><div class="chakra-linkbox css-vhnn8v"><div data-testid="product-image" class="css-16dr4ly"><img alt="President's Choice Greek Yogurt Plain Flavour 2%  750 g, $0.67/100g" src="https://assets.shop.loblaws.ca/products/21518407/b3/en/front/21518407_front_a06_@2.png" srcset="https://assets.shop.loblaws.ca/products/21518407/b3/en/front/21518407_front_a06_@2.png 1x, https://assets.shop.loblaws.ca/products/21518407/b3/en/front/21518407_front_a06_@2.png 2x" loading="lazy" class="chakra-image css-oguq8l" aria-hidden="true"></div><div class="css-qoklea"><div class="css-12dchmx"></div><div data-testid="price-product-tile" class="css-8atqhb"><p class="chakra-text css-0"><span class="chakra-text css-pwnbcb" data-testid="regular-price"><span class="css-idkz9h">$5.00</span>$5.00</span></p></div><a href="/greek-yogurt-plain-flavour-2/p/21518407_EA?source=nspt" class="chakra-linkbox__overlay css-1hnz6hu"><div class="css-0"><p class="chakra-text css-1ecdp9w" data-testid="product-brand">President's Choice</p><h3 class="chakra-heading css-6qrhwc" id="21518407_EA" data-testid="product-title">Greek Yogurt Plain Flavour 2% </h3><p class="chakra-text css-1yftjin" data-testid="product-package-size">750 g, $0.67/100g</p></div></a><div class="css-8keand"></div></div><div class="css-1q5omjq"><div class="css-fcebb8"><div data-testid="atc-compact" class="css-y94ivq" style="width: 45px;"><button type="button" class="chakra-button css-mudsm6" data-testid="atc-button"><svg stroke="currentColor" fill="currentColor" stroke-width="0" viewBox="0 0 24 24" focusable="false" class="chakra-icon css-1g3sp7a" data-testid="btn-icon" aria-hidden="true" height="1em" width="1em" xmlns="http://www.w3.org/2000/svg"><path d="M19 13h-6v6h-2v-6H5v-2h6V5h2v6h6v2z"></path></svg><span class="css-idkz9h">Add Greek Yogurt Plain Flavour 2%  to cart</span></button></div></div></div></div></div></div></div><div data-testid="product-grid" class="css-epcqr3"><div class="css-0"><div class="css-f5i5wc"><div class="chakra-linkbox css-vhnn8v"><div data-testid="product-image" class="css-16dr4ly"><img alt="Yoplait Tubes Yogurt Mixed Berry Flavour 1% M.F. 448 g, $0.59/100g" src="https://assets.shop.loblaws.ca/products/21547587/b3/en/front/21547587_front_a06_@2.png" srcset="https://assets.shop.loblaws.ca/products/21547587/b3/en/front/21547587_front_a06_@2.png 1x, https://assets.shop.loblaws.ca/products/21547587/b3/en/front/21547587_front_a06_@2.png 2x" loading="lazy" class="chakra-image css-oguq8l" aria-hidden="true"></div><div class="css-qoklea"><div class="css-12dchmx"></div><div data-testid="price-product-tile" class="css-8atqhb"><p class="chakra-text css-0"><span class="chakra-text css-pwnbcb" data-testid="regular-price"><span class="css-idkz9h">$2.65</span>$2.65</span></p></div><a href="/tubes-yogurt-mixed-berry-flavour-1-m-f/p/21547587_EA?source=nspt" class="chakra-linkbox__overlay css-1hnz6hu"><div class="css-0"><p class="chakra-text css-1ecdp9w" data-testid="product-brand">Yoplait</p><h3 class="chakra-heading css-6qrhwc" id="21547587_EA" data-testid="product-title">Tubes Yogurt Mixed Berry Flavour 1% M.F.</h3><p class="chakra-text css-1yftjin" data-testid="product-package-size">448 g, $0.59/100g</p></div></a><div class="css-8keand"></div></div><div class="css-1q5omjq"><div class="css-fcebb8"><div data-testid="atc-compact" class="css-y94ivq" style="width: 45px;"><button type="button" class="chakra-button css-mudsm6" data-testid="atc-button"><svg stroke="currentColor" fill="currentColor" stroke-width="0" viewBox="0 0 24 24" focusable="false" class="chakra-icon css-1g3sp7a" data-testid="btn-icon" aria-hidden="true" height="1em" width="1em" xmlns="http://www.w3.org/2000/svg"><path d="M19 13h-6v6h-2v-6H5v-2h6V5h2v6h6v2z"></path></svg><span class="css-idkz9h">Add Tubes Yogurt Mixed Berry Flavour 1% M.F. to cart</span></button></div></div></div></div></div></div><div class="css-0"><div class="css-f5i5wc"><div class="chakra-linkbox css-vhnn8v"><div data-testid="product-image" class="css-16dr4ly"><img alt="Liberte Méditerranée 9% Yogurt, Coconut 500 g, $0.86/100g" src="https://assets.shop.loblaws.ca/products/20788062002/b3/en/front/20788062002_front_a06_@2.png" srcset="https://assets.shop.loblaws.ca/products/20788062002/b3/en/front/20788062002_front_a06_@2.png 1x, https://assets.shop.loblaws.ca/products/20788062002/b3/en/front/20788062002_front_a06_@2.png 2x" loading="lazy" class="chakra-image css-oguq8l" aria-hidden="true"></div><div class="css-qoklea"><div class="css-12dchmx"></div><div data-testid="price-product-tile" class="css-8atqhb"><p class="chakra-text css-0"><span class="chakra-text css-pwnbcb" data-testid="regular-price"><span class="css-idkz9h">$4.29</span>$4.29</span></p></div><a href="/m-diterran-e-9-yogurt-coconut/p/20788062002_EA?source=nspt" class="chakra-linkbox__overlay css-1hnz6hu"><div class="css-0"><p class="chakra-text css-1ecdp9w" data-testid="product-brand">Liberte</p><h3 class="chakra-heading css-6qrhwc" id="20788062002_EA" data-testid="product-title">Méditerranée 9% Yogurt, Coconut</h3><p class="chakra-text css-1yftjin" data-testid="product-package-size">500 g, $0.86/100g</p></div></a><div class="css-8keand"></div></div><div class="css-1q5omjq"><div class="css-fcebb8"><div data-testid="atc-compact" class="css-y94ivq" style="width: 45px;"><button type="button" class="chakra-button css-mudsm6" data-testid="atc-button"><svg stroke="currentColor" fill="currentColor" stroke-width="0" viewBox="0 0 24 24" focusable="false" class="chakra-icon css-1g3sp7a" data-testid="btn-icon" aria-hidden="true" height="1em" width="1em" xmlns="http://www.w3.org/2000/svg"><path d="M19 13h-6v6h-2v-6H5v-2h6V5h2v6h6v2z"></path></svg><span class="css-idkz9h">Add Méditerranée 9% Yogurt, Coconut to cart</span></button></div></div></div></div></div></div><div class="css-0"><div class="css-f5i5wc"><div class="chakra-linkbox css-vhnn8v"><div data-testid="product-image" class="css-16dr4ly"><img alt="Oikos Greek Yogurt, Strawberry Raspberry, Fruit On The Bottom, 2% M.F. 4x100.0 g, $0.97/100g" src="https://assets.shop.loblaws.ca/products/21430727/b3/en/front/21430727_front_a06_@2.png" srcset="https://assets.shop.loblaws.ca/products/21430727/b3/en/front/21430727_front_a06_@2.png 1x, https://assets.shop.loblaws.ca/products/21430727/b3/en/front/21430727_front_a06_@2.png 2x" loading="lazy" class="chakra-image css-oguq8l" aria-hidden="true"></div><div class="css-qoklea"><div class="css-12dchmx"></div><div data-testid="price-product-tile" class="css-8atqhb"><p class="chakra-text css-0"><span class="chakra-text css-pwnbcb" data-testid="regular-price"><span class="css-idkz9h">$3.89</span>$3.89</span></p></div><a href="/greek-yogurt-strawberry-raspberry-fruit-on-the-bot/p/21430727_EA?source=nspt" class="chakra-linkbox__overlay css-1hnz6hu"><div class="css-0"><p class="chakra-text css-1ecdp9w" data-testid="product-brand">Oikos</p><h3 class="chakra-heading css-6qrhwc" id="21430727_EA" data-testid="product-title">Greek Yogurt, Strawberry Raspberry, Fruit On The Bottom, 2% M.F.</h3><p class="chakra-text css-1yftjin" data-testid="product-package-size">4x100.0 g, $0.97/100g</p></div></a><div class="css-8keand"></div></div><div class="css-1q5omjq"><div class="css-fcebb8"><div data-testid="atc-compact" class="css-y94ivq" style="width: 45px;"><button type="button" class="chakra-button css-mudsm6" data-testid="atc-button"><svg stroke="currentColor" fill="currentColor" stroke-width="0" viewBox="0 0 24 24" focusable="false" class="chakra-icon css-1g3sp7a" data-testid="btn-icon" aria-hidden="true" height="1em" width="1em" xmlns="http://www.w3.org/2000/svg"><path d="M19 13h-6v6h-2v-6H5v-2h6V5h2v6h6v2z"></path></svg><span class="css-idkz9h">Add Greek Yogurt, Strawberry Raspberry, Fruit On The Bottom, 2% M.F. to cart</span></button></div></div></div></div></div></div><div class="css-0"><div class="css-f5i5wc"><div class="chakra-linkbox css-vhnn8v"><div data-testid="product-image" class="css-16dr4ly"><img alt="Oikos Greek Yogurt, Strawberry Flavour, Fruit On The Bottom, 2% M.F. 4x100.0 g, $0.97/100g" src="https://assets.shop.loblaws.ca/products/20419715001/b3/en/front/20419715001_front_a06_@2.png" srcset="https://assets.shop.loblaws.ca/products/20419715001/b3/en/front/20419715001_front_a06_@2.png 1x, https://assets.shop.loblaws.ca/products/20419715001/b3/en/front/20419715001_front_a06_@2.png 2x" loading="lazy" class="chakra-image css-oguq8l" aria-hidden="true"></div><div class="css-qoklea"><div class="css-12dchmx"></div><div data-testid="price-product-tile" class="css-8atqhb"><p class="chakra-text css-0"><span class="chakra-text css-pwnbcb" data-testid="regular-price"><span class="css-idkz9h">$3.89</span>$3.89</span></p></div><a href="/greek-yogurt-strawberry-flavour-fruit-on-the-botto/p/20419715001_EA?source=nspt" class="chakra-linkbox__overlay css-1hnz6hu"><div class="css-0"><p class="chakra-text css-1ecdp9w" data-testid="product-brand">Oikos</p><h3 class="chakra-heading css-6qrhwc" id="20419715001_EA" data-testid="product-title">Greek Yogurt, Strawberry Flavour, Fruit On The Bottom, 2% M.F.</h3><p class="chakra-text css-1yftjin" data-testid="product-package-size">4x100.0 g, $0.97/100g</p></div></a><div class="css-8keand"></div></div><div class="css-1q5omjq"><div class="css-fcebb8"><div data-testid="atc-compact" class="css-y94ivq" style="width: 45px;"><button type="button" class="chakra-button css-mudsm6" data-testid="atc-button"><svg stroke="currentColor" fill="currentColor" stroke-width="0" viewBox="0 0 24 24" focusable="false" class="chakra-icon css-1g3sp7a" data-testid="btn-icon" aria-hidden="true" height="1em" width="1em" xmlns="http://www.w3.org/2000/svg"><path d="M19 13h-6v6h-2v-6H5v-2h6V5h2v6h6v2z"></path></svg><span class="css-idkz9h">Add Greek Yogurt, Strawberry Flavour, Fruit On The Bottom, 2% M.F. to cart</span></button></div></div></div></div></div></div><div class="css-0"><div class="css-f5i5wc"><div class="chakra-linkbox css-vhnn8v"><div data-testid="product-image" class="css-16dr4ly"><img alt="Liberte Greek 5% Extra Creamy Yogurt, Strawberry Banana, High Protein 650 g, $0.91/100g" src="https://assets.shop.loblaws.ca/products/21353476/b3/en/front/21353476_front_a06_@2.png" srcset="https://assets.shop.loblaws.ca/products/21353476/b3/en/front/21353476_front_a06_@2.png 1x, https://assets.shop.loblaws.ca/products/21353476/b3/en/front/21353476_front_a06_@2.png 2x" loading="lazy" class="chakra-image css-oguq8l" aria-hidden="true"></div><div class="css-qoklea"><div class="css-12dchmx"></div><div data-testid="price-product-tile" class="css-8atqhb"><p class="chakra-text css-0"><span class="chakra-text css-o93gbd" data-testid="sale-price"><span class="css-idkz9h">$5.89</span>$5.89</span><span class="chakra-text css-623q5h" data-testid="was-price"><span class="css-idkz9h">$6.99</span>$6.99</span></p><p class="chakra-text css-1m5a6y8" data-testid="price-descriptor">SAVE $1.10</p></div><a href="/greek-5-extra-creamy-yogurt-strawberry-banana-high/p/21353476_EA?source=nspt" class="chakra-linkbox__overlay css-1hnz6hu"><div class="css-0"><p class="chakra-text css-1ecdp9w" data-testid="product-brand">Liberte</p><h3 class="chakra-heading css-6qrhwc" id="21353476_EA" data-testid="product-title">Greek 5% Extra Creamy Yogurt, Strawberry Banana, High Protein</h3><p class="chakra-text css-1yftjin" data-testid="product-package-size">650 g, $0.91/100g</p></div></a><div class="css-8keand"></div></div><div class="css-1q5omjq"><div class="css-fcebb8"><div data-testid="atc-compact" class="css-y94ivq" style="width: 45px;"><button disabled="" type="button" class="chakra-button css-mudsm6" data-testid="atc-button"><svg stroke="currentColor" fill="currentColor" stroke-width="0" viewBox="0 0 24 24" focusable="false" class="chakra-icon css-1g3sp7a" data-testid="btn-icon" aria-hidden="true" height="1em" width="1em" xmlns="http://www.w3.org/2000/svg"><path d="M19 13h-6v6h-2v-6H5v-2h6V5h2v6h6v2z"></path></svg><span class="css-idkz9h">Add Greek 5% Extra Creamy Yogurt, Strawberry Banana, High Protein to cart</span></button></div></div><div class="css-4saf4a"><p class="chakra-text css-py8788" data-testid="inventory-badge-text">Out of Stock</p></div></div></div></div></div><div class="css-0"><div class="css-f5i5wc"><div class="chakra-linkbox css-vhnn8v"><div data-testid="product-image" class="css-16dr4ly"><img alt="President's Choice Peach Mango 2% M.F. Greek Yogurt 4x100.0 g, $1.05/100g" src="https://assets.shop.loblaws.ca/products/21053734/b3/en/front/21053734_front_a06_@2.png" srcset="https://assets.shop.loblaws.ca/products/21053734/b3/en/front/21053734_front_a06_@2.png 1x, https://assets.shop.loblaws.ca/products/21053734/b3/en/front/21053734_front_a06_@2.png 2x" loading="lazy" class="chakra-image css-oguq8l" aria-hidden="true"></div><div class="css-qoklea"><div class="css-12dchmx"></div><div data-testid="price-product-tile" class="css-8atqhb"><p class="chakra-text css-0"><span class="chakra-text css-pwnbcb" data-testid="regular-price"><span class="css-idkz9h">$4.19</span>$4.19</span></p></div><a href="/peach-mango-2-m-f-greek-yogurt/p/21053734_EA?source=nspt" class="chakra-linkbox__overlay css-1hnz6hu"><div class="css-0"><p class="chakra-text css-1ecdp9w" data-testid="product-brand">President's Choice</p><h3 class="chakra-heading css-6qrhwc" id="21053734_EA" data-testid="product-title">Peach Mango 2% M.F. Greek Yogurt</h3><p class="chakra-text css-1yftjin" data-testid="product-package-size">4x100.0 g, $1.05/100g</p></div></a><div class="css-8keand"></div></div><div class="css-1q5omjq"><div class="css-fcebb8"><div data-testid="atc-compact" class="css-y94ivq" style="width: 45px;"><button type="button" class="chakra-button css-mudsm6" data-testid="atc-button"><svg stroke="currentColor" fill="currentColor" stroke-width="0" viewBox="0 0 24 24" focusable="false" class="chakra-icon css-1g3sp7a" data-testid="btn-icon" aria-hidden="true" height="1em" width="1em" xmlns="http://www.w3.org/2000/svg"><path d="M19 13h-6v6h-2v-6H5v-2h6V5h2v6h6v2z"></path></svg><span class="css-idkz9h">Add Peach Mango 2% M.F. Greek Yogurt to cart</span></button></div></div></div></div></div></div><div class="css-0"><div class="css-f5i5wc"><div class="chakra-linkbox css-vhnn8v"><div data-testid="product-image" class="css-16dr4ly"><img alt="PC Organics Organic 14% M.F. Sour Cream 500 g, $1.10/100g" src="https://assets.shop.loblaws.ca/products/21021374/b3/en/front/21021374_front_a06_@2.png" srcset="https://assets.shop.loblaws.ca/products/21021374/b3/en/front/21021374_front_a06_@2.png 1x, https://assets.shop.loblaws.ca/products/21021374/b3/en/front/21021374_front_a06_@2.png 2x" loading="lazy" class="chakra-image css-oguq8l" aria-hidden="true"></div><div class="css-qoklea"><div class="css-12dchmx"></div><div data-testid="price-product-tile" class="css-8atqhb"><p class="chakra-text css-0"><span class="chakra-text css-pwnbcb" data-testid="regular-price"><span class="css-idkz9h">$5.49</span>$5.49</span></p></div><a href="/organic-14-m-f-sour-cream/p/21021374_EA?source=nspt" class="chakra-linkbox__overlay css-1hnz6hu"><div class="css-0"><p class="chakra-text css-1ecdp9w" data-testid="product-brand">PC Organics</p><h3 class="chakra-heading css-6qrhwc" id="21021374_EA" data-testid="product-title">Organic 14% M.F. Sour Cream</h3><p class="chakra-text css-1yftjin" data-testid="product-package-size">500 g, $1.10/100g</p></div></a><div class="css-8keand"></div></div><div class="css-1q5omjq"><div class="css-fcebb8"><div data-testid="atc-compact" class="css-y94ivq" style="width: 45px;"><button type="button" class="chakra-button css-mudsm6" data-testid="atc-button"><svg stroke="currentColor" fill="currentColor" stroke-width="0" viewBox="0 0 24 24" focusable="false" class="chakra-icon css-1g3sp7a" data-testid="btn-icon" aria-hidden="true" height="1em" width="1em" xmlns="http://www.w3.org/2000/svg"><path d="M19 13h-6v6h-2v-6H5v-2h6V5h2v6h6v2z"></path></svg><span class="css-idkz9h">Add Organic 14% M.F. Sour Cream to cart</span></button></div></div></div></div></div></div><div class="css-0"><div class="css-f5i5wc"><div class="chakra-linkbox css-vhnn8v"><div data-testid="product-image" class="css-16dr4ly"><img alt="Oikos Greek Yogurt, Plain, No Added Sugar, 2% M.F., 4 Pack 4x100.0 g, $0.97/100g" src="https://assets.shop.loblaws.ca/products/20903842003/b3/en/front/20903842003_front_a06_@2.png" srcset="https://assets.shop.loblaws.ca/products/20903842003/b3/en/front/20903842003_front_a06_@2.png 1x, https://assets.shop.loblaws.ca/products/20903842003/b3/en/front/20903842003_front_a06_@2.png 2x" loading="lazy" class="chakra-image css-oguq8l" aria-hidden="true"></div><div class="css-qoklea"><div class="css-12dchmx"></div><div data-testid="price-product-tile" class="css-8atqhb"><p class="chakra-text css-0"><span class="chakra-text css-pwnbcb" data-testid="regular-price"><span class="css-idkz9h">$3.89</span>$3.89</span></p></div><a href="/greek-yogurt-plain-no-added-sugar-2-m-f-4-pack/p/20903842003_EA?source=nspt" class="chakra-linkbox__overlay css-1hnz6hu"><div class="css-0"><p class="chakra-text css-1ecdp9w" data-testid="product-brand">Oikos</p><h3 class="chakra-heading css-6qrhwc" id="20903842003_EA" data-testid="product-title">Greek Yogurt, Plain, No Added Sugar, 2% M.F., 4 Pack</h3><p class="chakra-text css-1yftjin" data-testid="product-package-size">4x100.0 g, $0.97/100g</p></div></a><div class="css-8keand"></div></div><div class="css-1q5omjq"><div class="css-fcebb8"><div data-testid="atc-compact" class="css-y94ivq" style="width: 45px;"><button type="button" class="chakra-button css-mudsm6" data-testid="atc-button"><svg stroke="currentColor" fill="currentColor" stroke-width="0" viewBox="0 0 24 24" focusable="false" class="chakra-icon css-1g3sp7a" data-testid="btn-icon" aria-hidden="true" height="1em" width="1em" xmlns="http://www.w3.org/2000/svg"><path d="M19 13h-6v6h-2v-6H5v-2h6V5h2v6h6v2z"></path></svg><span class="css-idkz9h">Add Greek Yogurt, Plain, No Added Sugar, 2% M.F., 4 Pack to cart</span></button></div></div></div></div></div></div><div class="css-0"><div class="css-f5i5wc"><div class="chakra-linkbox css-vhnn8v"><div data-testid="product-image" class="css-16dr4ly"><img alt="Activia Probiotic Yogurt, Blueberry/Vanilla 12x100.0 g, $0.46/100g" src="https://assets.shop.loblaws.ca/products/20303412004/b3/en/front/20303412004_front_a06_@2.png" srcset="https://assets.shop.loblaws.ca/products/20303412004/b3/en/front/20303412004_front_a06_@2.png 1x, https://assets.shop.loblaws.ca/products/20303412004/b3/en/front/20303412004_front_a06_@2.png 2x" loading="lazy" class="chakra-image css-oguq8l" aria-hidden="true"></div><div class="css-qoklea"><div class="css-12dchmx"></div><div data-testid="price-product-tile" class="css-8atqhb"><p class="chakra-text css-0"><span class="chakra-text css-pwnbcb" data-testid="regular-price"><span class="css-idkz9h">$5.50</span>$5.50</span></p></div><a href="/probiotic-yogurt-blueberry-vanilla/p/20303412004_EA?source=nspt" class="chakra-linkbox__overlay css-1hnz6hu"><div class="css-0"><p class="chakra-text css-1ecdp9w" data-testid="product-brand">Activia</p><h3 class="chakra-heading css-6qrhwc" id="20303412004_EA" data-testid="product-title">Probiotic Yogurt, Blueberry/Vanilla</h3><p class="chakra-text css-1yftjin" data-testid="product-package-size">12x100.0 g, $0.46/100g</p></div></a><div class="css-8keand"></div></div><div class="css-1q5omjq"><div class="css-fcebb8"><div data-testid="atc-compact" class="css-y94ivq" style="width: 45px;"><button type="button" class="chakra-button css-mudsm6" data-testid="atc-button"><svg stroke="currentColor" fill="currentColor" stroke-width="0" viewBox="0 0 24 24" focusable="false" class="chakra-icon css-1g3sp7a" data-testid="btn-icon" aria-hidden="true" height="1em" width="1em" xmlns="http://www.w3.org/2000/svg"><path d="M19 13h-6v6h-2v-6H5v-2h6V5h2v6h6v2z"></path></svg><span class="css-idkz9h">Add Probiotic Yogurt, Blueberry/Vanilla to cart</span></button></div></div></div></div></div></div><div class="css-0"><div class="css-f5i5wc"><div class="chakra-linkbox css-vhnn8v"><div data-testid="product-image" class="css-16dr4ly"><img alt="Activia Probiotic Yogurt, Raspberry/Apple/Blackberry/Strawberry Flavour, 12XG 12x100.0 g, $0.46/100g" src="https://assets.shop.loblaws.ca/products/20608924/b3/en/front/20608924_front_a06_@2.png" srcset="https://assets.shop.loblaws.ca/products/20608924/b3/en/front/20608924_front_a06_@2.png 1x, https://assets.shop.loblaws.ca/products/20608924/b3/en/front/20608924_front_a06_@2.png 2x" loading="lazy" class="chakra-image css-oguq8l" aria-hidden="true"></div><div class="css-qoklea"><div class="css-12dchmx"></div><div data-testid="price-product-tile" class="css-8atqhb"><p class="chakra-text css-0"><span class="chakra-text css-pwnbcb" data-testid="regular-price"><span class="css-idkz9h">$5.50</span>$5.50</span></p></div><a href="/probiotic-yogurt-raspberry-apple-blackberry-strawb/p/20608924_EA?source=nspt" class="chakra-linkbox__overlay css-1hnz6hu"><div class="css-0"><p class="chakra-text css-1ecdp9w" data-testid="product-brand">Activia</p><h3 class="chakra-heading css-6qrhwc" id="20608924_EA" data-testid="product-title">Probiotic Yogurt, Raspberry/Apple/Blackberry/Strawberry Flavour, 12XG</h3><p class="chakra-text css-1yftjin" data-testid="product-package-size">12x100.0 g, $0.46/100g</p></div></a><div class="css-8keand"></div></div><div class="css-1q5omjq"><div class="css-fcebb8"><div data-testid="atc-compact" class="css-y94ivq" style="width: 45px;"><button type="button" class="chakra-button css-mudsm6" data-testid="atc-button"><svg stroke="currentColor" fill="currentColor" stroke-width="0" viewBox="0 0 24 24" focusable="false" class="chakra-icon css-1g3sp7a" data-testid="btn-icon" aria-hidden="true" height="1em" width="1em" xmlns="http://www.w3.org/2000/svg"><path d="M19 13h-6v6h-2v-6H5v-2h6V5h2v6h6v2z"></path></svg><span class="css-idkz9h">Add Probiotic Yogurt, Raspberry/Apple/Blackberry/Strawberry Flavour, 12XG to cart</span></button></div></div></div></div></div></div><div class="css-0"><div class="css-f5i5wc"><div class="chakra-linkbox css-vhnn8v"><div data-testid="product-image" class="css-16dr4ly"><img alt="Activia Yogurt With Probiotics, Stawberry Raspberry Flavour 8x100.0 g, $0.47/100g" src="https://assets.shop.loblaws.ca/products/20324741002/b3/en/front/20324741002_front_a06_@2.png" srcset="https://assets.shop.loblaws.ca/products/20324741002/b3/en/front/20324741002_front_a06_@2.png 1x, https://assets.shop.loblaws.ca/products/20324741002/b3/en/front/20324741002_front_a06_@2.png 2x" loading="lazy" class="chakra-image css-oguq8l" aria-hidden="true"></div><div class="css-qoklea"><div class="css-12dchmx"></div><div data-testid="price-product-tile" class="css-8atqhb"><p class="chakra-text css-0"><span class="chakra-text css-o93gbd" data-testid="sale-price"><span class="css-idkz9h">$3.79</span>$3.79</span><span class="chakra-text css-623q5h" data-testid="was-price"><span class="css-idkz9h">$4.00</span>$4.00</span></p><p class="chakra-text css-1m5a6y8" data-testid="price-descriptor">SAVE $0.21</p></div><a href="/yogurt-with-probiotics-stawberry-raspberry-flavour/p/20324741002_EA?source=nspt" class="chakra-linkbox__overlay css-1hnz6hu"><div class="css-0"><p class="chakra-text css-1ecdp9w" data-testid="product-brand">Activia</p><h3 class="chakra-heading css-6qrhwc" id="20324741002_EA" data-testid="product-title">Yogurt With Probiotics, Stawberry Raspberry Flavour</h3><p class="chakra-text css-1yftjin" data-testid="product-package-size">8x100.0 g, $0.47/100g</p></div></a><div class="css-8keand"></div></div><div class="css-1q5omjq"><div class="css-fcebb8"><div data-testid="atc-compact" class="css-y94ivq" style="width: 45px;"><button type="button" class="chakra-button css-mudsm6" data-testid="atc-button"><svg stroke="currentColor" fill="currentColor" stroke-width="0" viewBox="0 0 24 24" focusable="false" class="chakra-icon css-1g3sp7a" data-testid="btn-icon" aria-hidden="true" height="1em" width="1em" xmlns="http://www.w3.org/2000/svg"><path d="M19 13h-6v6h-2v-6H5v-2h6V5h2v6h6v2z"></path></svg><span class="css-idkz9h">Add Yogurt With Probiotics, Stawberry Raspberry Flavour to cart</span></button></div></div></div></div></div></div><div class="css-0"><div class="css-f5i5wc"><div class="chakra-linkbox css-vhnn8v"><div data-testid="product-image" class="css-16dr4ly"><img alt="Yoplait Creamy 1% Smooth Traditional Yogurt Cups, Variety Pack with Real Fruit Puree 16x100.0 g, $0.47/100g" src="https://assets.shop.loblaws.ca/products/20120316002/b3/en/front/20120316002_front_a06_@2.png" srcset="https://assets.shop.loblaws.ca/products/20120316002/b3/en/front/20120316002_front_a06_@2.png 1x, https://assets.shop.loblaws.ca/products/20120316002/b3/en/front/20120316002_front_a06_@2.png 2x" loading="lazy" class="chakra-image css-oguq8l" aria-hidden="true"></div><div class="css-qoklea"><div class="css-12dchmx"></div><div data-testid="price-product-tile" class="css-8atqhb"><p class="chakra-text css-0"><span class="chakra-text css-pwnbcb" data-testid="regular-price"><span class="css-idkz9h">$7.49</span>$7.49</span></p></div><a href="/creamy-1-smooth-traditional-yogurt-cups-variety-pa/p/20120316002_EA?source=nspt" class="chakra-linkbox__overlay css-1hnz6hu"><div class="css-0"><p class="chakra-text css-1ecdp9w" data-testid="product-brand">Yoplait</p><h3 class="chakra-heading css-6qrhwc" id="20120316002_EA" data-testid="product-title">Creamy 1% Smooth Traditional Yogurt Cups, Variety Pack with Real Fruit Puree</h3><p class="chakra-text css-1yftjin" data-testid="product-package-size">16x100.0 g, $0.47/100g</p></div></a><div class="css-8keand"></div></div><div class="css-1q5omjq"><div class="css-fcebb8"><div data-testid="atc-compact" class="css-y94ivq" style="width: 45px;"><button type="button" class="chakra-button css-mudsm6" data-testid="atc-button"><svg stroke="currentColor" fill="currentColor" stroke-width="0" viewBox="0 0 24 24" focusable="false" class="chakra-icon css-1g3sp7a" data-testid="btn-icon" aria-hidden="true" height="1em" width="1em" xmlns="http://www.w3.org/2000/svg"><path d="M19 13h-6v6h-2v-6H5v-2h6V5h2v6h6v2z"></path></svg><span class="css-idkz9h">Add Creamy 1% Smooth Traditional Yogurt Cups, Variety Pack with Real Fruit Puree to cart</span></button></div></div></div></div></div></div><div class="css-0"><div class="css-f5i5wc"><div class="chakra-linkbox css-vhnn8v"><div data-testid="product-image" class="css-16dr4ly"><img alt="Silk Protein Plant-Based Yogurt, Key Lime Flavoured 500 g, $1.20/100g" src="https://assets.shop.loblaws.ca/products/21588714/b3/en/front/21588714_front_a06_@2.png" srcset="https://assets.shop.loblaws.ca/products/21588714/b3/en/front/21588714_front_a06_@2.png 1x, https://assets.shop.loblaws.ca/products/21588714/b3/en/front/21588714_front_a06_@2.png 2x" loading="lazy" class="chakra-image css-oguq8l" aria-hidden="true"></div><div class="css-qoklea"><div class="css-12dchmx"></div><div data-testid="price-product-tile" class="css-8atqhb"><p class="chakra-text css-0"><span class="chakra-text css-pwnbcb" data-testid="regular-price"><span class="css-idkz9h">$5.99</span>$5.99</span></p></div><a href="/protein-plant-based-yogurt-key-lime-flavoured/p/21588714_EA?source=nspt" class="chakra-linkbox__overlay css-1hnz6hu"><div class="css-0"><p class="chakra-text css-1ecdp9w" data-testid="product-brand">Silk</p><h3 class="chakra-heading css-6qrhwc" id="21588714_EA" data-testid="product-title">Protein Plant-Based Yogurt, Key Lime Flavoured</h3><p class="chakra-text css-1yftjin" data-testid="product-package-size">500 g, $1.20/100g</p></div></a><div class="css-8keand"></div></div><div class="css-1q5omjq"><div class="css-fcebb8"><div data-testid="atc-compact" class="css-y94ivq" style="width: 45px;"><button type="button" class="chakra-button css-mudsm6" data-testid="atc-button"><svg stroke="currentColor" fill="currentColor" stroke-width="0" viewBox="0 0 24 24" focusable="false" class="chakra-icon css-1g3sp7a" data-testid="btn-icon" aria-hidden="true" height="1em" width="1em" xmlns="http://www.w3.org/2000/svg"><path d="M19 13h-6v6h-2v-6H5v-2h6V5h2v6h6v2z"></path></svg><span class="css-idkz9h">Add Protein Plant-Based Yogurt, Key Lime Flavoured to cart</span></button></div></div></div></div></div></div><div class="css-0"><div class="css-f5i5wc"><div class="chakra-linkbox css-vhnn8v"><div data-testid="product-image" class="css-16dr4ly"><img alt="Liberte Greek Yogourt Peach Passion Fruit 2 % M.F. 650 g, $0.91/100g" src="https://assets.shop.loblaws.ca/products/21588248/b3/en/front/21588248_front_a06_@2.png" srcset="https://assets.shop.loblaws.ca/products/21588248/b3/en/front/21588248_front_a06_@2.png 1x, https://assets.shop.loblaws.ca/products/21588248/b3/en/front/21588248_front_a06_@2.png 2x" loading="lazy" class="chakra-image css-oguq8l" aria-hidden="true"></div><div class="css-qoklea"><div class="css-12dchmx"></div><div data-testid="price-product-tile" class="css-8atqhb"><p class="chakra-text css-0"><span class="chakra-text css-o93gbd" data-testid="sale-price"><span class="css-idkz9h">$5.89</span>$5.89</span><span class="chakra-text css-623q5h" data-testid="was-price"><span class="css-idkz9h">$6.99</span>$6.99</span></p><p class="chakra-text css-1m5a6y8" data-testid="price-descriptor">SAVE $1.10</p></div><a href="/greek-yogourt-peach-passion-fruit-2-m-f/p/21588248_EA?source=nspt" class="chakra-linkbox__overlay css-1hnz6hu"><div class="css-0"><p class="chakra-text css-1ecdp9w" data-testid="product-brand">Liberte</p><h3 class="chakra-heading css-6qrhwc" id="21588248_EA" data-testid="product-title">Greek Yogourt Peach Passion Fruit 2 % M.F.</h3><p class="chakra-text css-1yftjin" data-testid="product-package-size">650 g, $0.91/100g</p></div></a><div class="css-8keand"></div></div><div class="css-1q5omjq"><div class="css-fcebb8"><div data-testid="atc-compact" class="css-y94ivq" style="width: 45px;"><button type="button" class="chakra-button css-mudsm6" data-testid="atc-button"><svg stroke="currentColor" fill="currentColor" stroke-width="0" viewBox="0 0 24 24" focusable="false" class="chakra-icon css-1g3sp7a" data-testid="btn-icon" aria-hidden="true" height="1em" width="1em" xmlns="http://www.w3.org/2000/svg"><path d="M19 13h-6v6h-2v-6H5v-2h6V5h2v6h6v2z"></path></svg><span class="css-idkz9h">Add Greek Yogourt Peach Passion Fruit 2 % M.F. to cart</span></button></div></div></div></div></div></div><div class="css-0"><div class="css-f5i5wc"><div class="chakra-linkbox css-vhnn8v"><div data-testid="product-image" class="css-16dr4ly"><img alt="Oikos Greek Yogurt, Strawberry-Banana Flavour, Blended, 2% M.F. 4x100.0 g, $0.97/100g" src="https://assets.shop.loblaws.ca/products/21194518/b3/en/front/21194518_front_a06_@2.png" srcset="https://assets.shop.loblaws.ca/products/21194518/b3/en/front/21194518_front_a06_@2.png 1x, https://assets.shop.loblaws.ca/products/21194518/b3/en/front/21194518_front_a06_@2.png 2x" loading="lazy" class="chakra-image css-oguq8l" aria-hidden="true"></div><div class="css-qoklea"><div class="css-12dchmx"></div><div data-testid="price-product-tile" class="css-8atqhb"><p class="chakra-text css-0"><span class="chakra-text css-pwnbcb" data-testid="regular-price"><span class="css-idkz9h">$3.89</span>$3.89</span></p></div><a href="/greek-yogurt-strawberry-banana-flavour-blended-2-m/p/21194518_EA?source=nspt" class="chakra-linkbox__overlay css-1hnz6hu"><div class="css-0"><p class="chakra-text css-1ecdp9w" data-testid="product-brand">Oikos</p><h3 class="chakra-heading css-6qrhwc" id="21194518_EA" data-testid="product-title">Greek Yogurt, Strawberry-Banana Flavour, Blended, 2% M.F.</h3><p class="chakra-text css-1yftjin" data-testid="product-package-size">4x100.0 g, $0.97/100g</p></div></a><div class="css-8keand"></div></div><div class="css-1q5omjq"><div class="css-fcebb8"><div data-testid="atc-compact" class="css-y94ivq" style="width: 45px;"><button type="button" class="chakra-button css-mudsm6" data-testid="atc-button"><svg stroke="currentColor" fill="currentColor" stroke-width="0" viewBox="0 0 24 24" focusable="false" class="chakra-icon css-1g3sp7a" data-testid="btn-icon" aria-hidden="true" height="1em" width="1em" xmlns="http://www.w3.org/2000/svg"><path d="M19 13h-6v6h-2v-6H5v-2h6V5h2v6h6v2z"></path></svg><span class="css-idkz9h">Add Greek Yogurt, Strawberry-Banana Flavour, Blended, 2% M.F. to cart</span></button></div></div></div></div></div></div><div class="css-0"><div class="css-f5i5wc"><div class="chakra-linkbox css-vhnn8v"><div data-testid="product-image" class="css-16dr4ly"><img alt="Yoplait Source 0% Smooth Traditional Yogurt Cups Variety Pack, No Added Sugar 16x100.0 g, $0.47/100g" src="https://assets.shop.loblaws.ca/products/20317317001/b3/en/front/20317317001_front_a06_@2.png" srcset="https://assets.shop.loblaws.ca/products/20317317001/b3/en/front/20317317001_front_a06_@2.png 1x, https://assets.shop.loblaws.ca/products/20317317001/b3/en/front/20317317001_front_a06_@2.png 2x" loading="lazy" class="chakra-image css-oguq8l" aria-hidden="true"></div><div class="css-qoklea"><div class="css-12dchmx"></div><div data-testid="price-product-tile" class="css-8atqhb"><p class="chakra-text css-0"><span class="chakra-text css-pwnbcb" data-testid="regular-price"><span class="css-idkz9h">$7.49</span>$7.49</span></p></div><a href="/source-0-smooth-traditional-yogurt-cups-variety-pa/p/20317317001_EA?source=nspt" class="chakra-linkbox__overlay css-1hnz6hu"><div class="css-0"><p class="chakra-text css-1ecdp9w" data-testid="product-brand">Yoplait</p><h3 class="chakra-heading css-6qrhwc" id="20317317001_EA" data-testid="product-title">Source 0% Smooth Traditional Yogurt Cups Variety Pack, No Added Sugar</h3><p class="chakra-text css-1yftjin" data-testid="product-package-size">16x100.0 g, $0.47/100g</p></div></a><div class="css-8keand"></div></div><div class="css-1q5omjq"><div class="css-fcebb8"><div data-testid="atc-compact" class="css-y94ivq" style="width: 45px;"><button type="button" class="chakra-button css-mudsm6" data-testid="atc-button"><svg stroke="currentColor" fill="currentColor" stroke-width="0" viewBox="0 0 24 24" focusable="false" class="chakra-icon css-1g3sp7a" data-testid="btn-icon" aria-hidden="true" height="1em" width="1em" xmlns="http://www.w3.org/2000/svg"><path d="M19 13h-6v6h-2v-6H5v-2h6V5h2v6h6v2z"></path></svg><span class="css-idkz9h">Add Source 0% Smooth Traditional Yogurt Cups Variety Pack, No Added Sugar to cart</span></button></div></div></div></div></div></div><div class="css-0"><div class="css-f5i5wc"><div class="chakra-linkbox css-vhnn8v"><div data-testid="product-image" class="css-16dr4ly"><img alt="Oikos Drinkable Greek Yogurt With Banana, Oats, &amp; Seeds, 9G Protein 190 ml, $0.79/100ml" src="https://assets.shop.loblaws.ca/products/21401296/b3/en/front/21401296_front_a06_@2.png" srcset="https://assets.shop.loblaws.ca/products/21401296/b3/en/front/21401296_front_a06_@2.png 1x, https://assets.shop.loblaws.ca/products/21401296/b3/en/front/21401296_front_a06_@2.png 2x" loading="lazy" class="chakra-image css-oguq8l" aria-hidden="true"></div><div class="css-qoklea"><div class="css-12dchmx"></div><div data-testid="price-product-tile" class="css-8atqhb"><p class="chakra-text css-0"><span class="chakra-text css-pwnbcb" data-testid="regular-price"><span class="css-idkz9h">$1.50</span>$1.50</span></p></div><a href="/drinkable-greek-yogurt-with-banana-oats-seeds-9g-p/p/21401296_EA?source=nspt" class="chakra-linkbox__overlay css-1hnz6hu"><div class="css-0"><p class="chakra-text css-1ecdp9w" data-testid="product-brand">Oikos</p><h3 class="chakra-heading css-6qrhwc" id="21401296_EA" data-testid="product-title">Drinkable Greek Yogurt With Banana, Oats, &amp; Seeds, 9G Protein</h3><p class="chakra-text css-1yftjin" data-testid="product-package-size">190 ml, $0.79/100ml</p></div></a><div class="css-8keand"></div></div><div class="css-1q5omjq"><div class="css-fcebb8"><div data-testid="atc-compact" class="css-y94ivq" style="width: 45px;"><button type="button" class="chakra-button css-mudsm6" data-testid="atc-button"><svg stroke="currentColor" fill="currentColor" stroke-width="0" viewBox="0 0 24 24" focusable="false" class="chakra-icon css-1g3sp7a" data-testid="btn-icon" aria-hidden="true" height="1em" width="1em" xmlns="http://www.w3.org/2000/svg"><path d="M19 13h-6v6h-2v-6H5v-2h6V5h2v6h6v2z"></path></svg><span class="css-idkz9h">Add Drinkable Greek Yogurt With Banana, Oats, &amp; Seeds, 9G Protein to cart</span></button></div></div></div></div></div></div><div class="css-0"><div class="css-f5i5wc"><div class="chakra-linkbox css-vhnn8v"><div data-testid="product-image" class="css-16dr4ly"><img alt="Activia Yogurt With Probiotics, Peach Flavour Tub 650 g, $0.71/100g" src="https://assets.shop.loblaws.ca/products/21107643/b3/en/front/21107643_front_a06_@2.png" srcset="https://assets.shop.loblaws.ca/products/21107643/b3/en/front/21107643_front_a06_@2.png 1x, https://assets.shop.loblaws.ca/products/21107643/b3/en/front/21107643_front_a06_@2.png 2x" loading="lazy" class="chakra-image css-oguq8l" aria-hidden="true"></div><div class="css-qoklea"><div class="css-12dchmx"></div><div data-testid="price-product-tile" class="css-8atqhb"><p class="chakra-text css-0"><span class="chakra-text css-pwnbcb" data-testid="regular-price"><span class="css-idkz9h">$4.59</span>$4.59</span></p></div><a href="/yogurt-with-probiotics-peach-flavour-tub/p/21107643_EA?source=nspt" class="chakra-linkbox__overlay css-1hnz6hu"><div class="css-0"><p class="chakra-text css-1ecdp9w" data-testid="product-brand">Activia</p><h3 class="chakra-heading css-6qrhwc" id="21107643_EA" data-testid="product-title">Yogurt With Probiotics, Peach Flavour Tub</h3><p class="chakra-text css-1yftjin" data-testid="product-package-size">650 g, $0.71/100g</p></div></a><div class="css-8keand"></div></div><div class="css-1q5omjq"><div class="css-fcebb8"><div data-testid="atc-compact" class="css-y94ivq" style="width: 45px;"><button type="button" class="chakra-button css-mudsm6" data-testid="atc-button"><svg stroke="currentColor" fill="currentColor" stroke-width="0" viewBox="0 0 24 24" focusable="false" class="chakra-icon css-1g3sp7a" data-testid="btn-icon" aria-hidden="true" height="1em" width="1em" xmlns="http://www.w3.org/2000/svg"><path d="M19 13h-6v6h-2v-6H5v-2h6V5h2v6h6v2z"></path></svg><span class="css-idkz9h">Add Yogurt With Probiotics, Peach Flavour Tub to cart</span></button></div></div></div></div></div></div><div class="css-0"><div class="css-f5i5wc"><div class="chakra-linkbox css-vhnn8v"><div data-testid="product-image" class="css-16dr4ly"><img alt="Oikos Fat Free Greek Yogurt, Coconut Flavour, Blended, 0% M.F. 4x100.0 g, $0.97/100g" src="https://assets.shop.loblaws.ca/products/20642276002/b3/en/front/20642276002_front_a06_@2.png" srcset="https://assets.shop.loblaws.ca/products/20642276002/b3/en/front/20642276002_front_a06_@2.png 1x, https://assets.shop.loblaws.ca/products/20642276002/b3/en/front/20642276002_front_a06_@2.png 2x" loading="lazy" class="chakra-image css-oguq8l" aria-hidden="true"></div><div class="css-qoklea"><div class="css-12dchmx"></div><div data-testid="price-product-tile" class="css-8atqhb"><p class="chakra-text css-0"><span class="chakra-text css-pwnbcb" data-testid="regular-price"><span class="css-idkz9h">$3.89</span>$3.89</span></p></div><a href="/fat-free-greek-yogurt-coconut-flavour-blended-0-m/p/20642276002_EA?source=nspt" class="chakra-linkbox__overlay css-1hnz6hu"><div class="css-0"><p class="chakra-text css-1ecdp9w" data-testid="product-brand">Oikos</p><h3 class="chakra-heading css-6qrhwc" id="20642276002_EA" data-testid="product-title">Fat Free Greek Yogurt, Coconut Flavour, Blended, 0% M.F.</h3><p class="chakra-text css-1yftjin" data-testid="product-package-size">4x100.0 g, $0.97/100g</p></div></a><div class="css-8keand"></div></div><div class="css-1q5omjq"><div class="css-fcebb8"><div data-testid="atc-compact" class="css-y94ivq" style="width: 45px;"><button type="button" class="chakra-button css-mudsm6" data-testid="atc-button"><svg stroke="currentColor" fill="currentColor" stroke-width="0" viewBox="0 0 24 24" focusable="false" class="chakra-icon css-1g3sp7a" data-testid="btn-icon" aria-hidden="true" height="1em" width="1em" xmlns="http://www.w3.org/2000/svg"><path d="M19 13h-6v6h-2v-6H5v-2h6V5h2v6h6v2z"></path></svg><span class="css-idkz9h">Add Fat Free Greek Yogurt, Coconut Flavour, Blended, 0% M.F. to cart</span></button></div></div></div></div></div></div><div class="css-0"><div class="css-f5i5wc"><div class="chakra-linkbox css-vhnn8v"><div data-testid="product-image" class="css-16dr4ly"><img alt="Modhani Dahi Authentic 3.2 % Mf 2 kg, $0.35/100g" src="https://assets.shop.loblaws.ca/products/21418657/b3/en/front/21418657_front_a06_@2.png" srcset="https://assets.shop.loblaws.ca/products/21418657/b3/en/front/21418657_front_a06_@2.png 1x, https://assets.shop.loblaws.ca/products/21418657/b3/en/front/21418657_front_a06_@2.png 2x" loading="lazy" class="chakra-image css-oguq8l" aria-hidden="true"></div><div class="css-qoklea"><div class="css-12dchmx"></div><div data-testid="price-product-tile" class="css-8atqhb"><p class="chakra-text css-0"><span class="chakra-text css-pwnbcb" data-testid="regular-price"><span class="css-idkz9h">$6.99</span>$6.99</span></p></div><a href="/dahi-authentic-3-2-mf/p/21418657_EA?source=nspt" class="chakra-linkbox__overlay css-1hnz6hu"><div class="css-0"><p class="chakra-text css-1ecdp9w" data-testid="product-brand">Modhani</p><h3 class="chakra-heading css-6qrhwc" id="21418657_EA" data-testid="product-title">Dahi Authentic 3.2 % Mf</h3><p class="chakra-text css-1yftjin" data-testid="product-package-size">2 kg, $0.35/100g</p></div></a><div class="css-8keand"></div></div><div class="css-1q5omjq"><div class="css-fcebb8"><div data-testid="atc-compact" class="css-y94ivq" style="width: 45px;"><button type="button" class="chakra-button css-mudsm6" data-testid="atc-button"><svg stroke="currentColor" fill="currentColor" stroke-width="0" viewBox="0 0 24 24" focusable="false" class="chakra-icon css-1g3sp7a" data-testid="btn-icon" aria-hidden="true" height="1em" width="1em" xmlns="http://www.w3.org/2000/svg"><path d="M19 13h-6v6h-2v-6H5v-2h6V5h2v6h6v2z"></path></svg><span class="css-idkz9h">Add Dahi Authentic 3.2 % Mf to cart</span></button></div></div></div></div></div></div><div class="css-0"><div class="css-f5i5wc"><div class="chakra-linkbox css-vhnn8v"><div data-testid="product-image" class="css-16dr4ly"><img alt="Modhani Plain Yogurt 2 kg, $0.35/100g" src="https://assets.shop.loblaws.ca/products/21418650/b3/en/front/21418650_front_a06_@2.png" srcset="https://assets.shop.loblaws.ca/products/21418650/b3/en/front/21418650_front_a06_@2.png 1x, https://assets.shop.loblaws.ca/products/21418650/b3/en/front/21418650_front_a06_@2.png 2x" loading="lazy" class="chakra-image css-oguq8l" aria-hidden="true"></div><div class="css-qoklea"><div class="css-12dchmx"></div><div data-testid="price-product-tile" class="css-8atqhb"><p class="chakra-text css-0"><span class="chakra-text css-pwnbcb" data-testid="regular-price"><span class="css-idkz9h">$6.99</span>$6.99</span></p></div><a href="/plain-yogurt/p/21418650_EA?source=nspt" class="chakra-linkbox__overlay css-1hnz6hu"><div class="css-0"><p class="chakra-text css-1ecdp9w" data-testid="product-brand">Modhani</p><h3 class="chakra-heading css-6qrhwc" id="21418650_EA" data-testid="product-title">Plain Yogurt</h3><p class="chakra-text css-1yftjin" data-testid="product-package-size">2 kg, $0.35/100g</p></div></a><div class="css-8keand"></div></div><div class="css-1q5omjq"><div class="css-fcebb8"><div data-testid="atc-compact" class="css-y94ivq" style="width: 45px;"><button disabled="" type="button" class="chakra-button css-mudsm6" data-testid="atc-button"><svg stroke="currentColor" fill="currentColor" stroke-width="0" viewBox="0 0 24 24" focusable="false" class="chakra-icon css-1g3sp7a" data-testid="btn-icon" aria-hidden="true" height="1em" width="1em" xmlns="http://www.w3.org/2000/svg"><path d="M19 13h-6v6h-2v-6H5v-2h6V5h2v6h6v2z"></path></svg><span class="css-idkz9h">Add Plain Yogurt to cart</span></button></div></div><div class="css-4saf4a"><p class="chakra-text css-py8788" data-testid="inventory-badge-text">Out of Stock</p></div></div></div></div></div><div class="css-0"><div class="css-f5i5wc"><div class="chakra-linkbox css-vhnn8v"><div data-testid="product-image" class="css-16dr4ly"><img alt="Modhani Authentic 2 % Mf Dahi 750 g, $0.40/100g" src="https://assets.shop.loblaws.ca/products/21418666/b3/en/front/21418666_front_a06_@2.png" srcset="https://assets.shop.loblaws.ca/products/21418666/b3/en/front/21418666_front_a06_@2.png 1x, https://assets.shop.loblaws.ca/products/21418666/b3/en/front/21418666_front_a06_@2.png 2x" loading="lazy" class="chakra-image css-oguq8l" aria-hidden="true"></div><div class="css-qoklea"><div class="css-12dchmx"></div><div data-testid="price-product-tile" class="css-8atqhb"><p class="chakra-text css-0"><span class="chakra-text css-pwnbcb" data-testid="regular-price"><span class="css-idkz9h">$2.99</span>$2.99</span></p></div><a href="/authentic-2-mf-dahi/p/21418666_EA?source=nspt" class="chakra-linkbox__overlay css-1hnz6hu"><div class="css-0"><p class="chakra-text css-1ecdp9w" data-testid="product-brand">Modhani</p><h3 class="chakra-heading css-6qrhwc" id="21418666_EA" data-testid="product-title">Authentic 2 % Mf Dahi</h3><p class="chakra-text css-1yftjin" data-testid="product-package-size">750 g, $0.40/100g</p></div></a><div class="css-8keand"></div></div><div class="css-1q5omjq"><div class="css-fcebb8"><div data-testid="atc-compact" class="css-y94ivq" style="width: 45px;"><button type="button" class="chakra-button css-mudsm6" data-testid="atc-button"><svg stroke="currentColor" fill="currentColor" stroke-width="0" viewBox="0 0 24 24" focusable="false" class="chakra-icon css-1g3sp7a" data-testid="btn-icon" aria-hidden="true" height="1em" width="1em" xmlns="http://www.w3.org/2000/svg"><path d="M19 13h-6v6h-2v-6H5v-2h6V5h2v6h6v2z"></path></svg><span class="css-idkz9h">Add Authentic 2 % Mf Dahi to cart</span></button></div></div></div></div></div></div><div class="css-0"><div class="css-f5i5wc"><div class="chakra-linkbox css-vhnn8v"><div data-testid="product-image" class="css-16dr4ly"><img alt="Hans Lassi Yogurt Smoothie, Salty &amp; Spiced 1 l, $0.30/100ml" src="https://assets.shop.loblaws.ca/products/20436040/b3/en/front/20436040_front_a06_@2.png" srcset="https://assets.shop.loblaws.ca/products/20436040/b3/en/front/20436040_front_a06_@2.png 1x, https://assets.shop.loblaws.ca/products/20436040/b3/en/front/20436040_front_a06_@2.png 2x" loading="lazy" class="chakra-image css-oguq8l" aria-hidden="true"></div><div class="css-qoklea"><div class="css-12dchmx"></div><div data-testid="price-product-tile" class="css-8atqhb"><p class="chakra-text css-0"><span class="chakra-text css-pwnbcb" data-testid="regular-price"><span class="css-idkz9h">$2.99</span>$2.99</span></p></div><a href="/lassi-yogurt-smoothie-salty-spiced/p/20436040_EA?source=nspt" class="chakra-linkbox__overlay css-1hnz6hu"><div class="css-0"><p class="chakra-text css-1ecdp9w" data-testid="product-brand">Hans</p><h3 class="chakra-heading css-6qrhwc" id="20436040_EA" data-testid="product-title">Lassi Yogurt Smoothie, Salty &amp; Spiced</h3><p class="chakra-text css-1yftjin" data-testid="product-package-size">1 l, $0.30/100ml</p></div></a><div class="css-8keand"></div></div><div class="css-1q5omjq"><div class="css-fcebb8"><div data-testid="atc-compact" class="css-y94ivq" style="width: 45px;"><button type="button" class="chakra-button css-mudsm6" data-testid="atc-button"><svg stroke="currentColor" fill="currentColor" stroke-width="0" viewBox="0 0 24 24" focusable="false" class="chakra-icon css-1g3sp7a" data-testid="btn-icon" aria-hidden="true" height="1em" width="1em" xmlns="http://www.w3.org/2000/svg"><path d="M19 13h-6v6h-2v-6H5v-2h6V5h2v6h6v2z"></path></svg><span class="css-idkz9h">Add Lassi Yogurt Smoothie, Salty &amp; Spiced to cart</span></button></div></div></div></div></div></div><div class="css-0"><div class="css-f5i5wc"><div class="chakra-linkbox css-vhnn8v"><div data-testid="product-image" class="css-16dr4ly"><img alt="Sufra Halal 0% Plain Probiotic Yogurt 750 g, $0.33/100g" src="https://assets.shop.loblaws.ca/products/21246560/b3/en/front/21246560_front_a06_@2.png" srcset="https://assets.shop.loblaws.ca/products/21246560/b3/en/front/21246560_front_a06_@2.png 1x, https://assets.shop.loblaws.ca/products/21246560/b3/en/front/21246560_front_a06_@2.png 2x" loading="lazy" class="chakra-image css-oguq8l" aria-hidden="true"></div><div class="css-qoklea"><div class="css-12dchmx"></div><div data-testid="price-product-tile" class="css-8atqhb"><p class="chakra-text css-0"><span class="chakra-text css-pwnbcb" data-testid="regular-price"><span class="css-idkz9h">$2.49</span>$2.49</span></p></div><a href="/halal-0-plain-probiotic-yogurt/p/21246560_EA?source=nspt" class="chakra-linkbox__overlay css-1hnz6hu"><div class="css-0"><p class="chakra-text css-1ecdp9w" data-testid="product-brand">Sufra</p><h3 class="chakra-heading css-6qrhwc" id="21246560_EA" data-testid="product-title">Halal 0% Plain Probiotic Yogurt</h3><p class="chakra-text css-1yftjin" data-testid="product-package-size">750 g, $0.33/100g</p></div></a><div class="css-8keand"></div></div><div class="css-1q5omjq"><div class="css-fcebb8"><div data-testid="atc-compact" class="css-y94ivq" style="width: 45px;"><button type="button" class="chakra-button css-mudsm6" data-testid="atc-button"><svg stroke="currentColor" fill="currentColor" stroke-width="0" viewBox="0 0 24 24" focusable="false" class="chakra-icon css-1g3sp7a" data-testid="btn-icon" aria-hidden="true" height="1em" width="1em" xmlns="http://www.w3.org/2000/svg"><path d="M19 13h-6v6h-2v-6H5v-2h6V5h2v6h6v2z"></path></svg><span class="css-idkz9h">Add Halal 0% Plain Probiotic Yogurt to cart</span></button></div></div></div></div></div></div><div class="css-0"><div class="css-f5i5wc"><div class="chakra-linkbox css-vhnn8v"><div data-testid="product-image" class="css-16dr4ly"><img alt="IOGO Creamy Lactose Free Yogurt, Vanilla 1.5% 2 kg, $0.52/100g" src="https://assets.shop.loblaws.ca/products/21433581/b3/en/front/21433581_front_a06_@2.png" srcset="https://assets.shop.loblaws.ca/products/21433581/b3/en/front/21433581_front_a06_@2.png 1x, https://assets.shop.loblaws.ca/products/21433581/b3/en/front/21433581_front_a06_@2.png 2x" loading="lazy" class="chakra-image css-oguq8l" aria-hidden="true"></div><div class="css-qoklea"><div class="css-12dchmx"></div><div data-testid="price-product-tile" class="css-8atqhb"><p class="chakra-text css-0"><span class="chakra-text css-pwnbcb" data-testid="regular-price"><span class="css-idkz9h">$10.49</span>$10.49</span></p></div><a href="/creamy-lactose-free-yogurt-vanilla-1-5/p/21433581_EA?source=nspt" class="chakra-linkbox__overlay css-1hnz6hu"><div class="css-0"><p class="chakra-text css-1ecdp9w" data-testid="product-brand">IOGO</p><h3 class="chakra-heading css-6qrhwc" id="21433581_EA" data-testid="product-title">Creamy Lactose Free Yogurt, Vanilla 1.5%</h3><p class="chakra-text css-1yftjin" data-testid="product-package-size">2 kg, $0.52/100g</p></div></a><div class="css-8keand"></div></div><div class="css-1q5omjq"><div class="css-fcebb8"><div data-testid="atc-compact" class="css-y94ivq" style="width: 45px;"><button type="button" class="chakra-button css-mudsm6" data-testid="atc-button"><svg stroke="currentColor" fill="currentColor" stroke-width="0" viewBox="0 0 24 24" focusable="false" class="chakra-icon css-1g3sp7a" data-testid="btn-icon" aria-hidden="true" height="1em" width="1em" xmlns="http://www.w3.org/2000/svg"><path d="M19 13h-6v6h-2v-6H5v-2h6V5h2v6h6v2z"></path></svg><span class="css-idkz9h">Add Creamy Lactose Free Yogurt, Vanilla 1.5% to cart</span></button></div></div></div></div></div></div><div class="css-0"><div class="css-f5i5wc"><div class="chakra-linkbox css-vhnn8v"><div data-testid="product-image" class="css-16dr4ly"><img alt="Yoplait Tubes Yogurt Vanilla Flavour 1% M.F. 448 g, $0.59/100g" src="https://assets.shop.loblaws.ca/products/21547571/b3/en/front/21547571_front_a06_@2.png" srcset="https://assets.shop.loblaws.ca/products/21547571/b3/en/front/21547571_front_a06_@2.png 1x, https://assets.shop.loblaws.ca/products/21547571/b3/en/front/21547571_front_a06_@2.png 2x" loading="lazy" class="chakra-image css-oguq8l" aria-hidden="true"></div><div class="css-qoklea"><div class="css-12dchmx"></div><div data-testid="price-product-tile" class="css-8atqhb"><p class="chakra-text css-0"><span class="chakra-text css-pwnbcb" data-testid="regular-price"><span class="css-idkz9h">$2.65</span>$2.65</span></p></div><a href="/tubes-yogurt-vanilla-flavour-1-m-f/p/21547571_EA?source=nspt" class="chakra-linkbox__overlay css-1hnz6hu"><div class="css-0"><p class="chakra-text css-1ecdp9w" data-testid="product-brand">Yoplait</p><h3 class="chakra-heading css-6qrhwc" id="21547571_EA" data-testid="product-title">Tubes Yogurt Vanilla Flavour 1% M.F.</h3><p class="chakra-text css-1yftjin" data-testid="product-package-size">448 g, $0.59/100g</p></div></a><div class="css-8keand"></div></div><div class="css-1q5omjq"><div class="css-fcebb8"><div data-testid="atc-compact" class="css-y94ivq" style="width: 45px;"><button type="button" class="chakra-button css-mudsm6" data-testid="atc-button"><svg stroke="currentColor" fill="currentColor" stroke-width="0" viewBox="0 0 24 24" focusable="false" class="chakra-icon css-1g3sp7a" data-testid="btn-icon" aria-hidden="true" height="1em" width="1em" xmlns="http://www.w3.org/2000/svg"><path d="M19 13h-6v6h-2v-6H5v-2h6V5h2v6h6v2z"></path></svg><span class="css-idkz9h">Add Tubes Yogurt Vanilla Flavour 1% M.F. to cart</span></button></div></div></div></div></div></div><div class="css-0"><div class="css-f5i5wc"><div class="chakra-linkbox css-vhnn8v"><div data-testid="product-image" class="css-16dr4ly"><img alt="Astro Yogurt, Mango Vanilla Cream 6% 625 g, $0.56/100g" src="https://assets.shop.loblaws.ca/products/21520655/b3/en/front/21520655_front_a06_@2.png" srcset="https://assets.shop.loblaws.ca/products/21520655/b3/en/front/21520655_front_a06_@2.png 1x, https://assets.shop.loblaws.ca/products/21520655/b3/en/front/21520655_front_a06_@2.png 2x" loading="lazy" class="chakra-image css-oguq8l" aria-hidden="true"></div><div class="css-qoklea"><div class="css-12dchmx"></div><div data-testid="price-product-tile" class="css-8atqhb"><p class="chakra-text css-0"><span class="chakra-text css-pwnbcb" data-testid="regular-price"><span class="css-idkz9h">$3.49</span>$3.49</span></p></div><a href="/yogurt-mango-vanilla-cream-6/p/21520655_EA?source=nspt" class="chakra-linkbox__overlay css-1hnz6hu"><div class="css-0"><p class="chakra-text css-1ecdp9w" data-testid="product-brand">Astro</p><h3 class="chakra-heading css-6qrhwc" id="21520655_EA" data-testid="product-title">Yogurt, Mango Vanilla Cream 6%</h3><p class="chakra-text css-1yftjin" data-testid="product-package-size">625 g, $0.56/100g</p></div></a><div class="css-8keand"></div></div><div class="css-1q5omjq"><div class="css-fcebb8"><div data-testid="atc-compact" class="css-y94ivq" style="width: 45px;"><button type="button" class="chakra-button css-mudsm6" data-testid="atc-button"><svg stroke="currentColor" fill="currentColor" stroke-width="0" viewBox="0 0 24 24" focusable="false" class="chakra-icon css-1g3sp7a" data-testid="btn-icon" aria-hidden="true" height="1em" width="1em" xmlns="http://www.w3.org/2000/svg"><path d="M19 13h-6v6h-2v-6H5v-2h6V5h2v6h6v2z"></path></svg><span class="css-idkz9h">Add Yogurt, Mango Vanilla Cream 6% to cart</span></button></div></div></div></div></div></div><div class="css-0"><div class="css-f5i5wc"><div class="chakra-linkbox css-vhnn8v"><div data-testid="product-image" class="css-16dr4ly"><img alt="IOGO Creamy Yogurt, Lactose Free Cherry, Lemon, Vanilla, and Blackberry-Blueberry 1.5% 16x100.0 g, $0.39/100g" src="https://assets.shop.loblaws.ca/products/21207564/b3/en/front/21207564_front_a06_@2.png" srcset="https://assets.shop.loblaws.ca/products/21207564/b3/en/front/21207564_front_a06_@2.png 1x, https://assets.shop.loblaws.ca/products/21207564/b3/en/front/21207564_front_a06_@2.png 2x" loading="lazy" class="chakra-image css-oguq8l" aria-hidden="true"></div><div class="css-qoklea"><div class="css-12dchmx"></div><div data-testid="price-product-tile" class="css-8atqhb"><p class="chakra-text css-0"><span class="chakra-text css-pwnbcb" data-testid="regular-price"><span class="css-idkz9h">$6.29</span>$6.29</span></p></div><a href="/creamy-yogurt-lactose-free-cherry-lemon-vanilla-an/p/21207564_EA?source=nspt" class="chakra-linkbox__overlay css-1hnz6hu"><div class="css-0"><p class="chakra-text css-1ecdp9w" data-testid="product-brand">IOGO</p><h3 class="chakra-heading css-6qrhwc" id="21207564_EA" data-testid="product-title">Creamy Yogurt, Lactose Free Cherry, Lemon, Vanilla, and Blackberry-Blueberry 1.5%</h3><p class="chakra-text css-1yftjin" data-testid="product-package-size">16x100.0 g, $0.39/100g</p></div></a><div class="css-8keand"></div></div><div class="css-1q5omjq"><div class="css-fcebb8"><div data-testid="atc-compact" class="css-y94ivq" style="width: 45px;"><button type="button" class="chakra-button css-mudsm6" data-testid="atc-button"><svg stroke="currentColor" fill="currentColor" stroke-width="0" viewBox="0 0 24 24" focusable="false" class="chakra-icon css-1g3sp7a" data-testid="btn-icon" aria-hidden="true" height="1em" width="1em" xmlns="http://www.w3.org/2000/svg"><path d="M19 13h-6v6h-2v-6H5v-2h6V5h2v6h6v2z"></path></svg><span class="css-idkz9h">Add Creamy Yogurt, Lactose Free Cherry, Lemon, Vanilla, and Blackberry-Blueberry 1.5% to cart</span></button></div></div></div></div></div></div><div class="css-0"><div class="css-f5i5wc"><div class="chakra-linkbox css-vhnn8v"><div data-testid="product-image" class="css-16dr4ly"><img alt="Oikos Fat Free Greek Yogurt, High Protein, Plain, 0% M.F. 650 g, $0.92/100g" src="https://assets.shop.loblaws.ca/products/21305945/b3/en/front/21305945_front_a06_@2.png" srcset="https://assets.shop.loblaws.ca/products/21305945/b3/en/front/21305945_front_a06_@2.png 1x, https://assets.shop.loblaws.ca/products/21305945/b3/en/front/21305945_front_a06_@2.png 2x" loading="lazy" class="chakra-image css-oguq8l" aria-hidden="true"></div><div class="css-qoklea"><div class="css-12dchmx"></div><div data-testid="price-product-tile" class="css-8atqhb"><p class="chakra-text css-0"><span class="chakra-text css-pwnbcb" data-testid="regular-price"><span class="css-idkz9h">$5.99</span>$5.99</span></p></div><a href="/fat-free-greek-yogurt-high-protein-plain-0-m-f/p/21305945_EA?source=nspt" class="chakra-linkbox__overlay css-1hnz6hu"><div class="css-0"><p class="chakra-text css-1ecdp9w" data-testid="product-brand">Oikos</p><h3 class="chakra-heading css-6qrhwc" id="21305945_EA" data-testid="product-title">Fat Free Greek Yogurt, High Protein, Plain, 0% M.F.</h3><p class="chakra-text css-1yftjin" data-testid="product-package-size">650 g, $0.92/100g</p></div></a><div class="css-8keand"></div></div><div class="css-1q5omjq"><div class="css-fcebb8"><div data-testid="atc-compact" class="css-y94ivq" style="width: 45px;"><button type="button" class="chakra-button css-mudsm6" data-testid="atc-button"><svg stroke="currentColor" fill="currentColor" stroke-width="0" viewBox="0 0 24 24" focusable="false" class="chakra-icon css-1g3sp7a" data-testid="btn-icon" aria-hidden="true" height="1em" width="1em" xmlns="http://www.w3.org/2000/svg"><path d="M19 13h-6v6h-2v-6H5v-2h6V5h2v6h6v2z"></path></svg><span class="css-idkz9h">Add Fat Free Greek Yogurt, High Protein, Plain, 0% M.F. to cart</span></button></div></div></div></div></div></div><div class="css-0"><div class="css-f5i5wc"><div class="chakra-linkbox css-vhnn8v"><div data-testid="product-image" class="css-16dr4ly"><img alt="Riviera Vegan Yogurt, Vanilla Coconut 650 g, $1.00/100g" src="https://assets.shop.loblaws.ca/products/21184636/b3/en/front/21184636_front_a06_@2.png" srcset="https://assets.shop.loblaws.ca/products/21184636/b3/en/front/21184636_front_a06_@2.png 1x, https://assets.shop.loblaws.ca/products/21184636/b3/en/front/21184636_front_a06_@2.png 2x" loading="lazy" class="chakra-image css-oguq8l" aria-hidden="true"></div><div class="css-qoklea"><div class="css-12dchmx"></div><div data-testid="price-product-tile" class="css-8atqhb"><p class="chakra-text css-0"><span class="chakra-text css-pwnbcb" data-testid="regular-price"><span class="css-idkz9h">$6.49</span>$6.49</span></p></div><a href="/vegan-yogurt-vanilla-coconut/p/21184636_EA?source=nspt" class="chakra-linkbox__overlay css-1hnz6hu"><div class="css-0"><p class="chakra-text css-1ecdp9w" data-testid="product-brand">Riviera</p><h3 class="chakra-heading css-6qrhwc" id="21184636_EA" data-testid="product-title">Vegan Yogurt, Vanilla Coconut</h3><p class="chakra-text css-1yftjin" data-testid="product-package-size">650 g, $1.00/100g</p></div></a><div class="css-8keand"></div></div><div class="css-1q5omjq"><div class="css-fcebb8"><div data-testid="atc-compact" class="css-y94ivq" style="width: 45px;"><button type="button" class="chakra-button css-mudsm6" data-testid="atc-button"><svg stroke="currentColor" fill="currentColor" stroke-width="0" viewBox="0 0 24 24" focusable="false" class="chakra-icon css-1g3sp7a" data-testid="btn-icon" aria-hidden="true" height="1em" width="1em" xmlns="http://www.w3.org/2000/svg"><path d="M19 13h-6v6h-2v-6H5v-2h6V5h2v6h6v2z"></path></svg><span class="css-idkz9h">Add Vegan Yogurt, Vanilla Coconut to cart</span></button></div></div></div></div></div></div><div class="css-0"><div class="css-f5i5wc"><div class="chakra-linkbox css-vhnn8v"><div data-testid="product-image" class="css-16dr4ly"><img alt="President's Choice 2% MF Greek Yogurt, Vanilla, Club Size 1 kg, $0.68/100g" src="https://assets.shop.loblaws.ca/products/21520200/b3/en/front/21520200_front_a06_@2.png" srcset="https://assets.shop.loblaws.ca/products/21520200/b3/en/front/21520200_front_a06_@2.png 1x, https://assets.shop.loblaws.ca/products/21520200/b3/en/front/21520200_front_a06_@2.png 2x" loading="lazy" class="chakra-image css-oguq8l" aria-hidden="true"></div><div class="css-qoklea"><div class="css-12dchmx"></div><div data-testid="price-product-tile" class="css-8atqhb"><p class="chakra-text css-0"><span class="chakra-text css-pwnbcb" data-testid="regular-price"><span class="css-idkz9h">$6.79</span>$6.79</span></p></div><a href="/2-mf-greek-yogurt-vanilla-club-size/p/21520200_EA?source=nspt" class="chakra-linkbox__overlay css-1hnz6hu"><div class="css-0"><p class="chakra-text css-1ecdp9w" data-testid="product-brand">President's Choice</p><h3 class="chakra-heading css-6qrhwc" id="21520200_EA" data-testid="product-title">2% MF Greek Yogurt, Vanilla, Club Size</h3><p class="chakra-text css-1yftjin" data-testid="product-package-size">1 kg, $0.68/100g</p></div></a><div class="css-8keand"></div></div><div class="css-1q5omjq"><div class="css-fcebb8"><div data-testid="atc-compact" class="css-y94ivq" style="width: 45px;"><button type="button" class="chakra-button css-mudsm6" data-testid="atc-button"><svg stroke="currentColor" fill="currentColor" stroke-width="0" viewBox="0 0 24 24" focusable="false" class="chakra-icon css-1g3sp7a" data-testid="btn-icon" aria-hidden="true" height="1em" width="1em" xmlns="http://www.w3.org/2000/svg"><path d="M19 13h-6v6h-2v-6H5v-2h6V5h2v6h6v2z"></path></svg><span class="css-idkz9h">Add 2% MF Greek Yogurt, Vanilla, Club Size to cart</span></button></div></div></div></div></div></div><div class="css-0"><div class="css-f5i5wc"><div class="chakra-linkbox css-vhnn8v"><div data-testid="product-image" class="css-16dr4ly"><img alt="Activia Yogurt With Probiotics, Strawberry Flavour 12x100.0 g, $0.46/100g" src="https://assets.shop.loblaws.ca/products/20303412003/b3/en/front/20303412003_front_a06_@2.png" srcset="https://assets.shop.loblaws.ca/products/20303412003/b3/en/front/20303412003_front_a06_@2.png 1x, https://assets.shop.loblaws.ca/products/20303412003/b3/en/front/20303412003_front_a06_@2.png 2x" loading="lazy" class="chakra-image css-oguq8l" aria-hidden="true"></div><div class="css-qoklea"><div class="css-12dchmx"></div><div data-testid="price-product-tile" class="css-8atqhb"><p class="chakra-text css-0"><span class="chakra-text css-pwnbcb" data-testid="regular-price"><span class="css-idkz9h">$5.50</span>$5.50</span></p></div><a href="/yogurt-with-probiotics-strawberry-flavour/p/20303412003_EA?source=nspt" class="chakra-linkbox__overlay css-1hnz6hu"><div class="css-0"><p class="chakra-text css-1ecdp9w" data-testid="product-brand">Activia</p><h3 class="chakra-heading css-6qrhwc" id="20303412003_EA" data-testid="product-title">Yogurt With Probiotics, Strawberry Flavour</h3><p class="chakra-text css-1yftjin" data-testid="product-package-size">12x100.0 g, $0.46/100g</p></div></a><div class="css-8keand"></div></div><div class="css-1q5omjq"><div class="css-fcebb8"><div data-testid="atc-compact" class="css-y94ivq" style="width: 45px;"><button type="button" class="chakra-button css-mudsm6" data-testid="atc-button"><svg stroke="currentColor" fill="currentColor" stroke-width="0" viewBox="0 0 24 24" focusable="false" class="chakra-icon css-1g3sp7a" data-testid="btn-icon" aria-hidden="true" height="1em" width="1em" xmlns="http://www.w3.org/2000/svg"><path d="M19 13h-6v6h-2v-6H5v-2h6V5h2v6h6v2z"></path></svg><span class="css-idkz9h">Add Yogurt With Probiotics, Strawberry Flavour to cart</span></button></div></div></div></div></div></div><div class="css-0"><div class="css-f5i5wc"><div class="chakra-linkbox css-vhnn8v"><div data-testid="product-image" class="css-16dr4ly"><img alt="President's Choice Strawberry 0% M.F. Greek Yogurt  4x100.0 g, $1.05/100g" src="https://assets.shop.loblaws.ca/products/20830628001/b3/en/front/20830628001_front_a06_@2.png" srcset="https://assets.shop.loblaws.ca/products/20830628001/b3/en/front/20830628001_front_a06_@2.png 1x, https://assets.shop.loblaws.ca/products/20830628001/b3/en/front/20830628001_front_a06_@2.png 2x" loading="lazy" class="chakra-image css-oguq8l" aria-hidden="true"></div><div class="css-qoklea"><div class="css-12dchmx"></div><div data-testid="price-product-tile" class="css-8atqhb"><p class="chakra-text css-0"><span class="chakra-text css-pwnbcb" data-testid="regular-price"><span class="css-idkz9h">$4.19</span>$4.19</span></p></div><a href="/strawberry-0-m-f-greek-yogurt/p/20830628001_EA?source=nspt" class="chakra-linkbox__overlay css-1hnz6hu"><div class="css-0"><p class="chakra-text css-1ecdp9w" data-testid="product-brand">President's Choice</p><h3 class="chakra-heading css-6qrhwc" id="20830628001_EA" data-testid="product-title">Strawberry 0% M.F. Greek Yogurt </h3><p class="chakra-text css-1yftjin" data-testid="product-package-size">4x100.0 g, $1.05/100g</p></div></a><div class="css-8keand"></div></div><div class="css-1q5omjq"><div class="css-fcebb8"><div data-testid="atc-compact" class="css-y94ivq" style="width: 45px;"><button type="button" class="chakra-button css-mudsm6" data-testid="atc-button"><svg stroke="currentColor" fill="currentColor" stroke-width="0" viewBox="0 0 24 24" focusable="false" class="chakra-icon css-1g3sp7a" data-testid="btn-icon" aria-hidden="true" height="1em" width="1em" xmlns="http://www.w3.org/2000/svg"><path d="M19 13h-6v6h-2v-6H5v-2h6V5h2v6h6v2z"></path></svg><span class="css-idkz9h">Add Strawberry 0% M.F. Greek Yogurt  to cart</span></button></div></div></div></div></div></div><div class="css-0"><div class="css-f5i5wc"><div class="chakra-linkbox css-vhnn8v"><div data-testid="product-image" class="css-16dr4ly"><img alt="Activia Yogurt With Probiotics, Fat Free 0% Mf, Vanilla Flavour 650 g, $0.71/100g" src="https://assets.shop.loblaws.ca/products/20325132006/b3/en/front/20325132006_front_a06_@2.png" srcset="https://assets.shop.loblaws.ca/products/20325132006/b3/en/front/20325132006_front_a06_@2.png 1x, https://assets.shop.loblaws.ca/products/20325132006/b3/en/front/20325132006_front_a06_@2.png 2x" loading="lazy" class="chakra-image css-oguq8l" aria-hidden="true"></div><div class="css-qoklea"><div class="css-12dchmx"></div><div data-testid="price-product-tile" class="css-8atqhb"><p class="chakra-text css-0"><span class="chakra-text css-pwnbcb" data-testid="regular-price"><span class="css-idkz9h">$4.59</span>$4.59</span></p></div><a href="/yogurt-with-probiotics-fat-free-0-mf-vanilla-flavo/p/20325132006_EA?source=nspt" class="chakra-linkbox__overlay css-1hnz6hu"><div class="css-0"><p class="chakra-text css-1ecdp9w" data-testid="product-brand">Activia</p><h3 class="chakra-heading css-6qrhwc" id="20325132006_EA" data-testid="product-title">Yogurt With Probiotics, Fat Free 0% Mf, Vanilla Flavour</h3><p class="chakra-text css-1yftjin" data-testid="product-package-size">650 g, $0.71/100g</p></div></a><div class="css-8keand"></div></div><div class="css-1q5omjq"><div class="css-fcebb8"><div data-testid="atc-compact" class="css-y94ivq" style="width: 45px;"><button type="button" class="chakra-button css-mudsm6" data-testid="atc-button"><svg stroke="currentColor" fill="currentColor" stroke-width="0" viewBox="0 0 24 24" focusable="false" class="chakra-icon css-1g3sp7a" data-testid="btn-icon" aria-hidden="true" height="1em" width="1em" xmlns="http://www.w3.org/2000/svg"><path d="M19 13h-6v6h-2v-6H5v-2h6V5h2v6h6v2z"></path></svg><span class="css-idkz9h">Add Yogurt With Probiotics, Fat Free 0% Mf, Vanilla Flavour to cart</span></button></div></div></div></div></div></div><div class="css-0"><div class="css-f5i5wc"><div class="chakra-linkbox css-vhnn8v"><div data-testid="product-image" class="css-16dr4ly"><img alt="Activia Yogurt With Probiotics, Cherry Flavour 650 g, $0.71/100g" src="https://assets.shop.loblaws.ca/products/20608416002/b3/en/front/20608416002_front_a06_@2.png" srcset="https://assets.shop.loblaws.ca/products/20608416002/b3/en/front/20608416002_front_a06_@2.png 1x, https://assets.shop.loblaws.ca/products/20608416002/b3/en/front/20608416002_front_a06_@2.png 2x" loading="lazy" class="chakra-image css-oguq8l" aria-hidden="true"></div><div class="css-qoklea"><div class="css-12dchmx"></div><div data-testid="price-product-tile" class="css-8atqhb"><p class="chakra-text css-0"><span class="chakra-text css-pwnbcb" data-testid="regular-price"><span class="css-idkz9h">$4.59</span>$4.59</span></p></div><a href="/yogurt-with-probiotics-cherry-flavour/p/20608416002_EA?source=nspt" class="chakra-linkbox__overlay css-1hnz6hu"><div class="css-0"><p class="chakra-text css-1ecdp9w" data-testid="product-brand">Activia</p><h3 class="chakra-heading css-6qrhwc" id="20608416002_EA" data-testid="product-title">Yogurt With Probiotics, Cherry Flavour</h3><p class="chakra-text css-1yftjin" data-testid="product-package-size">650 g, $0.71/100g</p></div></a><div class="css-8keand"></div></div><div class="css-1q5omjq"><div class="css-fcebb8"><div data-testid="atc-compact" class="css-y94ivq" style="width: 45px;"><button type="button" class="chakra-button css-mudsm6" data-testid="atc-button"><svg stroke="currentColor" fill="currentColor" stroke-width="0" viewBox="0 0 24 24" focusable="false" class="chakra-icon css-1g3sp7a" data-testid="btn-icon" aria-hidden="true" height="1em" width="1em" xmlns="http://www.w3.org/2000/svg"><path d="M19 13h-6v6h-2v-6H5v-2h6V5h2v6h6v2z"></path></svg><span class="css-idkz9h">Add Yogurt With Probiotics, Cherry Flavour to cart</span></button></div></div></div></div></div></div><div class="css-0"><div class="css-f5i5wc"><div class="chakra-linkbox css-vhnn8v"><div data-testid="product-image" class="css-16dr4ly"><img alt="Activia Yogurt With Probiotics, Blueberry Flavour 650 g, $0.71/100g" src="https://assets.shop.loblaws.ca/products/20302315001/b3/en/front/20302315001_front_a06_@2.png" srcset="https://assets.shop.loblaws.ca/products/20302315001/b3/en/front/20302315001_front_a06_@2.png 1x, https://assets.shop.loblaws.ca/products/20302315001/b3/en/front/20302315001_front_a06_@2.png 2x" loading="lazy" class="chakra-image css-oguq8l" aria-hidden="true"></div><div class="css-qoklea"><div class="css-12dchmx"></div><div data-testid="price-product-tile" class="css-8atqhb"><p class="chakra-text css-0"><span class="chakra-text css-pwnbcb" data-testid="regular-price"><span class="css-idkz9h">$4.59</span>$4.59</span></p></div><a href="/yogurt-with-probiotics-blueberry-flavour/p/20302315001_EA?source=nspt" class="chakra-linkbox__overlay css-1hnz6hu"><div class="css-0"><p class="chakra-text css-1ecdp9w" data-testid="product-brand">Activia</p><h3 class="chakra-heading css-6qrhwc" id="20302315001_EA" data-testid="product-title">Yogurt With Probiotics, Blueberry Flavour</h3><p class="chakra-text css-1yftjin" data-testid="product-package-size">650 g, $0.71/100g</p></div></a><div class="css-8keand"></div></div><div class="css-1q5omjq"><div class="css-fcebb8"><div data-testid="atc-compact" class="css-y94ivq" style="width: 45px;"><button type="button" class="chakra-button css-mudsm6" data-testid="atc-button"><svg stroke="currentColor" fill="currentColor" stroke-width="0" viewBox="0 0 24 24" focusable="false" class="chakra-icon css-1g3sp7a" data-testid="btn-icon" aria-hidden="true" height="1em" width="1em" xmlns="http://www.w3.org/2000/svg"><path d="M19 13h-6v6h-2v-6H5v-2h6V5h2v6h6v2z"></path></svg><span class="css-idkz9h">Add Yogurt With Probiotics, Blueberry Flavour to cart</span></button></div></div></div></div></div></div><div class="css-0"><div class="css-f5i5wc"><div class="chakra-linkbox css-vhnn8v"><div data-testid="product-image" class="css-16dr4ly"><img alt="Silk Vanilla Protein Plant-Based Yogurt 500 g, $1.20/100g" src="https://assets.shop.loblaws.ca/products/21588707/b3/en/front/21588707_front_a06_@2.png" srcset="https://assets.shop.loblaws.ca/products/21588707/b3/en/front/21588707_front_a06_@2.png 1x, https://assets.shop.loblaws.ca/products/21588707/b3/en/front/21588707_front_a06_@2.png 2x" loading="lazy" class="chakra-image css-oguq8l" aria-hidden="true"></div><div class="css-qoklea"><div class="css-12dchmx"></div><div data-testid="price-product-tile" class="css-8atqhb"><p class="chakra-text css-0"><span class="chakra-text css-pwnbcb" data-testid="regular-price"><span class="css-idkz9h">$5.99</span>$5.99</span></p></div><a href="/vanilla-protein-plant-based-yogurt/p/21588707_EA?source=nspt" class="chakra-linkbox__overlay css-1hnz6hu"><div class="css-0"><p class="chakra-text css-1ecdp9w" data-testid="product-brand">Silk</p><h3 class="chakra-heading css-6qrhwc" id="21588707_EA" data-testid="product-title">Vanilla Protein Plant-Based Yogurt</h3><p class="chakra-text css-1yftjin" data-testid="product-package-size">500 g, $1.20/100g</p></div></a><div class="css-8keand"></div></div><div class="css-1q5omjq"><div class="css-fcebb8"><div data-testid="atc-compact" class="css-y94ivq" style="width: 45px;"><button type="button" class="chakra-button css-mudsm6" data-testid="atc-button"><svg stroke="currentColor" fill="currentColor" stroke-width="0" viewBox="0 0 24 24" focusable="false" class="chakra-icon css-1g3sp7a" data-testid="btn-icon" aria-hidden="true" height="1em" width="1em" xmlns="http://www.w3.org/2000/svg"><path d="M19 13h-6v6h-2v-6H5v-2h6V5h2v6h6v2z"></path></svg><span class="css-idkz9h">Add Vanilla Protein Plant-Based Yogurt to cart</span></button></div></div><div class="css-4saf4a"><p class="chakra-text css-py8788" data-testid="inventory-badge-text">Low Stock</p></div></div></div></div></div><div class="css-0"><div class="css-f5i5wc"><div class="chakra-linkbox css-vhnn8v"><div data-testid="product-image" class="css-16dr4ly"><img alt="President's Choice Plain 3% M.F. Yogurt 750 g, $0.40/100g" src="https://assets.shop.loblaws.ca/products/20180775002/b3/en/front/20180775002_front_a06_@2.png" srcset="https://assets.shop.loblaws.ca/products/20180775002/b3/en/front/20180775002_front_a06_@2.png 1x, https://assets.shop.loblaws.ca/products/20180775002/b3/en/front/20180775002_front_a06_@2.png 2x" loading="lazy" class="chakra-image css-oguq8l" aria-hidden="true"></div><div class="css-qoklea"><div class="css-12dchmx"></div><div data-testid="price-product-tile" class="css-8atqhb"><p class="chakra-text css-0"><span class="chakra-text css-pwnbcb" data-testid="regular-price"><span class="css-idkz9h">$2.99</span>$2.99</span></p></div><a href="/plain-3-m-f-yogurt/p/20180775002_EA?source=nspt" class="chakra-linkbox__overlay css-1hnz6hu"><div class="css-0"><p class="chakra-text css-1ecdp9w" data-testid="product-brand">President's Choice</p><h3 class="chakra-heading css-6qrhwc" id="20180775002_EA" data-testid="product-title">Plain 3% M.F. Yogurt</h3><p class="chakra-text css-1yftjin" data-testid="product-package-size">750 g, $0.40/100g</p></div></a><div class="css-8keand"></div></div><div class="css-1q5omjq"><div class="css-fcebb8"><div data-testid="atc-compact" class="css-y94ivq" style="width: 45px;"><button type="button" class="chakra-button css-mudsm6" data-testid="atc-button"><svg stroke="currentColor" fill="currentColor" stroke-width="0" viewBox="0 0 24 24" focusable="false" class="chakra-icon css-1g3sp7a" data-testid="btn-icon" aria-hidden="true" height="1em" width="1em" xmlns="http://www.w3.org/2000/svg"><path d="M19 13h-6v6h-2v-6H5v-2h6V5h2v6h6v2z"></path></svg><span class="css-idkz9h">Add Plain 3% M.F. Yogurt to cart</span></button></div></div></div></div></div></div><div class="css-0"><div class="css-f5i5wc"><div class="chakra-linkbox css-vhnn8v"><div data-testid="product-image" class="css-16dr4ly"><img alt="IOGO Nano Drinkable Yogurt, Strawberry 1% 900 ml, $0.61/100ml" src="https://assets.shop.loblaws.ca/products/21481057/b3/en/front/21481057_front_a06_@2.png" srcset="https://assets.shop.loblaws.ca/products/21481057/b3/en/front/21481057_front_a06_@2.png 1x, https://assets.shop.loblaws.ca/products/21481057/b3/en/front/21481057_front_a06_@2.png 2x" loading="lazy" class="chakra-image css-oguq8l" aria-hidden="true"></div><div class="css-qoklea"><div class="css-12dchmx"></div><div data-testid="price-product-tile" class="css-8atqhb"><p class="chakra-text css-0"><span class="chakra-text css-pwnbcb" data-testid="regular-price"><span class="css-idkz9h">$5.49</span>$5.49</span></p></div><a href="/nano-drinkable-yogurt-strawberry-1/p/21481057_EA?source=nspt" class="chakra-linkbox__overlay css-1hnz6hu"><div class="css-0"><p class="chakra-text css-1ecdp9w" data-testid="product-brand">IOGO</p><h3 class="chakra-heading css-6qrhwc" id="21481057_EA" data-testid="product-title">Nano Drinkable Yogurt, Strawberry 1%</h3><p class="chakra-text css-1yftjin" data-testid="product-package-size">900 ml, $0.61/100ml</p></div></a><div class="css-8keand"></div></div><div class="css-1q5omjq"><div class="css-fcebb8"><div data-testid="atc-compact" class="css-y94ivq" style="width: 45px;"><button type="button" class="chakra-button css-mudsm6" data-testid="atc-button"><svg stroke="currentColor" fill="currentColor" stroke-width="0" viewBox="0 0 24 24" focusable="false" class="chakra-icon css-1g3sp7a" data-testid="btn-icon" aria-hidden="true" height="1em" width="1em" xmlns="http://www.w3.org/2000/svg"><path d="M19 13h-6v6h-2v-6H5v-2h6V5h2v6h6v2z"></path></svg><span class="css-idkz9h">Add Nano Drinkable Yogurt, Strawberry 1% to cart</span></button></div></div></div></div></div></div><div class="css-0"><div class="css-f5i5wc"><div class="chakra-linkbox css-vhnn8v"><div data-testid="product-image" class="css-16dr4ly"><img alt="Danone GO! Drinkable Yogurt, Strawberry, Made with Real Fruit 190 ml, $0.63/100ml" src="https://assets.shop.loblaws.ca/products/21349097/b3/en/front/21349097_front_a06_@2.png" srcset="https://assets.shop.loblaws.ca/products/21349097/b3/en/front/21349097_front_a06_@2.png 1x, https://assets.shop.loblaws.ca/products/21349097/b3/en/front/21349097_front_a06_@2.png 2x" loading="lazy" class="chakra-image css-oguq8l" aria-hidden="true"></div><div class="css-qoklea"><div class="css-12dchmx"></div><div data-testid="price-product-tile" class="css-8atqhb"><p class="chakra-text css-0"><span class="chakra-text css-pwnbcb" data-testid="regular-price"><span class="css-idkz9h">$1.19</span>$1.19</span></p></div><a href="/go-drinkable-yogurt-strawberry-made-with-real-frui/p/21349097_EA?source=nspt" class="chakra-linkbox__overlay css-1hnz6hu"><div class="css-0"><p class="chakra-text css-1ecdp9w" data-testid="product-brand">Danone</p><h3 class="chakra-heading css-6qrhwc" id="21349097_EA" data-testid="product-title">GO! Drinkable Yogurt, Strawberry, Made with Real Fruit</h3><p class="chakra-text css-1yftjin" data-testid="product-package-size">190 ml, $0.63/100ml</p></div></a><div class="css-8keand"></div></div><div class="css-1q5omjq"><div class="css-fcebb8"><div data-testid="atc-compact" class="css-y94ivq" style="width: 45px;"><button type="button" class="chakra-button css-mudsm6" data-testid="atc-button"><svg stroke="currentColor" fill="currentColor" stroke-width="0" viewBox="0 0 24 24" focusable="false" class="chakra-icon css-1g3sp7a" data-testid="btn-icon" aria-hidden="true" height="1em" width="1em" xmlns="http://www.w3.org/2000/svg"><path d="M19 13h-6v6h-2v-6H5v-2h6V5h2v6h6v2z"></path></svg><span class="css-idkz9h">Add GO! Drinkable Yogurt, Strawberry, Made with Real Fruit to cart</span></button></div></div></div></div></div></div><div class="css-0"><div class="css-f5i5wc"><div class="chakra-linkbox css-vhnn8v"><div data-testid="product-image" class="css-16dr4ly"><img alt="Silk Almond Plant Based Yogurt, Plain, Unsweetened, Dairy-Free 640 g, $0.94/100g" src="https://assets.shop.loblaws.ca/products/21245214/b3/en/front/21245214_front_a06_@2.png" srcset="https://assets.shop.loblaws.ca/products/21245214/b3/en/front/21245214_front_a06_@2.png 1x, https://assets.shop.loblaws.ca/products/21245214/b3/en/front/21245214_front_a06_@2.png 2x" loading="lazy" class="chakra-image css-oguq8l" aria-hidden="true"></div><div class="css-qoklea"><div class="css-12dchmx"></div><div data-testid="price-product-tile" class="css-8atqhb"><p class="chakra-text css-0"><span class="chakra-text css-pwnbcb" data-testid="regular-price"><span class="css-idkz9h">$5.99</span>$5.99</span></p></div><a href="/almond-plant-based-yogurt-plain-unsweetened-dairy/p/21245214_EA?source=nspt" class="chakra-linkbox__overlay css-1hnz6hu"><div class="css-0"><p class="chakra-text css-1ecdp9w" data-testid="product-brand">Silk</p><h3 class="chakra-heading css-6qrhwc" id="21245214_EA" data-testid="product-title">Almond Plant Based Yogurt, Plain, Unsweetened, Dairy-Free</h3><p class="chakra-text css-1yftjin" data-testid="product-package-size">640 g, $0.94/100g</p></div></a><div class="css-8keand"></div></div><div class="css-1q5omjq"><div class="css-fcebb8"><div data-testid="atc-compact" class="css-y94ivq" style="width: 45px;"><button type="button" class="chakra-button css-mudsm6" data-testid="atc-button"><svg stroke="currentColor" fill="currentColor" stroke-width="0" viewBox="0 0 24 24" focusable="false" class="chakra-icon css-1g3sp7a" data-testid="btn-icon" aria-hidden="true" height="1em" width="1em" xmlns="http://www.w3.org/2000/svg"><path d="M19 13h-6v6h-2v-6H5v-2h6V5h2v6h6v2z"></path></svg><span class="css-idkz9h">Add Almond Plant Based Yogurt, Plain, Unsweetened, Dairy-Free to cart</span></button></div></div><div class="css-4saf4a"><p class="chakra-text css-py8788" data-testid="inventory-badge-text">Low Stock</p></div></div></div></div></div><div class="css-0"><div class="css-f5i5wc"><div class="chakra-linkbox css-vhnn8v"><div data-testid="product-image" class="css-16dr4ly"><img alt="Activia Yogurt With Probiotics Lactose Free, Vanilla, Strawberry, Raspberry, Cherry Flavour 12x100.0 g, $0.46/100g" src="https://assets.shop.loblaws.ca/products/20944744/b3/en/front/20944744_front_a06_@2.png" srcset="https://assets.shop.loblaws.ca/products/20944744/b3/en/front/20944744_front_a06_@2.png 1x, https://assets.shop.loblaws.ca/products/20944744/b3/en/front/20944744_front_a06_@2.png 2x" loading="lazy" class="chakra-image css-oguq8l" aria-hidden="true"></div><div class="css-qoklea"><div class="css-12dchmx"></div><div data-testid="price-product-tile" class="css-8atqhb"><p class="chakra-text css-0"><span class="chakra-text css-pwnbcb" data-testid="regular-price"><span class="css-idkz9h">$5.50</span>$5.50</span></p></div><a href="/yogurt-with-probiotics-lactose-free-vanilla-strawb/p/20944744_EA?source=nspt" class="chakra-linkbox__overlay css-1hnz6hu"><div class="css-0"><p class="chakra-text css-1ecdp9w" data-testid="product-brand">Activia</p><h3 class="chakra-heading css-6qrhwc" id="20944744_EA" data-testid="product-title">Yogurt With Probiotics Lactose Free, Vanilla, Strawberry, Raspberry, Cherry Flavour</h3><p class="chakra-text css-1yftjin" data-testid="product-package-size">12x100.0 g, $0.46/100g</p></div></a><div class="css-8keand"></div></div><div class="css-1q5omjq"><div class="css-fcebb8"><div data-testid="atc-compact" class="css-y94ivq" style="width: 45px;"><button type="button" class="chakra-button css-mudsm6" data-testid="atc-button"><svg stroke="currentColor" fill="currentColor" stroke-width="0" viewBox="0 0 24 24" focusable="false" class="chakra-icon css-1g3sp7a" data-testid="btn-icon" aria-hidden="true" height="1em" width="1em" xmlns="http://www.w3.org/2000/svg"><path d="M19 13h-6v6h-2v-6H5v-2h6V5h2v6h6v2z"></path></svg><span class="css-idkz9h">Add Yogurt With Probiotics Lactose Free, Vanilla, Strawberry, Raspberry, Cherry Flavour to cart</span></button></div></div></div></div></div></div><div class="css-0"><div class="css-f5i5wc"><div class="chakra-linkbox css-vhnn8v"><div data-testid="product-image" class="css-16dr4ly"><img alt="Yoplait Yop 1% Drinkable Yogurt Pack, Strawberry, Yogurt Drinks 6x200.0 ml, $0.49/100ml" src="https://assets.shop.loblaws.ca/products/21478984/b3/en/front/21478984_front_a06_@2.png" srcset="https://assets.shop.loblaws.ca/products/21478984/b3/en/front/21478984_front_a06_@2.png 1x, https://assets.shop.loblaws.ca/products/21478984/b3/en/front/21478984_front_a06_@2.png 2x" loading="lazy" class="chakra-image css-oguq8l" aria-hidden="true"></div><div class="css-qoklea"><div class="css-12dchmx"></div><div data-testid="price-product-tile" class="css-8atqhb"><p class="chakra-text css-0"><span class="chakra-text css-o93gbd" data-testid="sale-price"><span class="css-idkz9h">$5.89</span>$5.89</span><span class="chakra-text css-623q5h" data-testid="was-price"><span class="css-idkz9h">$6.99</span>$6.99</span></p><p class="chakra-text css-1m5a6y8" data-testid="price-descriptor">SAVE $1.10</p></div><a href="/yop-1-drinkable-yogurt-pack-strawberry-yogurt-drin/p/21478984_EA?source=nspt" class="chakra-linkbox__overlay css-1hnz6hu"><div class="css-0"><p class="chakra-text css-1ecdp9w" data-testid="product-brand">Yoplait</p><h3 class="chakra-heading css-6qrhwc" id="21478984_EA" data-testid="product-title">Yop 1% Drinkable Yogurt Pack, Strawberry, Yogurt Drinks</h3><p class="chakra-text css-1yftjin" data-testid="product-package-size">6x200.0 ml, $0.49/100ml</p></div></a><div class="css-8keand"></div></div><div class="css-1q5omjq"><div class="css-fcebb8"><div data-testid="atc-compact" class="css-y94ivq" style="width: 45px;"><button type="button" class="chakra-button css-mudsm6" data-testid="atc-button"><svg stroke="currentColor" fill="currentColor" stroke-width="0" viewBox="0 0 24 24" focusable="false" class="chakra-icon css-1g3sp7a" data-testid="btn-icon" aria-hidden="true" height="1em" width="1em" xmlns="http://www.w3.org/2000/svg"><path d="M19 13h-6v6h-2v-6H5v-2h6V5h2v6h6v2z"></path></svg><span class="css-idkz9h">Add Yop 1% Drinkable Yogurt Pack, Strawberry, Yogurt Drinks to cart</span></button></div></div></div></div></div></div><div class="css-0"><div class="css-f5i5wc"><div class="chakra-linkbox css-vhnn8v"><div data-testid="product-image" class="css-16dr4ly"><img alt="Liberte Méditerranée 9% Yogurt, Black Cherry 4x100.0 g, $1.05/100g" src="https://assets.shop.loblaws.ca/products/21389655/b3/en/front/21389655_front_a06_@2.png" srcset="https://assets.shop.loblaws.ca/products/21389655/b3/en/front/21389655_front_a06_@2.png 1x, https://assets.shop.loblaws.ca/products/21389655/b3/en/front/21389655_front_a06_@2.png 2x" loading="lazy" class="chakra-image css-oguq8l" aria-hidden="true"></div><div class="css-qoklea"><div class="css-12dchmx"></div><div data-testid="price-product-tile" class="css-8atqhb"><p class="chakra-text css-0"><span class="chakra-text css-pwnbcb" data-testid="regular-price"><span class="css-idkz9h">$4.19</span>$4.19</span></p></div><a href="/m-diterran-e-9-yogurt-black-cherry/p/21389655_EA?source=nspt" class="chakra-linkbox__overlay css-1hnz6hu"><div class="css-0"><p class="chakra-text css-1ecdp9w" data-testid="product-brand">Liberte</p><h3 class="chakra-heading css-6qrhwc" id="21389655_EA" data-testid="product-title">Méditerranée 9% Yogurt, Black Cherry</h3><p class="chakra-text css-1yftjin" data-testid="product-package-size">4x100.0 g, $1.05/100g</p></div></a><div class="css-8keand"></div></div><div class="css-1q5omjq"><div class="css-fcebb8"><div data-testid="atc-compact" class="css-y94ivq" style="width: 45px;"><button type="button" class="chakra-button css-mudsm6" data-testid="atc-button"><svg stroke="currentColor" fill="currentColor" stroke-width="0" viewBox="0 0 24 24" focusable="false" class="chakra-icon css-1g3sp7a" data-testid="btn-icon" aria-hidden="true" height="1em" width="1em" xmlns="http://www.w3.org/2000/svg"><path d="M19 13h-6v6h-2v-6H5v-2h6V5h2v6h6v2z"></path></svg><span class="css-idkz9h">Add Méditerranée 9% Yogurt, Black Cherry to cart</span></button></div></div></div></div></div></div><div class="css-0"><div class="css-f5i5wc"><div class="chakra-linkbox css-vhnn8v"><div data-testid="product-image" class="css-16dr4ly"><img alt="Astro Yogurt, Raspberry White Chocolate 6% 625 g, $0.56/100g" src="https://assets.shop.loblaws.ca/products/21520611/b3/en/front/21520611_front_a06_@2.png" srcset="https://assets.shop.loblaws.ca/products/21520611/b3/en/front/21520611_front_a06_@2.png 1x, https://assets.shop.loblaws.ca/products/21520611/b3/en/front/21520611_front_a06_@2.png 2x" loading="lazy" class="chakra-image css-oguq8l" aria-hidden="true"></div><div class="css-qoklea"><div class="css-12dchmx"></div><div data-testid="price-product-tile" class="css-8atqhb"><p class="chakra-text css-0"><span class="chakra-text css-pwnbcb" data-testid="regular-price"><span class="css-idkz9h">$3.49</span>$3.49</span></p></div><a href="/yogurt-raspberry-white-chocolate-6/p/21520611_EA?source=nspt" class="chakra-linkbox__overlay css-1hnz6hu"><div class="css-0"><p class="chakra-text css-1ecdp9w" data-testid="product-brand">Astro</p><h3 class="chakra-heading css-6qrhwc" id="21520611_EA" data-testid="product-title">Yogurt, Raspberry White Chocolate 6%</h3><p class="chakra-text css-1yftjin" data-testid="product-package-size">625 g, $0.56/100g</p></div></a><div class="css-8keand"></div></div><div class="css-1q5omjq"><div class="css-fcebb8"><div data-testid="atc-compact" class="css-y94ivq" style="width: 45px;"><button type="button" class="chakra-button css-mudsm6" data-testid="atc-button"><svg stroke="currentColor" fill="currentColor" stroke-width="0" viewBox="0 0 24 24" focusable="false" class="chakra-icon css-1g3sp7a" data-testid="btn-icon" aria-hidden="true" height="1em" width="1em" xmlns="http://www.w3.org/2000/svg"><path d="M19 13h-6v6h-2v-6H5v-2h6V5h2v6h6v2z"></path></svg><span class="css-idkz9h">Add Yogurt, Raspberry White Chocolate 6% to cart</span></button></div></div></div></div></div></div><div class="css-0"><div class="css-f5i5wc"><div class="chakra-linkbox css-vhnn8v"><div data-testid="product-image" class="css-16dr4ly"><img alt="Oikos Extra Creamy Greek Yogurt, Blueberry, Blended, 9% M.F. 650 g, $0.92/100g" src="https://assets.shop.loblaws.ca/products/21305953/b3/en/front/21305953_front_a06_@2.png" srcset="https://assets.shop.loblaws.ca/products/21305953/b3/en/front/21305953_front_a06_@2.png 1x, https://assets.shop.loblaws.ca/products/21305953/b3/en/front/21305953_front_a06_@2.png 2x" loading="lazy" class="chakra-image css-oguq8l" aria-hidden="true"></div><div class="css-qoklea"><div class="css-12dchmx"></div><div data-testid="price-product-tile" class="css-8atqhb"><p class="chakra-text css-0"><span class="chakra-text css-pwnbcb" data-testid="regular-price"><span class="css-idkz9h">$5.99</span>$5.99</span></p></div><a href="/extra-creamy-greek-yogurt-blueberry-blended-9-m-f/p/21305953_EA?source=nspt" class="chakra-linkbox__overlay css-1hnz6hu"><div class="css-0"><p class="chakra-text css-1ecdp9w" data-testid="product-brand">Oikos</p><h3 class="chakra-heading css-6qrhwc" id="21305953_EA" data-testid="product-title">Extra Creamy Greek Yogurt, Blueberry, Blended, 9% M.F.</h3><p class="chakra-text css-1yftjin" data-testid="product-package-size">650 g, $0.92/100g</p></div></a><div class="css-8keand"></div></div><div class="css-1q5omjq"><div class="css-fcebb8"><div data-testid="atc-compact" class="css-y94ivq" style="width: 45px;"><button type="button" class="chakra-button css-mudsm6" data-testid="atc-button"><svg stroke="currentColor" fill="currentColor" stroke-width="0" viewBox="0 0 24 24" focusable="false" class="chakra-icon css-1g3sp7a" data-testid="btn-icon" aria-hidden="true" height="1em" width="1em" xmlns="http://www.w3.org/2000/svg"><path d="M19 13h-6v6h-2v-6H5v-2h6V5h2v6h6v2z"></path></svg><span class="css-idkz9h">Add Extra Creamy Greek Yogurt, Blueberry, Blended, 9% M.F. to cart</span></button></div></div></div></div></div></div><div class="css-0"><div class="css-f5i5wc"><div class="chakra-linkbox css-vhnn8v"><div data-testid="product-image" class="css-16dr4ly"><img alt="Astro Yogurt, Peach Cobbler, 6% 625 g, $0.56/100g" src="https://assets.shop.loblaws.ca/products/21520558/b3/en/front/21520558_front_a06_@2.png" srcset="https://assets.shop.loblaws.ca/products/21520558/b3/en/front/21520558_front_a06_@2.png 1x, https://assets.shop.loblaws.ca/products/21520558/b3/en/front/21520558_front_a06_@2.png 2x" loading="lazy" class="chakra-image css-oguq8l" aria-hidden="true"></div><div class="css-qoklea"><div class="css-12dchmx"></div><div data-testid="price-product-tile" class="css-8atqhb"><p class="chakra-text css-0"><span class="chakra-text css-pwnbcb" data-testid="regular-price"><span class="css-idkz9h">$3.49</span>$3.49</span></p></div><a href="/yogurt-peach-cobbler-6/p/21520558_EA?source=nspt" class="chakra-linkbox__overlay css-1hnz6hu"><div class="css-0"><p class="chakra-text css-1ecdp9w" data-testid="product-brand">Astro</p><h3 class="chakra-heading css-6qrhwc" id="21520558_EA" data-testid="product-title">Yogurt, Peach Cobbler, 6%</h3><p class="chakra-text css-1yftjin" data-testid="product-package-size">625 g, $0.56/100g</p></div></a><div class="css-8keand"></div></div><div class="css-1q5omjq"><div class="css-fcebb8"><div data-testid="atc-compact" class="css-y94ivq" style="width: 45px;"><button type="button" class="chakra-button css-mudsm6" data-testid="atc-button"><svg stroke="currentColor" fill="currentColor" stroke-width="0" viewBox="0 0 24 24" focusable="false" class="chakra-icon css-1g3sp7a" data-testid="btn-icon" aria-hidden="true" height="1em" width="1em" xmlns="http://www.w3.org/2000/svg"><path d="M19 13h-6v6h-2v-6H5v-2h6V5h2v6h6v2z"></path></svg><span class="css-idkz9h">Add Yogurt, Peach Cobbler, 6% to cart</span></button></div></div></div></div></div></div><div class="css-0"><div class="css-f5i5wc"><div class="chakra-linkbox css-vhnn8v"><div data-testid="product-image" class="css-16dr4ly"><img alt="President's Choice Vanilla Greek Yogurt 650 g, $0.77/100g" src="https://assets.shop.loblaws.ca/products/21518036/b3/en/front/21518036_front_a06_@2.png" srcset="https://assets.shop.loblaws.ca/products/21518036/b3/en/front/21518036_front_a06_@2.png 1x, https://assets.shop.loblaws.ca/products/21518036/b3/en/front/21518036_front_a06_@2.png 2x" loading="lazy" class="chakra-image css-oguq8l" aria-hidden="true"></div><div class="css-qoklea"><div class="css-12dchmx"></div><div data-testid="price-product-tile" class="css-8atqhb"><p class="chakra-text css-0"><span class="chakra-text css-pwnbcb" data-testid="regular-price"><span class="css-idkz9h">$5.00</span>$5.00</span></p></div><a href="/vanilla-greek-yogurt/p/21518036_EA?source=nspt" class="chakra-linkbox__overlay css-1hnz6hu"><div class="css-0"><p class="chakra-text css-1ecdp9w" data-testid="product-brand">President's Choice</p><h3 class="chakra-heading css-6qrhwc" id="21518036_EA" data-testid="product-title">Vanilla Greek Yogurt</h3><p class="chakra-text css-1yftjin" data-testid="product-package-size">650 g, $0.77/100g</p></div></a><div class="css-8keand"></div></div><div class="css-1q5omjq"><div class="css-fcebb8"><div data-testid="atc-compact" class="css-y94ivq" style="width: 45px;"><button type="button" class="chakra-button css-mudsm6" data-testid="atc-button"><svg stroke="currentColor" fill="currentColor" stroke-width="0" viewBox="0 0 24 24" focusable="false" class="chakra-icon css-1g3sp7a" data-testid="btn-icon" aria-hidden="true" height="1em" width="1em" xmlns="http://www.w3.org/2000/svg"><path d="M19 13h-6v6h-2v-6H5v-2h6V5h2v6h6v2z"></path></svg><span class="css-idkz9h">Add Vanilla Greek Yogurt to cart</span></button></div></div></div></div></div></div></div><div data-testid="product-grid" class="css-epcqr3"><div class="css-0"><div class="css-f5i5wc"><div class="chakra-linkbox css-vhnn8v"><div data-testid="product-image" class="css-16dr4ly"><img alt="IOGO Nano Drinkable Yogurt, Vanilla 1% 900 ml, $0.61/100ml" src="https://assets.shop.loblaws.ca/products/21481056/b3/en/front/21481056_front_a06_@2.png" srcset="https://assets.shop.loblaws.ca/products/21481056/b3/en/front/21481056_front_a06_@2.png 1x, https://assets.shop.loblaws.ca/products/21481056/b3/en/front/21481056_front_a06_@2.png 2x" loading="lazy" class="chakra-image css-oguq8l" aria-hidden="true"></div><div class="css-qoklea"><div class="css-12dchmx"></div><div data-testid="price-product-tile" class="css-8atqhb"><p class="chakra-text css-0"><span class="chakra-text css-pwnbcb" data-testid="regular-price"><span class="css-idkz9h">$5.49</span>$5.49</span></p></div><a href="/nano-drinkable-yogurt-vanilla-1/p/21481056_EA?source=nspt" class="chakra-linkbox__overlay css-1hnz6hu"><div class="css-0"><p class="chakra-text css-1ecdp9w" data-testid="product-brand">IOGO</p><h3 class="chakra-heading css-6qrhwc" id="21481056_EA" data-testid="product-title">Nano Drinkable Yogurt, Vanilla 1%</h3><p class="chakra-text css-1yftjin" data-testid="product-package-size">900 ml, $0.61/100ml</p></div></a><div class="css-8keand"></div></div><div class="css-1q5omjq"><div class="css-fcebb8"><div data-testid="atc-compact" class="css-y94ivq" style="width: 45px;"><button type="button" class="chakra-button css-mudsm6" data-testid="atc-button"><svg stroke="currentColor" fill="currentColor" stroke-width="0" viewBox="0 0 24 24" focusable="false" class="chakra-icon css-1g3sp7a" data-testid="btn-icon" aria-hidden="true" height="1em" width="1em" xmlns="http://www.w3.org/2000/svg"><path d="M19 13h-6v6h-2v-6H5v-2h6V5h2v6h6v2z"></path></svg><span class="css-idkz9h">Add Nano Drinkable Yogurt, Vanilla 1% to cart</span></button></div></div><div class="css-4saf4a"><p class="chakra-text css-py8788" data-testid="inventory-badge-text">Low Stock</p></div></div></div></div></div><div class="css-0"><div class="css-f5i5wc"><div class="chakra-linkbox css-vhnn8v"><div data-testid="product-image" class="css-16dr4ly"><img alt="Oikos Greek Yogurt, Raspberry-Pomegramate Flavour, Fruit On Bottom, 2% M.F., 4x100.0 g, $0.97/100g" src="https://assets.shop.loblaws.ca/products/20419715005/b3/en/front/20419715005_front_a06_@2.png" srcset="https://assets.shop.loblaws.ca/products/20419715005/b3/en/front/20419715005_front_a06_@2.png 1x, https://assets.shop.loblaws.ca/products/20419715005/b3/en/front/20419715005_front_a06_@2.png 2x" loading="lazy" class="chakra-image css-oguq8l" aria-hidden="true"></div><div class="css-qoklea"><div class="css-12dchmx"></div><div data-testid="price-product-tile" class="css-8atqhb"><p class="chakra-text css-0"><span class="chakra-text css-pwnbcb" data-testid="regular-price"><span class="css-idkz9h">$3.89</span>$3.89</span></p></div><a href="/greek-yogurt-raspberry-pomegramate-flavour-fruit-o/p/20419715005_EA?source=nspt" class="chakra-linkbox__overlay css-1hnz6hu"><div class="css-0"><p class="chakra-text css-1ecdp9w" data-testid="product-brand">Oikos</p><h3 class="chakra-heading css-6qrhwc" id="20419715005_EA" data-testid="product-title">Greek Yogurt, Raspberry-Pomegramate Flavour, Fruit On Bottom, 2% M.F.,</h3><p class="chakra-text css-1yftjin" data-testid="product-package-size">4x100.0 g, $0.97/100g</p></div></a><div class="css-8keand"></div></div><div class="css-1q5omjq"><div class="css-fcebb8"><div data-testid="atc-compact" class="css-y94ivq" style="width: 45px;"><button type="button" class="chakra-button css-mudsm6" data-testid="atc-button"><svg stroke="currentColor" fill="currentColor" stroke-width="0" viewBox="0 0 24 24" focusable="false" class="chakra-icon css-1g3sp7a" data-testid="btn-icon" aria-hidden="true" height="1em" width="1em" xmlns="http://www.w3.org/2000/svg"><path d="M19 13h-6v6h-2v-6H5v-2h6V5h2v6h6v2z"></path></svg><span class="css-idkz9h">Add Greek Yogurt, Raspberry-Pomegramate Flavour, Fruit On Bottom, 2% M.F., to cart</span></button></div></div></div></div></div></div><div class="css-0"><div class="css-f5i5wc"><div class="chakra-linkbox css-vhnn8v"><div data-testid="product-image" class="css-16dr4ly"><img alt="Astro Yogurt, Peach Cobbler, 6% 625 g, $0.56/100g" src="https://assets.shop.loblaws.ca/products/21520558/b3/en/front/21520558_front_a06_@2.png" srcset="https://assets.shop.loblaws.ca/products/21520558/b3/en/front/21520558_front_a06_@2.png 1x, https://assets.shop.loblaws.ca/products/21520558/b3/en/front/21520558_front_a06_@2.png 2x" loading="lazy" class="chakra-image css-oguq8l" aria-hidden="true"></div><div class="css-qoklea"><div class="css-12dchmx"></div><div data-testid="price-product-tile" class="css-8atqhb"><p class="chakra-text css-0"><span class="chakra-text css-pwnbcb" data-testid="regular-price"><span class="css-idkz9h">$3.49</span>$3.49</span></p></div><a href="/yogurt-peach-cobbler-6/p/21520558_EA?source=nspt" class="chakra-linkbox__overlay css-1hnz6hu"><div class="css-0"><p class="chakra-text css-1ecdp9w" data-testid="product-brand">Astro</p><h3 class="chakra-heading css-6qrhwc" id="21520558_EA" data-testid="product-title">Yogurt, Peach Cobbler, 6%</h3><p class="chakra-text css-1yftjin" data-testid="product-package-size">625 g, $0.56/100g</p></div></a><div class="css-8keand"></div></div><div class="css-1q5omjq"><div class="css-fcebb8"><div data-testid="atc-compact" class="css-y94ivq" style="width: 45px;"><button type="button" class="chakra-button css-mudsm6" data-testid="atc-button"><svg stroke="currentColor" fill="currentColor" stroke-width="0" viewBox="0 0 24 24" focusable="false" class="chakra-icon css-1g3sp7a" data-testid="btn-icon" aria-hidden="true" height="1em" width="1em" xmlns="http://www.w3.org/2000/svg"><path d="M19 13h-6v6h-2v-6H5v-2h6V5h2v6h6v2z"></path></svg><span class="css-idkz9h">Add Yogurt, Peach Cobbler, 6% to cart</span></button></div></div></div></div></div></div><div class="css-0"><div class="css-f5i5wc"><div class="chakra-linkbox css-vhnn8v"><div data-testid="product-image" class="css-16dr4ly"><img alt="President's Choice Vanilla Greek Yogurt 650 g, $0.77/100g" src="https://assets.shop.loblaws.ca/products/21518036/b3/en/front/21518036_front_a06_@2.png" srcset="https://assets.shop.loblaws.ca/products/21518036/b3/en/front/21518036_front_a06_@2.png 1x, https://assets.shop.loblaws.ca/products/21518036/b3/en/front/21518036_front_a06_@2.png 2x" loading="lazy" class="chakra-image css-oguq8l" aria-hidden="true"></div><div class="css-qoklea"><div class="css-12dchmx"></div><div data-testid="price-product-tile" class="css-8atqhb"><p class="chakra-text css-0"><span class="chakra-text css-pwnbcb" data-testid="regular-price"><span class="css-idkz9h">$5.00</span>$5.00</span></p></div><a href="/vanilla-greek-yogurt/p/21518036_EA?source=nspt" class="chakra-linkbox__overlay css-1hnz6hu"><div class="css-0"><p class="chakra-text css-1ecdp9w" data-testid="product-brand">President's Choice</p><h3 class="chakra-heading css-6qrhwc" id="21518036_EA" data-testid="product-title">Vanilla Greek Yogurt</h3><p class="chakra-text css-1yftjin" data-testid="product-package-size">650 g, $0.77/100g</p></div></a><div class="css-8keand"></div></div><div class="css-1q5omjq"><div class="css-fcebb8"><div data-testid="atc-compact" class="css-y94ivq" style="width: 45px;"><button type="button" class="chakra-button css-mudsm6" data-testid="atc-button"><svg stroke="currentColor" fill="currentColor" stroke-width="0" viewBox="0 0 24 24" focusable="false" class="chakra-icon css-1g3sp7a" data-testid="btn-icon" aria-hidden="true" height="1em" width="1em" xmlns="http://www.w3.org/2000/svg"><path d="M19 13h-6v6h-2v-6H5v-2h6V5h2v6h6v2z"></path></svg><span class="css-idkz9h">Add Vanilla Greek Yogurt to cart</span></button></div></div></div></div></div></div><div class="css-0"><div class="css-f5i5wc"><div class="chakra-linkbox css-vhnn8v"><div data-testid="product-image" class="css-16dr4ly"><img alt="Activia Probiotic Yogurt, 4X Blueberry, 4X Strawberry &amp; Rhubarb, 8 Pack 8x100.0 g, $0.47/100g" src="https://assets.shop.loblaws.ca/products/20322561003/b3/en/front/20322561003_front_a06_@2.png" srcset="https://assets.shop.loblaws.ca/products/20322561003/b3/en/front/20322561003_front_a06_@2.png 1x, https://assets.shop.loblaws.ca/products/20322561003/b3/en/front/20322561003_front_a06_@2.png 2x" loading="lazy" class="chakra-image css-oguq8l" aria-hidden="true"></div><div class="css-qoklea"><div class="css-12dchmx"></div><div data-testid="price-product-tile" class="css-8atqhb"><p class="chakra-text css-0"><span class="chakra-text css-o93gbd" data-testid="sale-price"><span class="css-idkz9h">$3.79</span>$3.79</span><span class="chakra-text css-623q5h" data-testid="was-price"><span class="css-idkz9h">$4.00</span>$4.00</span></p><p class="chakra-text css-1m5a6y8" data-testid="price-descriptor">SAVE $0.21</p></div><a href="/probiotic-yogurt-4x-blueberry-4x-strawberry-rhubar/p/20322561003_EA?source=nspt" class="chakra-linkbox__overlay css-1hnz6hu"><div class="css-0"><p class="chakra-text css-1ecdp9w" data-testid="product-brand">Activia</p><h3 class="chakra-heading css-6qrhwc" id="20322561003_EA" data-testid="product-title">Probiotic Yogurt, 4X Blueberry, 4X Strawberry &amp; Rhubarb, 8 Pack</h3><p class="chakra-text css-1yftjin" data-testid="product-package-size">8x100.0 g, $0.47/100g</p></div></a><div class="css-8keand"></div></div><div class="css-1q5omjq"><div class="css-fcebb8"><div data-testid="atc-compact" class="css-y94ivq" style="width: 45px;"><button type="button" class="chakra-button css-mudsm6" data-testid="atc-button"><svg stroke="currentColor" fill="currentColor" stroke-width="0" viewBox="0 0 24 24" focusable="false" class="chakra-icon css-1g3sp7a" data-testid="btn-icon" aria-hidden="true" height="1em" width="1em" xmlns="http://www.w3.org/2000/svg"><path d="M19 13h-6v6h-2v-6H5v-2h6V5h2v6h6v2z"></path></svg><span class="css-idkz9h">Add Probiotic Yogurt, 4X Blueberry, 4X Strawberry &amp; Rhubarb, 8 Pack to cart</span></button></div></div></div></div></div></div><div class="css-0"><div class="css-f5i5wc"><div class="chakra-linkbox css-vhnn8v"><div data-testid="product-image" class="css-16dr4ly"><img alt="Silk Plant-Based Coconut Yogurt Unsweetened Plain 650 g, $0.92/100g" src="https://assets.shop.loblaws.ca/products/21588784/b3/en/front/21588784_front_a06_@2.png" srcset="https://assets.shop.loblaws.ca/products/21588784/b3/en/front/21588784_front_a06_@2.png 1x, https://assets.shop.loblaws.ca/products/21588784/b3/en/front/21588784_front_a06_@2.png 2x" loading="lazy" class="chakra-image css-oguq8l" aria-hidden="true"></div><div class="css-qoklea"><div class="css-12dchmx"></div><div data-testid="price-product-tile" class="css-8atqhb"><p class="chakra-text css-0"><span class="chakra-text css-pwnbcb" data-testid="regular-price"><span class="css-idkz9h">$5.99</span>$5.99</span></p></div><a href="/plant-based-coconut-yogurt-unsweetened-plain/p/21588784_EA?source=nspt" class="chakra-linkbox__overlay css-1hnz6hu"><div class="css-0"><p class="chakra-text css-1ecdp9w" data-testid="product-brand">Silk</p><h3 class="chakra-heading css-6qrhwc" id="21588784_EA" data-testid="product-title">Plant-Based Coconut Yogurt Unsweetened Plain</h3><p class="chakra-text css-1yftjin" data-testid="product-package-size">650 g, $0.92/100g</p></div></a><div class="css-8keand"></div></div><div class="css-1q5omjq"><div class="css-fcebb8"><div data-testid="atc-compact" class="css-y94ivq" style="width: 45px;"><button type="button" class="chakra-button css-mudsm6" data-testid="atc-button"><svg stroke="currentColor" fill="currentColor" stroke-width="0" viewBox="0 0 24 24" focusable="false" class="chakra-icon css-1g3sp7a" data-testid="btn-icon" aria-hidden="true" height="1em" width="1em" xmlns="http://www.w3.org/2000/svg"><path d="M19 13h-6v6h-2v-6H5v-2h6V5h2v6h6v2z"></path></svg><span class="css-idkz9h">Add Plant-Based Coconut Yogurt Unsweetened Plain to cart</span></button></div></div></div></div></div></div><div class="css-0"><div class="css-f5i5wc"><div class="chakra-linkbox css-vhnn8v"><div data-testid="product-image" class="css-16dr4ly"><img alt="Danone GO! Drinkable Yogurt, Strawberry Banana Flavour, Made with Real Fruit 190 ml, $0.63/100ml" src="https://assets.shop.loblaws.ca/products/21349123/b3/en/front/21349123_front_a06_@2.png" srcset="https://assets.shop.loblaws.ca/products/21349123/b3/en/front/21349123_front_a06_@2.png 1x, https://assets.shop.loblaws.ca/products/21349123/b3/en/front/21349123_front_a06_@2.png 2x" loading="lazy" class="chakra-image css-oguq8l" aria-hidden="true"></div><div class="css-qoklea"><div class="css-12dchmx"></div><div data-testid="price-product-tile" class="css-8atqhb"><p class="chakra-text css-0"><span class="chakra-text css-pwnbcb" data-testid="regular-price"><span class="css-idkz9h">$1.19</span>$1.19</span></p></div><a href="/go-drinkable-yogurt-strawberry-banana-flavour-made/p/21349123_EA?source=nspt" class="chakra-linkbox__overlay css-1hnz6hu"><div class="css-0"><p class="chakra-text css-1ecdp9w" data-testid="product-brand">Danone</p><h3 class="chakra-heading css-6qrhwc" id="21349123_EA" data-testid="product-title">GO! Drinkable Yogurt, Strawberry Banana Flavour, Made with Real Fruit</h3><p class="chakra-text css-1yftjin" data-testid="product-package-size">190 ml, $0.63/100ml</p></div></a><div class="css-8keand"></div></div><div class="css-1q5omjq"><div class="css-fcebb8"><div data-testid="atc-compact" class="css-y94ivq" style="width: 45px;"><button type="button" class="chakra-button css-mudsm6" data-testid="atc-button"><svg stroke="currentColor" fill="currentColor" stroke-width="0" viewBox="0 0 24 24" focusable="false" class="chakra-icon css-1g3sp7a" data-testid="btn-icon" aria-hidden="true" height="1em" width="1em" xmlns="http://www.w3.org/2000/svg"><path d="M19 13h-6v6h-2v-6H5v-2h6V5h2v6h6v2z"></path></svg><span class="css-idkz9h">Add GO! Drinkable Yogurt, Strawberry Banana Flavour, Made with Real Fruit to cart</span></button></div></div></div></div></div></div><div class="css-0"><div class="css-f5i5wc"><div class="chakra-linkbox css-vhnn8v"><div data-testid="product-image" class="css-16dr4ly"><img alt="siggi's Skyr Yogurt Plain 3.6%, High Protein 750 g, $0.87/100g" src="https://assets.shop.loblaws.ca/products/21353865/b3/en/front/21353865_front_a06_@2.png" srcset="https://assets.shop.loblaws.ca/products/21353865/b3/en/front/21353865_front_a06_@2.png 1x, https://assets.shop.loblaws.ca/products/21353865/b3/en/front/21353865_front_a06_@2.png 2x" loading="lazy" class="chakra-image css-oguq8l" aria-hidden="true"></div><div class="css-qoklea"><div class="css-12dchmx"></div><div data-testid="price-product-tile" class="css-8atqhb"><p class="chakra-text css-0"><span class="chakra-text css-pwnbcb" data-testid="regular-price"><span class="css-idkz9h">$6.49</span>$6.49</span></p></div><a href="/skyr-yogurt-plain-3-6-high-protein/p/21353865_EA?source=nspt" class="chakra-linkbox__overlay css-1hnz6hu"><div class="css-0"><p class="chakra-text css-1ecdp9w" data-testid="product-brand">siggi's</p><h3 class="chakra-heading css-6qrhwc" id="21353865_EA" data-testid="product-title">Skyr Yogurt Plain 3.6%, High Protein</h3><p class="chakra-text css-1yftjin" data-testid="product-package-size">750 g, $0.87/100g</p></div></a><div class="css-8keand"></div></div><div class="css-1q5omjq"><div class="css-fcebb8"><div data-testid="atc-compact" class="css-y94ivq" style="width: 45px;"><button type="button" class="chakra-button css-mudsm6" data-testid="atc-button"><svg stroke="currentColor" fill="currentColor" stroke-width="0" viewBox="0 0 24 24" focusable="false" class="chakra-icon css-1g3sp7a" data-testid="btn-icon" aria-hidden="true" height="1em" width="1em" xmlns="http://www.w3.org/2000/svg"><path d="M19 13h-6v6h-2v-6H5v-2h6V5h2v6h6v2z"></path></svg><span class="css-idkz9h">Add Skyr Yogurt Plain 3.6%, High Protein to cart</span></button></div></div></div></div></div></div><div class="css-0"><div class="css-f5i5wc"><div class="chakra-linkbox css-vhnn8v"><div data-testid="product-image" class="css-16dr4ly"><img alt="Astro Cherry Yogurt 3.25%, Balkan Style 650 g, $0.54/100g" src="https://assets.shop.loblaws.ca/products/20944286/b3/en/front/20944286_front_a06_@2.png" srcset="https://assets.shop.loblaws.ca/products/20944286/b3/en/front/20944286_front_a06_@2.png 1x, https://assets.shop.loblaws.ca/products/20944286/b3/en/front/20944286_front_a06_@2.png 2x" loading="lazy" class="chakra-image css-oguq8l" aria-hidden="true"></div><div class="css-qoklea"><div class="css-12dchmx"></div><div data-testid="price-product-tile" class="css-8atqhb"><p class="chakra-text css-0"><span class="chakra-text css-pwnbcb" data-testid="regular-price"><span class="css-idkz9h">$3.49</span>$3.49</span></p></div><a href="/cherry-yogurt-3-25-balkan-style/p/20944286_EA?source=nspt" class="chakra-linkbox__overlay css-1hnz6hu"><div class="css-0"><p class="chakra-text css-1ecdp9w" data-testid="product-brand">Astro</p><h3 class="chakra-heading css-6qrhwc" id="20944286_EA" data-testid="product-title">Cherry Yogurt 3.25%, Balkan Style</h3><p class="chakra-text css-1yftjin" data-testid="product-package-size">650 g, $0.54/100g</p></div></a><div class="css-8keand"></div></div><div class="css-1q5omjq"><div class="css-fcebb8"><div data-testid="atc-compact" class="css-y94ivq" style="width: 45px;"><button type="button" class="chakra-button css-mudsm6" data-testid="atc-button"><svg stroke="currentColor" fill="currentColor" stroke-width="0" viewBox="0 0 24 24" focusable="false" class="chakra-icon css-1g3sp7a" data-testid="btn-icon" aria-hidden="true" height="1em" width="1em" xmlns="http://www.w3.org/2000/svg"><path d="M19 13h-6v6h-2v-6H5v-2h6V5h2v6h6v2z"></path></svg><span class="css-idkz9h">Add Cherry Yogurt 3.25%, Balkan Style to cart</span></button></div></div></div></div></div></div><div class="css-0"><div class="css-f5i5wc"><div class="chakra-linkbox css-vhnn8v"><div data-testid="product-image" class="css-16dr4ly"><img alt="Activia Immune System, Probiotic Yogurt Drink, Strawberry Drinkable Yogurt, 8 Pack 8x93.0 ml, $0.81/100ml" src="https://assets.shop.loblaws.ca/products/21108459/b3/en/front/21108459_front_a06_@2.png" srcset="https://assets.shop.loblaws.ca/products/21108459/b3/en/front/21108459_front_a06_@2.png 1x, https://assets.shop.loblaws.ca/products/21108459/b3/en/front/21108459_front_a06_@2.png 2x" loading="lazy" class="chakra-image css-oguq8l" aria-hidden="true"></div><div class="css-qoklea"><div class="css-12dchmx"></div><div data-testid="price-product-tile" class="css-8atqhb"><p class="chakra-text css-0"><span class="chakra-text css-pwnbcb" data-testid="regular-price"><span class="css-idkz9h">$5.99</span>$5.99</span></p></div><a href="/immune-system-probiotic-yogurt-drink-strawberry-dr/p/21108459_EA?source=nspt" class="chakra-linkbox__overlay css-1hnz6hu"><div class="css-0"><p class="chakra-text css-1ecdp9w" data-testid="product-brand">Activia</p><h3 class="chakra-heading css-6qrhwc" id="21108459_EA" data-testid="product-title">Immune System, Probiotic Yogurt Drink, Strawberry Drinkable Yogurt, 8 Pack</h3><p class="chakra-text css-1yftjin" data-testid="product-package-size">8x93.0 ml, $0.81/100ml</p></div></a><div class="css-8keand"></div></div><div class="css-1q5omjq"><div class="css-fcebb8"><div data-testid="atc-compact" class="css-y94ivq" style="width: 45px;"><button type="button" class="chakra-button css-mudsm6" data-testid="atc-button"><svg stroke="currentColor" fill="currentColor" stroke-width="0" viewBox="0 0 24 24" focusable="false" class="chakra-icon css-1g3sp7a" data-testid="btn-icon" aria-hidden="true" height="1em" width="1em" xmlns="http://www.w3.org/2000/svg"><path d="M19 13h-6v6h-2v-6H5v-2h6V5h2v6h6v2z"></path></svg><span class="css-idkz9h">Add Immune System, Probiotic Yogurt Drink, Strawberry Drinkable Yogurt, 8 Pack to cart</span></button></div></div></div></div></div></div><div class="css-0"><div class="css-f5i5wc"><div class="chakra-linkbox css-vhnn8v"><div data-testid="product-image" class="css-16dr4ly"><img alt="IOGO Creamy Yogurt, Pineapple-Coconut-Banana, Vanilla, Lemon-Lime, and Peach-Mango 1.5% 16x100.0 g, $0.39/100g" src="https://assets.shop.loblaws.ca/products/20609583003/b3/en/front/20609583003_front_a06_@2.png" srcset="https://assets.shop.loblaws.ca/products/20609583003/b3/en/front/20609583003_front_a06_@2.png 1x, https://assets.shop.loblaws.ca/products/20609583003/b3/en/front/20609583003_front_a06_@2.png 2x" loading="lazy" class="chakra-image css-oguq8l" aria-hidden="true"></div><div class="css-qoklea"><div class="css-12dchmx"></div><div data-testid="price-product-tile" class="css-8atqhb"><p class="chakra-text css-0"><span class="chakra-text css-pwnbcb" data-testid="regular-price"><span class="css-idkz9h">$6.29</span>$6.29</span></p></div><a href="/creamy-yogurt-pineapple-coconut-banana-vanilla-lem/p/20609583003_EA?source=nspt" class="chakra-linkbox__overlay css-1hnz6hu"><div class="css-0"><p class="chakra-text css-1ecdp9w" data-testid="product-brand">IOGO</p><h3 class="chakra-heading css-6qrhwc" id="20609583003_EA" data-testid="product-title">Creamy Yogurt, Pineapple-Coconut-Banana, Vanilla, Lemon-Lime, and Peach-Mango 1.5%</h3><p class="chakra-text css-1yftjin" data-testid="product-package-size">16x100.0 g, $0.39/100g</p></div></a><div class="css-8keand"></div></div><div class="css-1q5omjq"><div class="css-fcebb8"><div data-testid="atc-compact" class="css-y94ivq" style="width: 45px;"><button type="button" class="chakra-button css-mudsm6" data-testid="atc-button"><svg stroke="currentColor" fill="currentColor" stroke-width="0" viewBox="0 0 24 24" focusable="false" class="chakra-icon css-1g3sp7a" data-testid="btn-icon" aria-hidden="true" height="1em" width="1em" xmlns="http://www.w3.org/2000/svg"><path d="M19 13h-6v6h-2v-6H5v-2h6V5h2v6h6v2z"></path></svg><span class="css-idkz9h">Add Creamy Yogurt, Pineapple-Coconut-Banana, Vanilla, Lemon-Lime, and Peach-Mango 1.5% to cart</span></button></div></div></div></div></div></div><div class="css-0"><div class="css-f5i5wc"><div class="chakra-linkbox css-vhnn8v"><div data-testid="product-image" class="css-16dr4ly"><img alt="Oikos Extra Creamy Greek Yogurt, Vanilla Bean &amp; Apricot, 9% M.F., Value Tub 650 g, $0.92/100g" src="https://assets.shop.loblaws.ca/products/21305958/b3/en/front/21305958_front_a06_@2.png" srcset="https://assets.shop.loblaws.ca/products/21305958/b3/en/front/21305958_front_a06_@2.png 1x, https://assets.shop.loblaws.ca/products/21305958/b3/en/front/21305958_front_a06_@2.png 2x" loading="lazy" class="chakra-image css-oguq8l" aria-hidden="true"></div><div class="css-qoklea"><div class="css-12dchmx"></div><div data-testid="price-product-tile" class="css-8atqhb"><p class="chakra-text css-0"><span class="chakra-text css-pwnbcb" data-testid="regular-price"><span class="css-idkz9h">$5.99</span>$5.99</span></p></div><a href="/extra-creamy-greek-yogurt-vanilla-bean-apricot-9-m/p/21305958_EA?source=nspt" class="chakra-linkbox__overlay css-1hnz6hu"><div class="css-0"><p class="chakra-text css-1ecdp9w" data-testid="product-brand">Oikos</p><h3 class="chakra-heading css-6qrhwc" id="21305958_EA" data-testid="product-title">Extra Creamy Greek Yogurt, Vanilla Bean &amp; Apricot, 9% M.F., Value Tub</h3><p class="chakra-text css-1yftjin" data-testid="product-package-size">650 g, $0.92/100g</p></div></a><div class="css-8keand"></div></div><div class="css-1q5omjq"><div class="css-fcebb8"><div data-testid="atc-compact" class="css-y94ivq" style="width: 45px;"><button type="button" class="chakra-button css-mudsm6" data-testid="atc-button"><svg stroke="currentColor" fill="currentColor" stroke-width="0" viewBox="0 0 24 24" focusable="false" class="chakra-icon css-1g3sp7a" data-testid="btn-icon" aria-hidden="true" height="1em" width="1em" xmlns="http://www.w3.org/2000/svg"><path d="M19 13h-6v6h-2v-6H5v-2h6V5h2v6h6v2z"></path></svg><span class="css-idkz9h">Add Extra Creamy Greek Yogurt, Vanilla Bean &amp; Apricot, 9% M.F., Value Tub to cart</span></button></div></div></div></div></div></div><div class="css-0"><div class="css-f5i5wc"><div class="chakra-linkbox css-vhnn8v"><div data-testid="product-image" class="css-16dr4ly"><img alt="President's Choice Lactose Free Plain Greek Yogurt 750 g, $0.67/100g" src="https://assets.shop.loblaws.ca/products/21518491/b3/en/front/21518491_front_a06_@2.png" srcset="https://assets.shop.loblaws.ca/products/21518491/b3/en/front/21518491_front_a06_@2.png 1x, https://assets.shop.loblaws.ca/products/21518491/b3/en/front/21518491_front_a06_@2.png 2x" loading="lazy" class="chakra-image css-oguq8l" aria-hidden="true"></div><div class="css-qoklea"><div class="css-12dchmx"></div><div data-testid="price-product-tile" class="css-8atqhb"><p class="chakra-text css-0"><span class="chakra-text css-pwnbcb" data-testid="regular-price"><span class="css-idkz9h">$5.00</span>$5.00</span></p></div><a href="/lactose-free-plain-greek-yogurt/p/21518491_EA?source=nspt" class="chakra-linkbox__overlay css-1hnz6hu"><div class="css-0"><p class="chakra-text css-1ecdp9w" data-testid="product-brand">President's Choice</p><h3 class="chakra-heading css-6qrhwc" id="21518491_EA" data-testid="product-title">Lactose Free Plain Greek Yogurt</h3><p class="chakra-text css-1yftjin" data-testid="product-package-size">750 g, $0.67/100g</p></div></a><div class="css-8keand"></div></div><div class="css-1q5omjq"><div class="css-fcebb8"><div data-testid="atc-compact" class="css-y94ivq" style="width: 45px;"><button type="button" class="chakra-button css-mudsm6" data-testid="atc-button"><svg stroke="currentColor" fill="currentColor" stroke-width="0" viewBox="0 0 24 24" focusable="false" class="chakra-icon css-1g3sp7a" data-testid="btn-icon" aria-hidden="true" height="1em" width="1em" xmlns="http://www.w3.org/2000/svg"><path d="M19 13h-6v6h-2v-6H5v-2h6V5h2v6h6v2z"></path></svg><span class="css-idkz9h">Add Lactose Free Plain Greek Yogurt to cart</span></button></div></div></div></div></div></div><div class="css-0"><div class="css-f5i5wc"><div class="chakra-linkbox css-vhnn8v"><div data-testid="product-image" class="css-16dr4ly"><img alt="Astro Fruit on the Bottom Yogurt, Strawberry, Raspberry, Black Cherry, Nectarine 4% 12x100.0 g, $0.54/100g" src="https://assets.shop.loblaws.ca/products/20300831/b3/en/front/20300831_front_a06_@2.png" srcset="https://assets.shop.loblaws.ca/products/20300831/b3/en/front/20300831_front_a06_@2.png 1x, https://assets.shop.loblaws.ca/products/20300831/b3/en/front/20300831_front_a06_@2.png 2x" loading="lazy" class="chakra-image css-oguq8l" aria-hidden="true"></div><div class="css-qoklea"><div class="css-12dchmx"></div><div data-testid="price-product-tile" class="css-8atqhb"><p class="chakra-text css-0"><span class="chakra-text css-pwnbcb" data-testid="regular-price"><span class="css-idkz9h">$6.49</span>$6.49</span></p></div><a href="/fruit-on-the-bottom-yogurt-strawberry-raspberry-bl/p/20300831_EA?source=nspt" class="chakra-linkbox__overlay css-1hnz6hu"><div class="css-0"><p class="chakra-text css-1ecdp9w" data-testid="product-brand">Astro</p><h3 class="chakra-heading css-6qrhwc" id="20300831_EA" data-testid="product-title">Fruit on the Bottom Yogurt, Strawberry, Raspberry, Black Cherry, Nectarine 4%</h3><p class="chakra-text css-1yftjin" data-testid="product-package-size">12x100.0 g, $0.54/100g</p></div></a><div class="css-8keand"></div></div><div class="css-1q5omjq"><div class="css-fcebb8"><div data-testid="atc-compact" class="css-y94ivq" style="width: 45px;"><button type="button" class="chakra-button css-mudsm6" data-testid="atc-button"><svg stroke="currentColor" fill="currentColor" stroke-width="0" viewBox="0 0 24 24" focusable="false" class="chakra-icon css-1g3sp7a" data-testid="btn-icon" aria-hidden="true" height="1em" width="1em" xmlns="http://www.w3.org/2000/svg"><path d="M19 13h-6v6h-2v-6H5v-2h6V5h2v6h6v2z"></path></svg><span class="css-idkz9h">Add Fruit on the Bottom Yogurt, Strawberry, Raspberry, Black Cherry, Nectarine 4% to cart</span></button></div></div></div></div></div></div><div class="css-0"><div class="css-f5i5wc"><div class="chakra-linkbox css-vhnn8v"><div data-testid="product-image" class="css-16dr4ly"><img alt="Riviera Oat Based Vegan Delight Plain 650 g, $1.00/100g" src="https://assets.shop.loblaws.ca/products/21497497/b3/en/front/21497497_front_a06_@2.png" srcset="https://assets.shop.loblaws.ca/products/21497497/b3/en/front/21497497_front_a06_@2.png 1x, https://assets.shop.loblaws.ca/products/21497497/b3/en/front/21497497_front_a06_@2.png 2x" loading="lazy" class="chakra-image css-oguq8l" aria-hidden="true"></div><div class="css-qoklea"><div class="css-12dchmx"></div><div data-testid="price-product-tile" class="css-8atqhb"><p class="chakra-text css-0"><span class="chakra-text css-pwnbcb" data-testid="regular-price"><span class="css-idkz9h">$6.49</span>$6.49</span></p></div><a href="/oat-based-vegan-delight-plain/p/21497497_EA?source=nspt" class="chakra-linkbox__overlay css-1hnz6hu"><div class="css-0"><p class="chakra-text css-1ecdp9w" data-testid="product-brand">Riviera</p><h3 class="chakra-heading css-6qrhwc" id="21497497_EA" data-testid="product-title">Oat Based Vegan Delight Plain</h3><p class="chakra-text css-1yftjin" data-testid="product-package-size">650 g, $1.00/100g</p></div></a><div class="css-8keand"></div></div><div class="css-1q5omjq"><div class="css-fcebb8"><div data-testid="atc-compact" class="css-y94ivq" style="width: 45px;"><button type="button" class="chakra-button css-mudsm6" data-testid="atc-button"><svg stroke="currentColor" fill="currentColor" stroke-width="0" viewBox="0 0 24 24" focusable="false" class="chakra-icon css-1g3sp7a" data-testid="btn-icon" aria-hidden="true" height="1em" width="1em" xmlns="http://www.w3.org/2000/svg"><path d="M19 13h-6v6h-2v-6H5v-2h6V5h2v6h6v2z"></path></svg><span class="css-idkz9h">Add Oat Based Vegan Delight Plain to cart</span></button></div></div><div class="css-4saf4a"><p class="chakra-text css-py8788" data-testid="inventory-badge-text">Low Stock</p></div></div></div></div></div><div class="css-0"><div class="css-f5i5wc"><div class="chakra-linkbox css-vhnn8v"><div data-testid="product-image" class="css-16dr4ly"><img alt="Activia Yogurt With Probiotics, Raspberry Flavour 650 g, $0.71/100g" src="https://assets.shop.loblaws.ca/products/20325132005/b3/en/front/20325132005_front_a06_@2.png" srcset="https://assets.shop.loblaws.ca/products/20325132005/b3/en/front/20325132005_front_a06_@2.png 1x, https://assets.shop.loblaws.ca/products/20325132005/b3/en/front/20325132005_front_a06_@2.png 2x" loading="lazy" class="chakra-image css-oguq8l" aria-hidden="true"></div><div class="css-qoklea"><div class="css-12dchmx"></div><div data-testid="price-product-tile" class="css-8atqhb"><p class="chakra-text css-0"><span class="chakra-text css-pwnbcb" data-testid="regular-price"><span class="css-idkz9h">$4.59</span>$4.59</span></p></div><a href="/yogurt-with-probiotics-raspberry-flavour/p/20325132005_EA?source=nspt" class="chakra-linkbox__overlay css-1hnz6hu"><div class="css-0"><p class="chakra-text css-1ecdp9w" data-testid="product-brand">Activia</p><h3 class="chakra-heading css-6qrhwc" id="20325132005_EA" data-testid="product-title">Yogurt With Probiotics, Raspberry Flavour</h3><p class="chakra-text css-1yftjin" data-testid="product-package-size">650 g, $0.71/100g</p></div></a><div class="css-8keand"></div></div><div class="css-1q5omjq"><div class="css-fcebb8"><div data-testid="atc-compact" class="css-y94ivq" style="width: 45px;"><button type="button" class="chakra-button css-mudsm6" data-testid="atc-button"><svg stroke="currentColor" fill="currentColor" stroke-width="0" viewBox="0 0 24 24" focusable="false" class="chakra-icon css-1g3sp7a" data-testid="btn-icon" aria-hidden="true" height="1em" width="1em" xmlns="http://www.w3.org/2000/svg"><path d="M19 13h-6v6h-2v-6H5v-2h6V5h2v6h6v2z"></path></svg><span class="css-idkz9h">Add Yogurt With Probiotics, Raspberry Flavour to cart</span></button></div></div></div></div></div></div><div class="css-0"><div class="css-f5i5wc"><div class="chakra-linkbox css-vhnn8v"><div data-testid="product-image" class="css-16dr4ly"><img alt="Liberte Méditerranée 10% Yogurt, Plain 900 g, $0.65/100g" src="https://assets.shop.loblaws.ca/products/21305347/b3/en/front/21305347_front_a06_@2.png" srcset="https://assets.shop.loblaws.ca/products/21305347/b3/en/front/21305347_front_a06_@2.png 1x, https://assets.shop.loblaws.ca/products/21305347/b3/en/front/21305347_front_a06_@2.png 2x" loading="lazy" class="chakra-image css-oguq8l" aria-hidden="true"></div><div class="css-qoklea"><div class="css-12dchmx"></div><div data-testid="price-product-tile" class="css-8atqhb"><p class="chakra-text css-0"><span class="chakra-text css-o93gbd" data-testid="sale-price"><span class="css-idkz9h">$5.89</span>$5.89</span><span class="chakra-text css-623q5h" data-testid="was-price"><span class="css-idkz9h">$6.99</span>$6.99</span></p><p class="chakra-text css-1m5a6y8" data-testid="price-descriptor">SAVE $1.10</p></div><a href="/m-diterran-e-10-yogurt-plain/p/21305347_EA?source=nspt" class="chakra-linkbox__overlay css-1hnz6hu"><div class="css-0"><p class="chakra-text css-1ecdp9w" data-testid="product-brand">Liberte</p><h3 class="chakra-heading css-6qrhwc" id="21305347_EA" data-testid="product-title">Méditerranée 10% Yogurt, Plain</h3><p class="chakra-text css-1yftjin" data-testid="product-package-size">900 g, $0.65/100g</p></div></a><div class="css-8keand"></div></div><div class="css-1q5omjq"><div class="css-fcebb8"><div data-testid="atc-compact" class="css-y94ivq" style="width: 45px;"><button type="button" class="chakra-button css-mudsm6" data-testid="atc-button"><svg stroke="currentColor" fill="currentColor" stroke-width="0" viewBox="0 0 24 24" focusable="false" class="chakra-icon css-1g3sp7a" data-testid="btn-icon" aria-hidden="true" height="1em" width="1em" xmlns="http://www.w3.org/2000/svg"><path d="M19 13h-6v6h-2v-6H5v-2h6V5h2v6h6v2z"></path></svg><span class="css-idkz9h">Add Méditerranée 10% Yogurt, Plain to cart</span></button></div></div><div class="css-4saf4a"><p class="chakra-text css-py8788" data-testid="inventory-badge-text">Low Stock</p></div></div></div></div></div><div class="css-0"><div class="css-f5i5wc"><div class="chakra-linkbox css-vhnn8v"><div data-testid="product-image" class="css-16dr4ly"><img alt="Yoplait Creamy 1% Smooth Traditional Yogurt Cups Variety Pack 16x100.0 g, $0.47/100g" src="https://assets.shop.loblaws.ca/products/20120316004/b3/en/front/20120316004_front_a06_@2.png" srcset="https://assets.shop.loblaws.ca/products/20120316004/b3/en/front/20120316004_front_a06_@2.png 1x, https://assets.shop.loblaws.ca/products/20120316004/b3/en/front/20120316004_front_a06_@2.png 2x" loading="lazy" class="chakra-image css-oguq8l" aria-hidden="true"></div><div class="css-qoklea"><div class="css-12dchmx"></div><div data-testid="price-product-tile" class="css-8atqhb"><p class="chakra-text css-0"><span class="chakra-text css-pwnbcb" data-testid="regular-price"><span class="css-idkz9h">$7.49</span>$7.49</span></p></div><a href="/creamy-1-smooth-traditional-yogurt-cups-variety-pa/p/20120316004_EA?source=nspt" class="chakra-linkbox__overlay css-1hnz6hu"><div class="css-0"><p class="chakra-text css-1ecdp9w" data-testid="product-brand">Yoplait</p><h3 class="chakra-heading css-6qrhwc" id="20120316004_EA" data-testid="product-title">Creamy 1% Smooth Traditional Yogurt Cups Variety Pack</h3><p class="chakra-text css-1yftjin" data-testid="product-package-size">16x100.0 g, $0.47/100g</p></div></a><div class="css-8keand"></div></div><div class="css-1q5omjq"><div class="css-fcebb8"><div data-testid="atc-compact" class="css-y94ivq" style="width: 45px;"><button type="button" class="chakra-button css-mudsm6" data-testid="atc-button"><svg stroke="currentColor" fill="currentColor" stroke-width="0" viewBox="0 0 24 24" focusable="false" class="chakra-icon css-1g3sp7a" data-testid="btn-icon" aria-hidden="true" height="1em" width="1em" xmlns="http://www.w3.org/2000/svg"><path d="M19 13h-6v6h-2v-6H5v-2h6V5h2v6h6v2z"></path></svg><span class="css-idkz9h">Add Creamy 1% Smooth Traditional Yogurt Cups Variety Pack to cart</span></button></div></div></div></div></div></div><div class="css-0"><div class="css-f5i5wc"><div class="chakra-linkbox css-vhnn8v"><div data-testid="product-image" class="css-16dr4ly"><img alt="Yoplait Source 0% Smooth Traditional Yogurt, Peach, No Added Sugar 630 g, $0.42/100g" src="https://assets.shop.loblaws.ca/products/21391318004/b3/en/front/21391318004_front_a06_@2.png" srcset="https://assets.shop.loblaws.ca/products/21391318004/b3/en/front/21391318004_front_a06_@2.png 1x, https://assets.shop.loblaws.ca/products/21391318004/b3/en/front/21391318004_front_a06_@2.png 2x" loading="lazy" class="chakra-image css-oguq8l" aria-hidden="true"></div><div class="css-qoklea"><div class="css-12dchmx"></div><div data-testid="price-product-tile" class="css-8atqhb"><p class="chakra-text css-0"><span class="chakra-text css-pwnbcb" data-testid="regular-price"><span class="css-idkz9h">$2.65</span>$2.65</span></p></div><a href="/source-0-smooth-traditional-yogurt-peach-no-added/p/21391318004_EA?source=nspt" class="chakra-linkbox__overlay css-1hnz6hu"><div class="css-0"><p class="chakra-text css-1ecdp9w" data-testid="product-brand">Yoplait</p><h3 class="chakra-heading css-6qrhwc" id="21391318004_EA" data-testid="product-title">Source 0% Smooth Traditional Yogurt, Peach, No Added Sugar</h3><p class="chakra-text css-1yftjin" data-testid="product-package-size">630 g, $0.42/100g</p></div></a><div class="css-8keand"></div></div><div class="css-1q5omjq"><div class="css-fcebb8"><div data-testid="atc-compact" class="css-y94ivq" style="width: 45px;"><button type="button" class="chakra-button css-mudsm6" data-testid="atc-button"><svg stroke="currentColor" fill="currentColor" stroke-width="0" viewBox="0 0 24 24" focusable="false" class="chakra-icon css-1g3sp7a" data-testid="btn-icon" aria-hidden="true" height="1em" width="1em" xmlns="http://www.w3.org/2000/svg"><path d="M19 13h-6v6h-2v-6H5v-2h6V5h2v6h6v2z"></path></svg><span class="css-idkz9h">Add Source 0% Smooth Traditional Yogurt, Peach, No Added Sugar to cart</span></button></div></div></div></div></div></div><div class="css-0"><div class="css-f5i5wc"><div class="chakra-linkbox css-vhnn8v"><div data-testid="product-image" class="css-16dr4ly"><img alt="Liberte Greek 5% Extra Creamy Yogurt, Plain, High Protein 650 g, $0.91/100g" src="https://assets.shop.loblaws.ca/products/21353457/b3/en/front/21353457_front_a06_@2.png" srcset="https://assets.shop.loblaws.ca/products/21353457/b3/en/front/21353457_front_a06_@2.png 1x, https://assets.shop.loblaws.ca/products/21353457/b3/en/front/21353457_front_a06_@2.png 2x" loading="lazy" class="chakra-image css-oguq8l" aria-hidden="true"></div><div class="css-qoklea"><div class="css-12dchmx"></div><div data-testid="price-product-tile" class="css-8atqhb"><p class="chakra-text css-0"><span class="chakra-text css-o93gbd" data-testid="sale-price"><span class="css-idkz9h">$5.89</span>$5.89</span><span class="chakra-text css-623q5h" data-testid="was-price"><span class="css-idkz9h">$6.99</span>$6.99</span></p><p class="chakra-text css-1m5a6y8" data-testid="price-descriptor">SAVE $1.10</p></div><a href="/greek-5-extra-creamy-yogurt-plain-high-protein/p/21353457_EA?source=nspt" class="chakra-linkbox__overlay css-1hnz6hu"><div class="css-0"><p class="chakra-text css-1ecdp9w" data-testid="product-brand">Liberte</p><h3 class="chakra-heading css-6qrhwc" id="21353457_EA" data-testid="product-title">Greek 5% Extra Creamy Yogurt, Plain, High Protein</h3><p class="chakra-text css-1yftjin" data-testid="product-package-size">650 g, $0.91/100g</p></div></a><div class="css-8keand"></div></div><div class="css-1q5omjq"><div class="css-fcebb8"><div data-testid="atc-compact" class="css-y94ivq" style="width: 45px;"><button type="button" class="chakra-button css-mudsm6" data-testid="atc-button"><svg stroke="currentColor" fill="currentColor" stroke-width="0" viewBox="0 0 24 24" focusable="false" class="chakra-icon css-1g3sp7a" data-testid="btn-icon" aria-hidden="true" height="1em" width="1em" xmlns="http://www.w3.org/2000/svg"><path d="M19 13h-6v6h-2v-6H5v-2h6V5h2v6h6v2z"></path></svg><span class="css-idkz9h">Add Greek 5% Extra Creamy Yogurt, Plain, High Protein to cart</span></button></div></div></div></div></div></div><div class="css-0"><div class="css-f5i5wc"><div class="chakra-linkbox css-vhnn8v"><div data-testid="product-image" class="css-16dr4ly"><img alt="Yoplait Yop 3% Minigo Duo, Variety Pack, Kids Snack 6x60.0 g, $0.94/100g" src="https://assets.shop.loblaws.ca/products/20275868001/b3/en/front/20275868001_front_a06_@2.png" srcset="https://assets.shop.loblaws.ca/products/20275868001/b3/en/front/20275868001_front_a06_@2.png 1x, https://assets.shop.loblaws.ca/products/20275868001/b3/en/front/20275868001_front_a06_@2.png 2x" loading="lazy" class="chakra-image css-oguq8l" aria-hidden="true"></div><div class="css-qoklea"><div class="css-12dchmx"></div><div data-testid="price-product-tile" class="css-8atqhb"><p class="chakra-text css-0"><span class="chakra-text css-pwnbcb" data-testid="regular-price"><span class="css-idkz9h">$3.39</span>$3.39</span></p></div><a href="/yop-3-minigo-duo-variety-pack-kids-snack/p/20275868001_EA?source=nspt" class="chakra-linkbox__overlay css-1hnz6hu"><div class="css-0"><p class="chakra-text css-1ecdp9w" data-testid="product-brand">Yoplait</p><h3 class="chakra-heading css-6qrhwc" id="20275868001_EA" data-testid="product-title">Yop 3% Minigo Duo, Variety Pack, Kids Snack</h3><p class="chakra-text css-1yftjin" data-testid="product-package-size">6x60.0 g, $0.94/100g</p></div></a><div class="css-8keand"></div></div><div class="css-1q5omjq"><div class="css-fcebb8"><div data-testid="atc-compact" class="css-y94ivq" style="width: 45px;"><button type="button" class="chakra-button css-mudsm6" data-testid="atc-button"><svg stroke="currentColor" fill="currentColor" stroke-width="0" viewBox="0 0 24 24" focusable="false" class="chakra-icon css-1g3sp7a" data-testid="btn-icon" aria-hidden="true" height="1em" width="1em" xmlns="http://www.w3.org/2000/svg"><path d="M19 13h-6v6h-2v-6H5v-2h6V5h2v6h6v2z"></path></svg><span class="css-idkz9h">Add Yop 3% Minigo Duo, Variety Pack, Kids Snack to cart</span></button></div></div></div></div></div></div><div class="css-0"><div class="css-f5i5wc"><div class="chakra-linkbox css-vhnn8v"><div data-testid="product-image" class="css-16dr4ly"><img alt="Hans Lassi Yogurt Smoothie, Strawberry 200 ml, $0.65/100ml" src="https://assets.shop.loblaws.ca/products/20694150/b3/en/front/20694150_front_a06_@2.png" srcset="https://assets.shop.loblaws.ca/products/20694150/b3/en/front/20694150_front_a06_@2.png 1x, https://assets.shop.loblaws.ca/products/20694150/b3/en/front/20694150_front_a06_@2.png 2x" loading="lazy" class="chakra-image css-oguq8l" aria-hidden="true"></div><div class="css-qoklea"><div class="css-12dchmx"></div><div data-testid="price-product-tile" class="css-8atqhb"><p class="chakra-text css-0"><span class="chakra-text css-pwnbcb" data-testid="regular-price"><span class="css-idkz9h">$1.29</span>$1.29</span></p></div><a href="/lassi-yogurt-smoothie-strawberry/p/20694150_EA?source=nspt" class="chakra-linkbox__overlay css-1hnz6hu"><div class="css-0"><p class="chakra-text css-1ecdp9w" data-testid="product-brand">Hans</p><h3 class="chakra-heading css-6qrhwc" id="20694150_EA" data-testid="product-title">Lassi Yogurt Smoothie, Strawberry</h3><p class="chakra-text css-1yftjin" data-testid="product-package-size">200 ml, $0.65/100ml</p></div></a><div class="css-8keand"></div></div><div class="css-1q5omjq"><div class="css-fcebb8"><div data-testid="atc-compact" class="css-y94ivq" style="width: 45px;"><button type="button" class="chakra-button css-mudsm6" data-testid="atc-button"><svg stroke="currentColor" fill="currentColor" stroke-width="0" viewBox="0 0 24 24" focusable="false" class="chakra-icon css-1g3sp7a" data-testid="btn-icon" aria-hidden="true" height="1em" width="1em" xmlns="http://www.w3.org/2000/svg"><path d="M19 13h-6v6h-2v-6H5v-2h6V5h2v6h6v2z"></path></svg><span class="css-idkz9h">Add Lassi Yogurt Smoothie, Strawberry to cart</span></button></div></div></div></div></div></div><div class="css-0"><div class="css-f5i5wc"><div class="chakra-linkbox css-vhnn8v"><div data-testid="product-image" class="css-16dr4ly"><img alt="Hans Dairy 2% Natural Yogurt    750 g, $0.40/100g" src="https://assets.shop.loblaws.ca/products/20313667/b3/en/front/20313667_front_a06_@2.png" srcset="https://assets.shop.loblaws.ca/products/20313667/b3/en/front/20313667_front_a06_@2.png 1x, https://assets.shop.loblaws.ca/products/20313667/b3/en/front/20313667_front_a06_@2.png 2x" loading="lazy" class="chakra-image css-oguq8l" aria-hidden="true"></div><div class="css-qoklea"><div class="css-12dchmx"></div><div data-testid="price-product-tile" class="css-8atqhb"><p class="chakra-text css-0"><span class="chakra-text css-pwnbcb" data-testid="regular-price"><span class="css-idkz9h">$2.99</span>$2.99</span></p></div><a href="/dairy-2-natural-yogurt/p/20313667_EA?source=nspt" class="chakra-linkbox__overlay css-1hnz6hu"><div class="css-0"><p class="chakra-text css-1ecdp9w" data-testid="product-brand">Hans</p><h3 class="chakra-heading css-6qrhwc" id="20313667_EA" data-testid="product-title">Dairy 2% Natural Yogurt   </h3><p class="chakra-text css-1yftjin" data-testid="product-package-size">750 g, $0.40/100g</p></div></a><div class="css-8keand"></div></div><div class="css-1q5omjq"><div class="css-fcebb8"><div data-testid="atc-compact" class="css-y94ivq" style="width: 45px;"><button type="button" class="chakra-button css-mudsm6" data-testid="atc-button"><svg stroke="currentColor" fill="currentColor" stroke-width="0" viewBox="0 0 24 24" focusable="false" class="chakra-icon css-1g3sp7a" data-testid="btn-icon" aria-hidden="true" height="1em" width="1em" xmlns="http://www.w3.org/2000/svg"><path d="M19 13h-6v6h-2v-6H5v-2h6V5h2v6h6v2z"></path></svg><span class="css-idkz9h">Add Dairy 2% Natural Yogurt    to cart</span></button></div></div></div></div></div></div><div class="css-0"><div class="css-f5i5wc"><div class="chakra-linkbox css-vhnn8v"><div data-testid="product-image" class="css-16dr4ly"><img alt="Silk Dairy Free Plant Based Almond Yogurt, Vanilla Flavour 640 g, $0.94/100g" src="https://assets.shop.loblaws.ca/products/21196118/b3/en/front/21196118_front_a06_@2.png" srcset="https://assets.shop.loblaws.ca/products/21196118/b3/en/front/21196118_front_a06_@2.png 1x, https://assets.shop.loblaws.ca/products/21196118/b3/en/front/21196118_front_a06_@2.png 2x" loading="lazy" class="chakra-image css-oguq8l" aria-hidden="true"></div><div class="css-qoklea"><div class="css-12dchmx"></div><div data-testid="price-product-tile" class="css-8atqhb"><p class="chakra-text css-0"><span class="chakra-text css-pwnbcb" data-testid="regular-price"><span class="css-idkz9h">$5.99</span>$5.99</span></p></div><a href="/dairy-free-plant-based-almond-yogurt-vanilla-flavo/p/21196118_EA?source=nspt" class="chakra-linkbox__overlay css-1hnz6hu"><div class="css-0"><p class="chakra-text css-1ecdp9w" data-testid="product-brand">Silk</p><h3 class="chakra-heading css-6qrhwc" id="21196118_EA" data-testid="product-title">Dairy Free Plant Based Almond Yogurt, Vanilla Flavour</h3><p class="chakra-text css-1yftjin" data-testid="product-package-size">640 g, $0.94/100g</p></div></a><div class="css-8keand"></div></div><div class="css-1q5omjq"><div class="css-fcebb8"><div data-testid="atc-compact" class="css-y94ivq" style="width: 45px;"><button type="button" class="chakra-button css-mudsm6" data-testid="atc-button"><svg stroke="currentColor" fill="currentColor" stroke-width="0" viewBox="0 0 24 24" focusable="false" class="chakra-icon css-1g3sp7a" data-testid="btn-icon" aria-hidden="true" height="1em" width="1em" xmlns="http://www.w3.org/2000/svg"><path d="M19 13h-6v6h-2v-6H5v-2h6V5h2v6h6v2z"></path></svg><span class="css-idkz9h">Add Dairy Free Plant Based Almond Yogurt, Vanilla Flavour to cart</span></button></div></div></div></div></div></div><div class="css-0"><div class="css-f5i5wc"><div class="chakra-linkbox css-vhnn8v"><div data-testid="product-image" class="css-16dr4ly"><img alt="Astro Biobest Yogurt with Probiotics, Plain, 1%  750 g, $0.47/100g" src="https://assets.shop.loblaws.ca/products/20143263/b3/en/front/20143263_front_a06_@2.png" srcset="https://assets.shop.loblaws.ca/products/20143263/b3/en/front/20143263_front_a06_@2.png 1x, https://assets.shop.loblaws.ca/products/20143263/b3/en/front/20143263_front_a06_@2.png 2x" loading="lazy" class="chakra-image css-oguq8l" aria-hidden="true"></div><div class="css-qoklea"><div class="css-12dchmx"></div><div data-testid="price-product-tile" class="css-8atqhb"><p class="chakra-text css-0"><span class="chakra-text css-pwnbcb" data-testid="regular-price"><span class="css-idkz9h">$3.49</span>$3.49</span></p></div><a href="/biobest-yogurt-with-probiotics-plain-1/p/20143263_EA?source=nspt" class="chakra-linkbox__overlay css-1hnz6hu"><div class="css-0"><p class="chakra-text css-1ecdp9w" data-testid="product-brand">Astro</p><h3 class="chakra-heading css-6qrhwc" id="20143263_EA" data-testid="product-title">Biobest Yogurt with Probiotics, Plain, 1% </h3><p class="chakra-text css-1yftjin" data-testid="product-package-size">750 g, $0.47/100g</p></div></a><div class="css-8keand"></div></div><div class="css-1q5omjq"><div class="css-fcebb8"><div data-testid="atc-compact" class="css-y94ivq" style="width: 45px;"><button type="button" class="chakra-button css-mudsm6" data-testid="atc-button"><svg stroke="currentColor" fill="currentColor" stroke-width="0" viewBox="0 0 24 24" focusable="false" class="chakra-icon css-1g3sp7a" data-testid="btn-icon" aria-hidden="true" height="1em" width="1em" xmlns="http://www.w3.org/2000/svg"><path d="M19 13h-6v6h-2v-6H5v-2h6V5h2v6h6v2z"></path></svg><span class="css-idkz9h">Add Biobest Yogurt with Probiotics, Plain, 1%  to cart</span></button></div></div></div></div></div></div><div class="css-0"><div class="css-f5i5wc"><div class="chakra-linkbox css-vhnn8v"><div data-testid="product-image" class="css-16dr4ly"><img alt="Oikos Greek Yogurt, Vanilla Flavour, 2% M.F., Value Tub 750 g, $0.80/100g" src="https://assets.shop.loblaws.ca/products/21006660/b3/en/front/21006660_front_a06_@2.png" srcset="https://assets.shop.loblaws.ca/products/21006660/b3/en/front/21006660_front_a06_@2.png 1x, https://assets.shop.loblaws.ca/products/21006660/b3/en/front/21006660_front_a06_@2.png 2x" loading="lazy" class="chakra-image css-oguq8l" aria-hidden="true"></div><div class="css-qoklea"><div class="css-12dchmx"></div><div data-testid="price-product-tile" class="css-8atqhb"><p class="chakra-text css-0"><span class="chakra-text css-pwnbcb" data-testid="regular-price"><span class="css-idkz9h">$5.99</span>$5.99</span></p></div><a href="/greek-yogurt-vanilla-flavour-2-m-f-value-tub/p/21006660_EA?source=nspt" class="chakra-linkbox__overlay css-1hnz6hu"><div class="css-0"><p class="chakra-text css-1ecdp9w" data-testid="product-brand">Oikos</p><h3 class="chakra-heading css-6qrhwc" id="21006660_EA" data-testid="product-title">Greek Yogurt, Vanilla Flavour, 2% M.F., Value Tub</h3><p class="chakra-text css-1yftjin" data-testid="product-package-size">750 g, $0.80/100g</p></div></a><div class="css-8keand"></div></div><div class="css-1q5omjq"><div class="css-fcebb8"><div data-testid="atc-compact" class="css-y94ivq" style="width: 45px;"><button type="button" class="chakra-button css-mudsm6" data-testid="atc-button"><svg stroke="currentColor" fill="currentColor" stroke-width="0" viewBox="0 0 24 24" focusable="false" class="chakra-icon css-1g3sp7a" data-testid="btn-icon" aria-hidden="true" height="1em" width="1em" xmlns="http://www.w3.org/2000/svg"><path d="M19 13h-6v6h-2v-6H5v-2h6V5h2v6h6v2z"></path></svg><span class="css-idkz9h">Add Greek Yogurt, Vanilla Flavour, 2% M.F., Value Tub to cart</span></button></div></div></div></div></div></div><div class="css-0"><div class="css-f5i5wc"><div class="chakra-linkbox css-vhnn8v"><div data-testid="product-image" class="css-16dr4ly"><img alt="Danone Two Good Vanilla Yogurt, Low Sugar, 2g Sugar, 8g Protein 625 g, $0.64/100g" src="https://assets.shop.loblaws.ca/products/21477597/b3/en/front/21477597_front_a06_@2.png" srcset="https://assets.shop.loblaws.ca/products/21477597/b3/en/front/21477597_front_a06_@2.png 1x, https://assets.shop.loblaws.ca/products/21477597/b3/en/front/21477597_front_a06_@2.png 2x" loading="lazy" class="chakra-image css-oguq8l" aria-hidden="true"></div><div class="css-qoklea"><div class="css-12dchmx"></div><div data-testid="price-product-tile" class="css-8atqhb"><p class="chakra-text css-0"><span class="chakra-text css-pwnbcb" data-testid="regular-price"><span class="css-idkz9h">$3.99</span>$3.99</span></p></div><a href="/two-good-vanilla-yogurt-low-sugar-2g-sugar-8g-prot/p/21477597_EA?source=nspt" class="chakra-linkbox__overlay css-1hnz6hu"><div class="css-0"><p class="chakra-text css-1ecdp9w" data-testid="product-brand">Danone</p><h3 class="chakra-heading css-6qrhwc" id="21477597_EA" data-testid="product-title">Two Good Vanilla Yogurt, Low Sugar, 2g Sugar, 8g Protein</h3><p class="chakra-text css-1yftjin" data-testid="product-package-size">625 g, $0.64/100g</p></div></a><div class="css-8keand"></div></div><div class="css-1q5omjq"><div class="css-fcebb8"><div data-testid="atc-compact" class="css-y94ivq" style="width: 45px;"><button disabled="" type="button" class="chakra-button css-mudsm6" data-testid="atc-button"><svg stroke="currentColor" fill="currentColor" stroke-width="0" viewBox="0 0 24 24" focusable="false" class="chakra-icon css-1g3sp7a" data-testid="btn-icon" aria-hidden="true" height="1em" width="1em" xmlns="http://www.w3.org/2000/svg"><path d="M19 13h-6v6h-2v-6H5v-2h6V5h2v6h6v2z"></path></svg><span class="css-idkz9h">Add Two Good Vanilla Yogurt, Low Sugar, 2g Sugar, 8g Protein to cart</span></button></div></div><div class="css-4saf4a"><p class="chakra-text css-py8788" data-testid="inventory-badge-text">Out of Stock</p></div></div></div></div></div><div class="css-0"><div class="css-f5i5wc"><div class="chakra-linkbox css-vhnn8v"><div data-testid="product-image" class="css-16dr4ly"><img alt="President's Choice Plain Greek Yogurt 5% 650 g, $0.77/100g" src="https://assets.shop.loblaws.ca/products/21518093/b3/en/front/21518093_front_a06_@2.png" srcset="https://assets.shop.loblaws.ca/products/21518093/b3/en/front/21518093_front_a06_@2.png 1x, https://assets.shop.loblaws.ca/products/21518093/b3/en/front/21518093_front_a06_@2.png 2x" loading="lazy" class="chakra-image css-oguq8l" aria-hidden="true"></div><div class="css-qoklea"><div class="css-12dchmx"></div><div data-testid="price-product-tile" class="css-8atqhb"><p class="chakra-text css-0"><span class="chakra-text css-pwnbcb" data-testid="regular-price"><span class="css-idkz9h">$5.00</span>$5.00</span></p></div><a href="/plain-greek-yogurt-5/p/21518093_EA?source=nspt" class="chakra-linkbox__overlay css-1hnz6hu"><div class="css-0"><p class="chakra-text css-1ecdp9w" data-testid="product-brand">President's Choice</p><h3 class="chakra-heading css-6qrhwc" id="21518093_EA" data-testid="product-title">Plain Greek Yogurt 5%</h3><p class="chakra-text css-1yftjin" data-testid="product-package-size">650 g, $0.77/100g</p></div></a><div class="css-8keand"></div></div><div class="css-1q5omjq"><div class="css-fcebb8"><div data-testid="atc-compact" class="css-y94ivq" style="width: 45px;"><button type="button" class="chakra-button css-mudsm6" data-testid="atc-button"><svg stroke="currentColor" fill="currentColor" stroke-width="0" viewBox="0 0 24 24" focusable="false" class="chakra-icon css-1g3sp7a" data-testid="btn-icon" aria-hidden="true" height="1em" width="1em" xmlns="http://www.w3.org/2000/svg"><path d="M19 13h-6v6h-2v-6H5v-2h6V5h2v6h6v2z"></path></svg><span class="css-idkz9h">Add Plain Greek Yogurt 5% to cart</span></button></div></div></div></div></div></div><div class="css-0"><div class="css-f5i5wc"><div class="chakra-linkbox css-vhnn8v"><div data-testid="product-image" class="css-16dr4ly"><img alt="Danone Two Good Vanilla Low Sugar Yogurt, 2g Sugar, 8g Protein 380 g, $1.00/100g" src="https://assets.shop.loblaws.ca/products/21475943/b3/en/front/21475943_front_a06_@2.png" srcset="https://assets.shop.loblaws.ca/products/21475943/b3/en/front/21475943_front_a06_@2.png 1x, https://assets.shop.loblaws.ca/products/21475943/b3/en/front/21475943_front_a06_@2.png 2x" loading="lazy" class="chakra-image css-oguq8l" aria-hidden="true"></div><div class="css-qoklea"><div class="css-12dchmx"></div><div data-testid="price-product-tile" class="css-8atqhb"><p class="chakra-text css-0"><span class="chakra-text css-pwnbcb" data-testid="regular-price"><span class="css-idkz9h">$3.79</span>$3.79</span></p></div><a href="/two-good-vanilla-low-sugar-yogurt-2g-sugar-8g-prot/p/21475943_EA?source=nspt" class="chakra-linkbox__overlay css-1hnz6hu"><div class="css-0"><p class="chakra-text css-1ecdp9w" data-testid="product-brand">Danone</p><h3 class="chakra-heading css-6qrhwc" id="21475943_EA" data-testid="product-title">Two Good Vanilla Low Sugar Yogurt, 2g Sugar, 8g Protein</h3><p class="chakra-text css-1yftjin" data-testid="product-package-size">380 g, $1.00/100g</p></div></a><div class="css-8keand"></div></div><div class="css-1q5omjq"><div class="css-fcebb8"><div data-testid="atc-compact" class="css-y94ivq" style="width: 45px;"><button type="button" class="chakra-button css-mudsm6" data-testid="atc-button"><svg stroke="currentColor" fill="currentColor" stroke-width="0" viewBox="0 0 24 24" focusable="false" class="chakra-icon css-1g3sp7a" data-testid="btn-icon" aria-hidden="true" height="1em" width="1em" xmlns="http://www.w3.org/2000/svg"><path d="M19 13h-6v6h-2v-6H5v-2h6V5h2v6h6v2z"></path></svg><span class="css-idkz9h">Add Two Good Vanilla Low Sugar Yogurt, 2g Sugar, 8g Protein to cart</span></button></div></div></div></div></div></div><div class="css-0"><div class="css-f5i5wc"><div class="chakra-linkbox css-vhnn8v"><div data-testid="product-image" class="css-16dr4ly"><img alt="Activia Yogurt With Probiotics, Strawberry Flavour 650 g, $0.71/100g" src="https://assets.shop.loblaws.ca/products/20325132001/b3/en/front/20325132001_front_a06_@2.png" srcset="https://assets.shop.loblaws.ca/products/20325132001/b3/en/front/20325132001_front_a06_@2.png 1x, https://assets.shop.loblaws.ca/products/20325132001/b3/en/front/20325132001_front_a06_@2.png 2x" loading="lazy" class="chakra-image css-oguq8l" aria-hidden="true"></div><div class="css-qoklea"><div class="css-12dchmx"></div><div data-testid="price-product-tile" class="css-8atqhb"><p class="chakra-text css-0"><span class="chakra-text css-pwnbcb" data-testid="regular-price"><span class="css-idkz9h">$4.59</span>$4.59</span></p></div><a href="/yogurt-with-probiotics-strawberry-flavour/p/20325132001_EA?source=nspt" class="chakra-linkbox__overlay css-1hnz6hu"><div class="css-0"><p class="chakra-text css-1ecdp9w" data-testid="product-brand">Activia</p><h3 class="chakra-heading css-6qrhwc" id="20325132001_EA" data-testid="product-title">Yogurt With Probiotics, Strawberry Flavour</h3><p class="chakra-text css-1yftjin" data-testid="product-package-size">650 g, $0.71/100g</p></div></a><div class="css-8keand"></div></div><div class="css-1q5omjq"><div class="css-fcebb8"><div data-testid="atc-compact" class="css-y94ivq" style="width: 45px;"><button type="button" class="chakra-button css-mudsm6" data-testid="atc-button"><svg stroke="currentColor" fill="currentColor" stroke-width="0" viewBox="0 0 24 24" focusable="false" class="chakra-icon css-1g3sp7a" data-testid="btn-icon" aria-hidden="true" height="1em" width="1em" xmlns="http://www.w3.org/2000/svg"><path d="M19 13h-6v6h-2v-6H5v-2h6V5h2v6h6v2z"></path></svg><span class="css-idkz9h">Add Yogurt With Probiotics, Strawberry Flavour to cart</span></button></div></div></div></div></div></div><div class="css-0"><div class="css-f5i5wc"><div class="chakra-linkbox css-vhnn8v"><div data-testid="product-image" class="css-16dr4ly"><img alt="Activia Yogurt With Probiotics Lemon Flavour 650 g, $0.71/100g" src="https://assets.shop.loblaws.ca/products/20608416001/b3/en/front/20608416001_front_a06_@2.png" srcset="https://assets.shop.loblaws.ca/products/20608416001/b3/en/front/20608416001_front_a06_@2.png 1x, https://assets.shop.loblaws.ca/products/20608416001/b3/en/front/20608416001_front_a06_@2.png 2x" loading="lazy" class="chakra-image css-oguq8l" aria-hidden="true"></div><div class="css-qoklea"><div class="css-12dchmx"></div><div data-testid="price-product-tile" class="css-8atqhb"><p class="chakra-text css-0"><span class="chakra-text css-pwnbcb" data-testid="regular-price"><span class="css-idkz9h">$4.59</span>$4.59</span></p></div><a href="/yogurt-with-probiotics-lemon-flavour/p/20608416001_EA?source=nspt" class="chakra-linkbox__overlay css-1hnz6hu"><div class="css-0"><p class="chakra-text css-1ecdp9w" data-testid="product-brand">Activia</p><h3 class="chakra-heading css-6qrhwc" id="20608416001_EA" data-testid="product-title">Yogurt With Probiotics Lemon Flavour</h3><p class="chakra-text css-1yftjin" data-testid="product-package-size">650 g, $0.71/100g</p></div></a><div class="css-8keand"></div></div><div class="css-1q5omjq"><div class="css-fcebb8"><div data-testid="atc-compact" class="css-y94ivq" style="width: 45px;"><button type="button" class="chakra-button css-mudsm6" data-testid="atc-button"><svg stroke="currentColor" fill="currentColor" stroke-width="0" viewBox="0 0 24 24" focusable="false" class="chakra-icon css-1g3sp7a" data-testid="btn-icon" aria-hidden="true" height="1em" width="1em" xmlns="http://www.w3.org/2000/svg"><path d="M19 13h-6v6h-2v-6H5v-2h6V5h2v6h6v2z"></path></svg><span class="css-idkz9h">Add Yogurt With Probiotics Lemon Flavour to cart</span></button></div></div></div></div></div></div><div class="css-0"><div class="css-f5i5wc"><div class="chakra-linkbox css-vhnn8v"><div data-testid="product-image" class="css-16dr4ly"><img alt="Oikos Extra Creamy Greek Yogurt, Extra Creamy Plain 11% 750 g, $0.80/100g" src="https://assets.shop.loblaws.ca/products/21216451/b3/en/front/21216451_front_a06_@2.png" srcset="https://assets.shop.loblaws.ca/products/21216451/b3/en/front/21216451_front_a06_@2.png 1x, https://assets.shop.loblaws.ca/products/21216451/b3/en/front/21216451_front_a06_@2.png 2x" loading="lazy" class="chakra-image css-oguq8l" aria-hidden="true"></div><div class="css-qoklea"><div class="css-12dchmx"></div><div data-testid="price-product-tile" class="css-8atqhb"><p class="chakra-text css-0"><span class="chakra-text css-pwnbcb" data-testid="regular-price"><span class="css-idkz9h">$5.99</span>$5.99</span></p></div><a href="/extra-creamy-greek-yogurt-extra-creamy-plain-11/p/21216451_EA?source=nspt" class="chakra-linkbox__overlay css-1hnz6hu"><div class="css-0"><p class="chakra-text css-1ecdp9w" data-testid="product-brand">Oikos</p><h3 class="chakra-heading css-6qrhwc" id="21216451_EA" data-testid="product-title">Extra Creamy Greek Yogurt, Extra Creamy Plain 11%</h3><p class="chakra-text css-1yftjin" data-testid="product-package-size">750 g, $0.80/100g</p></div></a><div class="css-8keand"></div></div><div class="css-1q5omjq"><div class="css-fcebb8"><div data-testid="atc-compact" class="css-y94ivq" style="width: 45px;"><button type="button" class="chakra-button css-mudsm6" data-testid="atc-button"><svg stroke="currentColor" fill="currentColor" stroke-width="0" viewBox="0 0 24 24" focusable="false" class="chakra-icon css-1g3sp7a" data-testid="btn-icon" aria-hidden="true" height="1em" width="1em" xmlns="http://www.w3.org/2000/svg"><path d="M19 13h-6v6h-2v-6H5v-2h6V5h2v6h6v2z"></path></svg><span class="css-idkz9h">Add Extra Creamy Greek Yogurt, Extra Creamy Plain 11% to cart</span></button></div></div></div></div></div></div><div class="css-0"><div class="css-f5i5wc"><div class="chakra-linkbox css-vhnn8v"><div data-testid="product-image" class="css-16dr4ly"><img alt="No Name Strawberry Stirred 0% M.F. Yogurt 650 g, $0.49/100g" src="https://assets.shop.loblaws.ca/products/20685773002/b3/en/front/20685773002_front_a06_@2.png" srcset="https://assets.shop.loblaws.ca/products/20685773002/b3/en/front/20685773002_front_a06_@2.png 1x, https://assets.shop.loblaws.ca/products/20685773002/b3/en/front/20685773002_front_a06_@2.png 2x" loading="lazy" class="chakra-image css-oguq8l" aria-hidden="true"></div><div class="css-qoklea"><div class="css-12dchmx"></div><div data-testid="price-product-tile" class="css-8atqhb"><p class="chakra-text css-0"><span class="chakra-text css-pwnbcb" data-testid="regular-price"><span class="css-idkz9h">$3.19</span>$3.19</span></p></div><a href="/strawberry-stirred-0-m-f-yogurt/p/20685773002_EA?source=nspt" class="chakra-linkbox__overlay css-1hnz6hu"><div class="css-0"><p class="chakra-text css-1ecdp9w" data-testid="product-brand">No Name</p><h3 class="chakra-heading css-6qrhwc" id="20685773002_EA" data-testid="product-title">Strawberry Stirred 0% M.F. Yogurt</h3><p class="chakra-text css-1yftjin" data-testid="product-package-size">650 g, $0.49/100g</p></div></a><div class="css-8keand"></div></div><div class="css-1q5omjq"><div class="css-fcebb8"><div data-testid="atc-compact" class="css-y94ivq" style="width: 45px;"><button type="button" class="chakra-button css-mudsm6" data-testid="atc-button"><svg stroke="currentColor" fill="currentColor" stroke-width="0" viewBox="0 0 24 24" focusable="false" class="chakra-icon css-1g3sp7a" data-testid="btn-icon" aria-hidden="true" height="1em" width="1em" xmlns="http://www.w3.org/2000/svg"><path d="M19 13h-6v6h-2v-6H5v-2h6V5h2v6h6v2z"></path></svg><span class="css-idkz9h">Add Strawberry Stirred 0% M.F. Yogurt to cart</span></button></div></div></div></div></div></div><div class="css-0"><div class="css-f5i5wc"><div class="chakra-linkbox css-vhnn8v"><div data-testid="product-image" class="css-16dr4ly"><img alt="Activia Yogurt With Probiotics, Fieldberry Flavour Tub 650 g, $0.71/100g" src="https://assets.shop.loblaws.ca/products/21430507/b3/en/front/21430507_front_a06_@2.png" srcset="https://assets.shop.loblaws.ca/products/21430507/b3/en/front/21430507_front_a06_@2.png 1x, https://assets.shop.loblaws.ca/products/21430507/b3/en/front/21430507_front_a06_@2.png 2x" loading="lazy" class="chakra-image css-oguq8l" aria-hidden="true"></div><div class="css-qoklea"><div class="css-12dchmx"></div><div data-testid="price-product-tile" class="css-8atqhb"><p class="chakra-text css-0"><span class="chakra-text css-pwnbcb" data-testid="regular-price"><span class="css-idkz9h">$4.59</span>$4.59</span></p></div><a href="/yogurt-with-probiotics-fieldberry-flavour-tub/p/21430507_EA?source=nspt" class="chakra-linkbox__overlay css-1hnz6hu"><div class="css-0"><p class="chakra-text css-1ecdp9w" data-testid="product-brand">Activia</p><h3 class="chakra-heading css-6qrhwc" id="21430507_EA" data-testid="product-title">Yogurt With Probiotics, Fieldberry Flavour Tub</h3><p class="chakra-text css-1yftjin" data-testid="product-package-size">650 g, $0.71/100g</p></div></a><div class="css-8keand"></div></div><div class="css-1q5omjq"><div class="css-fcebb8"><div data-testid="atc-compact" class="css-y94ivq" style="width: 45px;"><button type="button" class="chakra-button css-mudsm6" data-testid="atc-button"><svg stroke="currentColor" fill="currentColor" stroke-width="0" viewBox="0 0 24 24" focusable="false" class="chakra-icon css-1g3sp7a" data-testid="btn-icon" aria-hidden="true" height="1em" width="1em" xmlns="http://www.w3.org/2000/svg"><path d="M19 13h-6v6h-2v-6H5v-2h6V5h2v6h6v2z"></path></svg><span class="css-idkz9h">Add Yogurt With Probiotics, Fieldberry Flavour Tub to cart</span></button></div></div></div></div></div></div><div class="css-0"><div class="css-f5i5wc"><div class="chakra-linkbox css-vhnn8v"><div data-testid="product-image" class="css-16dr4ly"><img alt="Activia Probiotic Yogurt, Vanilla 2 kg, $0.55/100g" src="https://assets.shop.loblaws.ca/products/21477239/b3/en/front/21477239_front_a06_@2.png" srcset="https://assets.shop.loblaws.ca/products/21477239/b3/en/front/21477239_front_a06_@2.png 1x, https://assets.shop.loblaws.ca/products/21477239/b3/en/front/21477239_front_a06_@2.png 2x" loading="lazy" class="chakra-image css-oguq8l" aria-hidden="true"></div><div class="css-qoklea"><div class="css-12dchmx"></div><div data-testid="price-product-tile" class="css-8atqhb"><p class="chakra-text css-0"><span class="chakra-text css-pwnbcb" data-testid="regular-price"><span class="css-idkz9h">$10.99</span>$10.99</span></p></div><a href="/probiotic-yogurt-vanilla/p/21477239_EA?source=nspt" class="chakra-linkbox__overlay css-1hnz6hu"><div class="css-0"><p class="chakra-text css-1ecdp9w" data-testid="product-brand">Activia</p><h3 class="chakra-heading css-6qrhwc" id="21477239_EA" data-testid="product-title">Probiotic Yogurt, Vanilla</h3><p class="chakra-text css-1yftjin" data-testid="product-package-size">2 kg, $0.55/100g</p></div></a><div class="css-8keand"></div></div><div class="css-1q5omjq"><div class="css-fcebb8"><div data-testid="atc-compact" class="css-y94ivq" style="width: 45px;"><button type="button" class="chakra-button css-mudsm6" data-testid="atc-button"><svg stroke="currentColor" fill="currentColor" stroke-width="0" viewBox="0 0 24 24" focusable="false" class="chakra-icon css-1g3sp7a" data-testid="btn-icon" aria-hidden="true" height="1em" width="1em" xmlns="http://www.w3.org/2000/svg"><path d="M19 13h-6v6h-2v-6H5v-2h6V5h2v6h6v2z"></path></svg><span class="css-idkz9h">Add Probiotic Yogurt, Vanilla to cart</span></button></div></div></div></div></div></div><div class="css-0"><div class="css-f5i5wc"><div class="chakra-linkbox css-vhnn8v"><div data-testid="product-image" class="css-16dr4ly"><img alt="Khaas Halal Yogurt, Plain 2% 750 g, $0.33/100g" src="https://assets.shop.loblaws.ca/products/20544362001/b3/en/front/20544362001_front_a06_@2.png" srcset="https://assets.shop.loblaws.ca/products/20544362001/b3/en/front/20544362001_front_a06_@2.png 1x, https://assets.shop.loblaws.ca/products/20544362001/b3/en/front/20544362001_front_a06_@2.png 2x" loading="lazy" class="chakra-image css-oguq8l" aria-hidden="true"></div><div class="css-qoklea"><div class="css-12dchmx"></div><div data-testid="price-product-tile" class="css-8atqhb"><p class="chakra-text css-0"><span class="chakra-text css-pwnbcb" data-testid="regular-price"><span class="css-idkz9h">$2.49</span>$2.49</span></p></div><a href="/halal-yogurt-plain-2/p/20544362001_EA?source=nspt" class="chakra-linkbox__overlay css-1hnz6hu"><div class="css-0"><p class="chakra-text css-1ecdp9w" data-testid="product-brand">Khaas</p><h3 class="chakra-heading css-6qrhwc" id="20544362001_EA" data-testid="product-title">Halal Yogurt, Plain 2%</h3><p class="chakra-text css-1yftjin" data-testid="product-package-size">750 g, $0.33/100g</p></div></a><div class="css-8keand"></div></div><div class="css-1q5omjq"><div class="css-fcebb8"><div data-testid="atc-compact" class="css-y94ivq" style="width: 45px;"><button type="button" class="chakra-button css-mudsm6" data-testid="atc-button"><svg stroke="currentColor" fill="currentColor" stroke-width="0" viewBox="0 0 24 24" focusable="false" class="chakra-icon css-1g3sp7a" data-testid="btn-icon" aria-hidden="true" height="1em" width="1em" xmlns="http://www.w3.org/2000/svg"><path d="M19 13h-6v6h-2v-6H5v-2h6V5h2v6h6v2z"></path></svg><span class="css-idkz9h">Add Halal Yogurt, Plain 2% to cart</span></button></div></div></div></div></div></div><div class="css-0"><div class="css-f5i5wc"><div class="chakra-linkbox css-vhnn8v"><div data-testid="product-image" class="css-16dr4ly"><img alt="Olympic Organic Yogurt, Blueberry 3% 650 g, $0.92/100g" src="https://assets.shop.loblaws.ca/products/20316485007/b3/en/front/20316485007_front_a06_@2.png" srcset="https://assets.shop.loblaws.ca/products/20316485007/b3/en/front/20316485007_front_a06_@2.png 1x, https://assets.shop.loblaws.ca/products/20316485007/b3/en/front/20316485007_front_a06_@2.png 2x" loading="lazy" class="chakra-image css-oguq8l" aria-hidden="true"></div><div class="css-qoklea"><div class="css-12dchmx"></div><div data-testid="price-product-tile" class="css-8atqhb"><p class="chakra-text css-0"><span class="chakra-text css-pwnbcb" data-testid="regular-price"><span class="css-idkz9h">$5.99</span>$5.99</span></p></div><a href="/organic-yogurt-blueberry-3/p/20316485007_EA?source=nspt" class="chakra-linkbox__overlay css-1hnz6hu"><div class="css-0"><p class="chakra-text css-1ecdp9w" data-testid="product-brand">Olympic</p><h3 class="chakra-heading css-6qrhwc" id="20316485007_EA" data-testid="product-title">Organic Yogurt, Blueberry 3%</h3><p class="chakra-text css-1yftjin" data-testid="product-package-size">650 g, $0.92/100g</p></div></a><div class="css-8keand"></div></div><div class="css-1q5omjq"><div class="css-fcebb8"><div data-testid="atc-compact" class="css-y94ivq" style="width: 45px;"><button type="button" class="chakra-button css-mudsm6" data-testid="atc-button"><svg stroke="currentColor" fill="currentColor" stroke-width="0" viewBox="0 0 24 24" focusable="false" class="chakra-icon css-1g3sp7a" data-testid="btn-icon" aria-hidden="true" height="1em" width="1em" xmlns="http://www.w3.org/2000/svg"><path d="M19 13h-6v6h-2v-6H5v-2h6V5h2v6h6v2z"></path></svg><span class="css-idkz9h">Add Organic Yogurt, Blueberry 3% to cart</span></button></div></div></div></div></div></div><div class="css-0"><div class="css-f5i5wc"><div class="chakra-linkbox css-vhnn8v"><div data-testid="product-image" class="css-16dr4ly"><img alt="Astro Plain Yogurt  2%, Balkan Style 750 g, $0.47/100g" src="https://assets.shop.loblaws.ca/products/20170533001/b3/en/front/20170533001_front_a06_@2.png" srcset="https://assets.shop.loblaws.ca/products/20170533001/b3/en/front/20170533001_front_a06_@2.png 1x, https://assets.shop.loblaws.ca/products/20170533001/b3/en/front/20170533001_front_a06_@2.png 2x" loading="lazy" class="chakra-image css-oguq8l" aria-hidden="true"></div><div class="css-qoklea"><div class="css-12dchmx"></div><div data-testid="price-product-tile" class="css-8atqhb"><p class="chakra-text css-0"><span class="chakra-text css-pwnbcb" data-testid="regular-price"><span class="css-idkz9h">$3.49</span>$3.49</span></p></div><a href="/plain-yogurt-2-balkan-style/p/20170533001_EA?source=nspt" class="chakra-linkbox__overlay css-1hnz6hu"><div class="css-0"><p class="chakra-text css-1ecdp9w" data-testid="product-brand">Astro</p><h3 class="chakra-heading css-6qrhwc" id="20170533001_EA" data-testid="product-title">Plain Yogurt  2%, Balkan Style</h3><p class="chakra-text css-1yftjin" data-testid="product-package-size">750 g, $0.47/100g</p></div></a><div class="css-8keand"></div></div><div class="css-1q5omjq"><div class="css-fcebb8"><div data-testid="atc-compact" class="css-y94ivq" style="width: 45px;"><button type="button" class="chakra-button css-mudsm6" data-testid="atc-button"><svg stroke="currentColor" fill="currentColor" stroke-width="0" viewBox="0 0 24 24" focusable="false" class="chakra-icon css-1g3sp7a" data-testid="btn-icon" aria-hidden="true" height="1em" width="1em" xmlns="http://www.w3.org/2000/svg"><path d="M19 13h-6v6h-2v-6H5v-2h6V5h2v6h6v2z"></path></svg><span class="css-idkz9h">Add Plain Yogurt  2%, Balkan Style to cart</span></button></div></div></div></div></div></div><div class="css-0"><div class="css-f5i5wc"><div class="chakra-linkbox css-vhnn8v"><div data-testid="product-image" class="css-16dr4ly"><img alt="siggi's Skyr Yogurt Banana 2%, High Protein 650 g, $1.00/100g" src="https://assets.shop.loblaws.ca/products/21549531/b3/en/front/21549531_front_a06_@2.png" srcset="https://assets.shop.loblaws.ca/products/21549531/b3/en/front/21549531_front_a06_@2.png 1x, https://assets.shop.loblaws.ca/products/21549531/b3/en/front/21549531_front_a06_@2.png 2x" loading="lazy" class="chakra-image css-oguq8l" aria-hidden="true"></div><div class="css-qoklea"><div class="css-12dchmx"></div><div data-testid="price-product-tile" class="css-8atqhb"><p class="chakra-text css-0"><span class="chakra-text css-pwnbcb" data-testid="regular-price"><span class="css-idkz9h">$6.49</span>$6.49</span></p></div><a href="/skyr-yogurt-banana-2-high-protein/p/21549531_EA?source=nspt" class="chakra-linkbox__overlay css-1hnz6hu"><div class="css-0"><p class="chakra-text css-1ecdp9w" data-testid="product-brand">siggi's</p><h3 class="chakra-heading css-6qrhwc" id="21549531_EA" data-testid="product-title">Skyr Yogurt Banana 2%, High Protein</h3><p class="chakra-text css-1yftjin" data-testid="product-package-size">650 g, $1.00/100g</p></div></a><div class="css-8keand"></div></div><div class="css-1q5omjq"><div class="css-fcebb8"><div data-testid="atc-compact" class="css-y94ivq" style="width: 45px;"><button type="button" class="chakra-button css-mudsm6" data-testid="atc-button"><svg stroke="currentColor" fill="currentColor" stroke-width="0" viewBox="0 0 24 24" focusable="false" class="chakra-icon css-1g3sp7a" data-testid="btn-icon" aria-hidden="true" height="1em" width="1em" xmlns="http://www.w3.org/2000/svg"><path d="M19 13h-6v6h-2v-6H5v-2h6V5h2v6h6v2z"></path></svg><span class="css-idkz9h">Add Skyr Yogurt Banana 2%, High Protein to cart</span></button></div></div></div></div></div></div><div class="css-0"><div class="css-f5i5wc"><div class="chakra-linkbox css-vhnn8v"><div data-testid="product-image" class="css-16dr4ly"><img alt="Liberte Méditerranée 9% Yogurt, Wild Blueberry 4x100.0 g, $1.05/100g" src="https://assets.shop.loblaws.ca/products/21389654/b3/en/front/21389654_front_a06_@2.png" srcset="https://assets.shop.loblaws.ca/products/21389654/b3/en/front/21389654_front_a06_@2.png 1x, https://assets.shop.loblaws.ca/products/21389654/b3/en/front/21389654_front_a06_@2.png 2x" loading="lazy" class="chakra-image css-oguq8l" aria-hidden="true"></div><div class="css-qoklea"><div class="css-12dchmx"></div><div data-testid="price-product-tile" class="css-8atqhb"><p class="chakra-text css-0"><span class="chakra-text css-pwnbcb" data-testid="regular-price"><span class="css-idkz9h">$4.19</span>$4.19</span></p></div><a href="/m-diterran-e-9-yogurt-wild-blueberry/p/21389654_EA?source=nspt" class="chakra-linkbox__overlay css-1hnz6hu"><div class="css-0"><p class="chakra-text css-1ecdp9w" data-testid="product-brand">Liberte</p><h3 class="chakra-heading css-6qrhwc" id="21389654_EA" data-testid="product-title">Méditerranée 9% Yogurt, Wild Blueberry</h3><p class="chakra-text css-1yftjin" data-testid="product-package-size">4x100.0 g, $1.05/100g</p></div></a><div class="css-8keand"></div></div><div class="css-1q5omjq"><div class="css-fcebb8"><div data-testid="atc-compact" class="css-y94ivq" style="width: 45px;"><button type="button" class="chakra-button css-mudsm6" data-testid="atc-button"><svg stroke="currentColor" fill="currentColor" stroke-width="0" viewBox="0 0 24 24" focusable="false" class="chakra-icon css-1g3sp7a" data-testid="btn-icon" aria-hidden="true" height="1em" width="1em" xmlns="http://www.w3.org/2000/svg"><path d="M19 13h-6v6h-2v-6H5v-2h6V5h2v6h6v2z"></path></svg><span class="css-idkz9h">Add Méditerranée 9% Yogurt, Wild Blueberry to cart</span></button></div></div></div></div></div></div><div class="css-0"><div class="css-f5i5wc"><div class="chakra-linkbox css-vhnn8v"><div data-testid="product-image" class="css-16dr4ly"><img alt="Activia Probiotics Yogurt Source of Fibres, Strawberry-Wildberry-Mango 1140 g, $0.48/100g" src="https://assets.shop.loblaws.ca/products/21588586/b3/en/front/21588586_front_a06_@2.png" srcset="https://assets.shop.loblaws.ca/products/21588586/b3/en/front/21588586_front_a06_@2.png 1x, https://assets.shop.loblaws.ca/products/21588586/b3/en/front/21588586_front_a06_@2.png 2x" loading="lazy" class="chakra-image css-oguq8l" aria-hidden="true"></div><div class="css-qoklea"><div class="css-12dchmx"></div><div data-testid="price-product-tile" class="css-8atqhb"><p class="chakra-text css-0"><span class="chakra-text css-pwnbcb" data-testid="regular-price"><span class="css-idkz9h">$5.50</span>$5.50</span></p></div><a href="/probiotics-yogurt-source-of-fibres-strawberry-wild/p/21588586_EA?source=nspt" class="chakra-linkbox__overlay css-1hnz6hu"><div class="css-0"><p class="chakra-text css-1ecdp9w" data-testid="product-brand">Activia</p><h3 class="chakra-heading css-6qrhwc" id="21588586_EA" data-testid="product-title">Probiotics Yogurt Source of Fibres, Strawberry-Wildberry-Mango</h3><p class="chakra-text css-1yftjin" data-testid="product-package-size">1140 g, $0.48/100g</p></div></a><div class="css-8keand"></div></div><div class="css-1q5omjq"><div class="css-fcebb8"><div data-testid="atc-compact" class="css-y94ivq" style="width: 45px;"><button type="button" class="chakra-button css-mudsm6" data-testid="atc-button"><svg stroke="currentColor" fill="currentColor" stroke-width="0" viewBox="0 0 24 24" focusable="false" class="chakra-icon css-1g3sp7a" data-testid="btn-icon" aria-hidden="true" height="1em" width="1em" xmlns="http://www.w3.org/2000/svg"><path d="M19 13h-6v6h-2v-6H5v-2h6V5h2v6h6v2z"></path></svg><span class="css-idkz9h">Add Probiotics Yogurt Source of Fibres, Strawberry-Wildberry-Mango to cart</span></button></div></div></div></div></div></div><div class="css-0"><div class="css-f5i5wc"><div class="chakra-linkbox css-vhnn8v"><div data-testid="product-image" class="css-16dr4ly"><img alt="Activia Probiotic Yogurt, Blackberry, Blueberry, Blackcurrent, Berries, 12XG 12x100.0 g, $0.46/100g" src="https://assets.shop.loblaws.ca/products/21005577/b3/en/front/21005577_front_a06_@2.png" srcset="https://assets.shop.loblaws.ca/products/21005577/b3/en/front/21005577_front_a06_@2.png 1x, https://assets.shop.loblaws.ca/products/21005577/b3/en/front/21005577_front_a06_@2.png 2x" loading="lazy" class="chakra-image css-oguq8l" aria-hidden="true"></div><div class="css-qoklea"><div class="css-12dchmx"></div><div data-testid="price-product-tile" class="css-8atqhb"><p class="chakra-text css-0"><span class="chakra-text css-pwnbcb" data-testid="regular-price"><span class="css-idkz9h">$5.50</span>$5.50</span></p></div><a href="/probiotic-yogurt-blackberry-blueberry-blackcurrent/p/21005577_EA?source=nspt" class="chakra-linkbox__overlay css-1hnz6hu"><div class="css-0"><p class="chakra-text css-1ecdp9w" data-testid="product-brand">Activia</p><h3 class="chakra-heading css-6qrhwc" id="21005577_EA" data-testid="product-title">Probiotic Yogurt, Blackberry, Blueberry, Blackcurrent, Berries, 12XG</h3><p class="chakra-text css-1yftjin" data-testid="product-package-size">12x100.0 g, $0.46/100g</p></div></a><div class="css-8keand"></div></div><div class="css-1q5omjq"><div class="css-fcebb8"><div data-testid="atc-compact" class="css-y94ivq" style="width: 45px;"><button type="button" class="chakra-button css-mudsm6" data-testid="atc-button"><svg stroke="currentColor" fill="currentColor" stroke-width="0" viewBox="0 0 24 24" focusable="false" class="chakra-icon css-1g3sp7a" data-testid="btn-icon" aria-hidden="true" height="1em" width="1em" xmlns="http://www.w3.org/2000/svg"><path d="M19 13h-6v6h-2v-6H5v-2h6V5h2v6h6v2z"></path></svg><span class="css-idkz9h">Add Probiotic Yogurt, Blackberry, Blueberry, Blackcurrent, Berries, 12XG to cart</span></button></div></div></div></div></div></div><div class="css-0"><div class="css-f5i5wc"><div class="chakra-linkbox css-vhnn8v"><div data-testid="product-image" class="css-16dr4ly"><img alt="Liberte Greek Yogourt Raspberry 3 % M.F. 650 g, $0.91/100g" src="https://assets.shop.loblaws.ca/products/21588215/b3/en/front/21588215_front_a06_@2.png" srcset="https://assets.shop.loblaws.ca/products/21588215/b3/en/front/21588215_front_a06_@2.png 1x, https://assets.shop.loblaws.ca/products/21588215/b3/en/front/21588215_front_a06_@2.png 2x" loading="lazy" class="chakra-image css-oguq8l" aria-hidden="true"></div><div class="css-qoklea"><div class="css-12dchmx"></div><div data-testid="price-product-tile" class="css-8atqhb"><p class="chakra-text css-0"><span class="chakra-text css-o93gbd" data-testid="sale-price"><span class="css-idkz9h">$5.89</span>$5.89</span><span class="chakra-text css-623q5h" data-testid="was-price"><span class="css-idkz9h">$6.99</span>$6.99</span></p><p class="chakra-text css-1m5a6y8" data-testid="price-descriptor">SAVE $1.10</p></div><a href="/greek-yogourt-raspberry-3-m-f/p/21588215_EA?source=nspt" class="chakra-linkbox__overlay css-1hnz6hu"><div class="css-0"><p class="chakra-text css-1ecdp9w" data-testid="product-brand">Liberte</p><h3 class="chakra-heading css-6qrhwc" id="21588215_EA" data-testid="product-title">Greek Yogourt Raspberry 3 % M.F.</h3><p class="chakra-text css-1yftjin" data-testid="product-package-size">650 g, $0.91/100g</p></div></a><div class="css-8keand"></div></div><div class="css-1q5omjq"><div class="css-fcebb8"><div data-testid="atc-compact" class="css-y94ivq" style="width: 45px;"><button type="button" class="chakra-button css-mudsm6" data-testid="atc-button"><svg stroke="currentColor" fill="currentColor" stroke-width="0" viewBox="0 0 24 24" focusable="false" class="chakra-icon css-1g3sp7a" data-testid="btn-icon" aria-hidden="true" height="1em" width="1em" xmlns="http://www.w3.org/2000/svg"><path d="M19 13h-6v6h-2v-6H5v-2h6V5h2v6h6v2z"></path></svg><span class="css-idkz9h">Add Greek Yogourt Raspberry 3 % M.F. to cart</span></button></div></div></div></div></div></div><div class="css-0"><div class="css-f5i5wc"><div class="chakra-linkbox css-vhnn8v"><div data-testid="product-image" class="css-16dr4ly"><img alt="President's Choice 2% M.F. Greek Yogurt, Vanilla 750 g, $0.67/100g" src="https://assets.shop.loblaws.ca/products/21518314/b3/en/front/21518314_front_a06_@2.png" srcset="https://assets.shop.loblaws.ca/products/21518314/b3/en/front/21518314_front_a06_@2.png 1x, https://assets.shop.loblaws.ca/products/21518314/b3/en/front/21518314_front_a06_@2.png 2x" loading="lazy" class="chakra-image css-oguq8l" aria-hidden="true"></div><div class="css-qoklea"><div class="css-12dchmx"></div><div data-testid="price-product-tile" class="css-8atqhb"><p class="chakra-text css-0"><span class="chakra-text css-pwnbcb" data-testid="regular-price"><span class="css-idkz9h">$5.00</span>$5.00</span></p></div><a href="/2-m-f-greek-yogurt-vanilla/p/21518314_EA?source=nspt" class="chakra-linkbox__overlay css-1hnz6hu"><div class="css-0"><p class="chakra-text css-1ecdp9w" data-testid="product-brand">President's Choice</p><h3 class="chakra-heading css-6qrhwc" id="21518314_EA" data-testid="product-title">2% M.F. Greek Yogurt, Vanilla</h3><p class="chakra-text css-1yftjin" data-testid="product-package-size">750 g, $0.67/100g</p></div></a><div class="css-8keand"></div></div><div class="css-1q5omjq"><div class="css-fcebb8"><div data-testid="atc-compact" class="css-y94ivq" style="width: 45px;"><button type="button" class="chakra-button css-mudsm6" data-testid="atc-button"><svg stroke="currentColor" fill="currentColor" stroke-width="0" viewBox="0 0 24 24" focusable="false" class="chakra-icon css-1g3sp7a" data-testid="btn-icon" aria-hidden="true" height="1em" width="1em" xmlns="http://www.w3.org/2000/svg"><path d="M19 13h-6v6h-2v-6H5v-2h6V5h2v6h6v2z"></path></svg><span class="css-idkz9h">Add 2% M.F. Greek Yogurt, Vanilla to cart</span></button></div></div></div></div></div></div><div class="css-0"><div class="css-f5i5wc"><div class="chakra-linkbox css-vhnn8v"><div data-testid="product-image" class="css-16dr4ly"><img alt="Oikos Greek Yogurt, Banana Flavour, Blended, 2% Mf, 4X100G 4x100.0 g, $0.97/100g" src="https://assets.shop.loblaws.ca/products/21006595/b3/en/front/21006595_front_a06_@2.png" srcset="https://assets.shop.loblaws.ca/products/21006595/b3/en/front/21006595_front_a06_@2.png 1x, https://assets.shop.loblaws.ca/products/21006595/b3/en/front/21006595_front_a06_@2.png 2x" loading="lazy" class="chakra-image css-oguq8l" aria-hidden="true"></div><div class="css-qoklea"><div class="css-12dchmx"></div><div data-testid="price-product-tile" class="css-8atqhb"><p class="chakra-text css-0"><span class="chakra-text css-pwnbcb" data-testid="regular-price"><span class="css-idkz9h">$3.89</span>$3.89</span></p></div><a href="/greek-yogurt-banana-flavour-blended-2-mf-4x100g/p/21006595_EA?source=nspt" class="chakra-linkbox__overlay css-1hnz6hu"><div class="css-0"><p class="chakra-text css-1ecdp9w" data-testid="product-brand">Oikos</p><h3 class="chakra-heading css-6qrhwc" id="21006595_EA" data-testid="product-title">Greek Yogurt, Banana Flavour, Blended, 2% Mf, 4X100G</h3><p class="chakra-text css-1yftjin" data-testid="product-package-size">4x100.0 g, $0.97/100g</p></div></a><div class="css-8keand"></div></div><div class="css-1q5omjq"><div class="css-fcebb8"><div data-testid="atc-compact" class="css-y94ivq" style="width: 45px;"><button type="button" class="chakra-button css-mudsm6" data-testid="atc-button"><svg stroke="currentColor" fill="currentColor" stroke-width="0" viewBox="0 0 24 24" focusable="false" class="chakra-icon css-1g3sp7a" data-testid="btn-icon" aria-hidden="true" height="1em" width="1em" xmlns="http://www.w3.org/2000/svg"><path d="M19 13h-6v6h-2v-6H5v-2h6V5h2v6h6v2z"></path></svg><span class="css-idkz9h">Add Greek Yogurt, Banana Flavour, Blended, 2% Mf, 4X100G to cart</span></button></div></div></div></div></div></div><div class="css-0"><div class="css-f5i5wc"><div class="chakra-linkbox css-vhnn8v"><div data-testid="product-image" class="css-16dr4ly"><img alt="Danone Two Good, Strawberry Low Sugar Yogurt, 2g sugar, 8g protein 380 g, $1.00/100g" src="https://assets.shop.loblaws.ca/products/21476047/b3/en/front/21476047_front_a06_@2.png" srcset="https://assets.shop.loblaws.ca/products/21476047/b3/en/front/21476047_front_a06_@2.png 1x, https://assets.shop.loblaws.ca/products/21476047/b3/en/front/21476047_front_a06_@2.png 2x" loading="lazy" class="chakra-image css-oguq8l" aria-hidden="true"></div><div class="css-qoklea"><div class="css-12dchmx"></div><div data-testid="price-product-tile" class="css-8atqhb"><p class="chakra-text css-0"><span class="chakra-text css-pwnbcb" data-testid="regular-price"><span class="css-idkz9h">$3.79</span>$3.79</span></p></div><a href="/two-good-strawberry-low-sugar-yogurt-2g-sugar-8g-p/p/21476047_EA?source=nspt" class="chakra-linkbox__overlay css-1hnz6hu"><div class="css-0"><p class="chakra-text css-1ecdp9w" data-testid="product-brand">Danone</p><h3 class="chakra-heading css-6qrhwc" id="21476047_EA" data-testid="product-title">Two Good, Strawberry Low Sugar Yogurt, 2g sugar, 8g protein</h3><p class="chakra-text css-1yftjin" data-testid="product-package-size">380 g, $1.00/100g</p></div></a><div class="css-8keand"></div></div><div class="css-1q5omjq"><div class="css-fcebb8"><div data-testid="atc-compact" class="css-y94ivq" style="width: 45px;"><button type="button" class="chakra-button css-mudsm6" data-testid="atc-button"><svg stroke="currentColor" fill="currentColor" stroke-width="0" viewBox="0 0 24 24" focusable="false" class="chakra-icon css-1g3sp7a" data-testid="btn-icon" aria-hidden="true" height="1em" width="1em" xmlns="http://www.w3.org/2000/svg"><path d="M19 13h-6v6h-2v-6H5v-2h6V5h2v6h6v2z"></path></svg><span class="css-idkz9h">Add Two Good, Strawberry Low Sugar Yogurt, 2g sugar, 8g protein to cart</span></button></div></div></div></div></div></div><div class="css-0"><div class="css-f5i5wc"><div class="chakra-linkbox css-vhnn8v"><div data-testid="product-image" class="css-16dr4ly"><img alt="Yoplait  1% Yogurt Tubes, Bubble Gum Special Edition, Kids Snacks 448 g, $0.59/100g" src="https://assets.shop.loblaws.ca/products/21547585/b3/en/front/21547585_front_a06_@2.png" srcset="https://assets.shop.loblaws.ca/products/21547585/b3/en/front/21547585_front_a06_@2.png 1x, https://assets.shop.loblaws.ca/products/21547585/b3/en/front/21547585_front_a06_@2.png 2x" loading="lazy" class="chakra-image css-oguq8l" aria-hidden="true"></div><div class="css-qoklea"><div class="css-12dchmx"></div><div data-testid="price-product-tile" class="css-8atqhb"><p class="chakra-text css-0"><span class="chakra-text css-pwnbcb" data-testid="regular-price"><span class="css-idkz9h">$2.65</span>$2.65</span></p></div><a href="/1-yogurt-tubes-bubble-gum-special-edition-kids-sn/p/21547585_EA?source=nspt" class="chakra-linkbox__overlay css-1hnz6hu"><div class="css-0"><p class="chakra-text css-1ecdp9w" data-testid="product-brand">Yoplait</p><h3 class="chakra-heading css-6qrhwc" id="21547585_EA" data-testid="product-title"> 1% Yogurt Tubes, Bubble Gum Special Edition, Kids Snacks</h3><p class="chakra-text css-1yftjin" data-testid="product-package-size">448 g, $0.59/100g</p></div></a><div class="css-8keand"></div></div><div class="css-1q5omjq"><div class="css-fcebb8"><div data-testid="atc-compact" class="css-y94ivq" style="width: 45px;"><button type="button" class="chakra-button css-mudsm6" data-testid="atc-button"><svg stroke="currentColor" fill="currentColor" stroke-width="0" viewBox="0 0 24 24" focusable="false" class="chakra-icon css-1g3sp7a" data-testid="btn-icon" aria-hidden="true" height="1em" width="1em" xmlns="http://www.w3.org/2000/svg"><path d="M19 13h-6v6h-2v-6H5v-2h6V5h2v6h6v2z"></path></svg><span class="css-idkz9h">Add  1% Yogurt Tubes, Bubble Gum Special Edition, Kids Snacks to cart</span></button></div></div></div></div></div></div><div class="css-0"><div class="css-f5i5wc"><div class="chakra-linkbox css-vhnn8v"><div data-testid="product-image" class="css-16dr4ly"><img alt="Activia Yogurt With Probiotics Lactose Free, Strawberry, Blueberry, Peach, Mango Flavour, 12XG 12x100.0 g, $0.46/100g" src="https://assets.shop.loblaws.ca/products/20944778/b3/en/front/20944778_front_a06_@2.png" srcset="https://assets.shop.loblaws.ca/products/20944778/b3/en/front/20944778_front_a06_@2.png 1x, https://assets.shop.loblaws.ca/products/20944778/b3/en/front/20944778_front_a06_@2.png 2x" loading="lazy" class="chakra-image css-oguq8l" aria-hidden="true"></div><div class="css-qoklea"><div class="css-12dchmx"></div><div data-testid="price-product-tile" class="css-8atqhb"><p class="chakra-text css-0"><span class="chakra-text css-pwnbcb" data-testid="regular-price"><span class="css-idkz9h">$5.50</span>$5.50</span></p></div><a href="/yogurt-with-probiotics-lactose-free-strawberry-blu/p/20944778_EA?source=nspt" class="chakra-linkbox__overlay css-1hnz6hu"><div class="css-0"><p class="chakra-text css-1ecdp9w" data-testid="product-brand">Activia</p><h3 class="chakra-heading css-6qrhwc" id="20944778_EA" data-testid="product-title">Yogurt With Probiotics Lactose Free, Strawberry, Blueberry, Peach, Mango Flavour, 12XG</h3><p class="chakra-text css-1yftjin" data-testid="product-package-size">12x100.0 g, $0.46/100g</p></div></a><div class="css-8keand"></div></div><div class="css-1q5omjq"><div class="css-fcebb8"><div data-testid="atc-compact" class="css-y94ivq" style="width: 45px;"><button type="button" class="chakra-button css-mudsm6" data-testid="atc-button"><svg stroke="currentColor" fill="currentColor" stroke-width="0" viewBox="0 0 24 24" focusable="false" class="chakra-icon css-1g3sp7a" data-testid="btn-icon" aria-hidden="true" height="1em" width="1em" xmlns="http://www.w3.org/2000/svg"><path d="M19 13h-6v6h-2v-6H5v-2h6V5h2v6h6v2z"></path></svg><span class="css-idkz9h">Add Yogurt With Probiotics Lactose Free, Strawberry, Blueberry, Peach, Mango Flavour, 12XG to cart</span></button></div></div></div></div></div></div></div><div data-testid="product-grid" class="css-epcqr3"><div class="css-0"><div class="css-f5i5wc"><div class="chakra-linkbox css-vhnn8v"><div data-testid="product-image" class="css-16dr4ly"><img alt="Danone Two Good, Strawberry Low Sugar Yogurt, 2g sugar, 8g protein 380 g, $1.00/100g" src="https://assets.shop.loblaws.ca/products/21476047/b3/en/front/21476047_front_a06_@2.png" srcset="https://assets.shop.loblaws.ca/products/21476047/b3/en/front/21476047_front_a06_@2.png 1x, https://assets.shop.loblaws.ca/products/21476047/b3/en/front/21476047_front_a06_@2.png 2x" loading="lazy" class="chakra-image css-oguq8l" aria-hidden="true"></div><div class="css-qoklea"><div class="css-12dchmx"></div><div data-testid="price-product-tile" class="css-8atqhb"><p class="chakra-text css-0"><span class="chakra-text css-pwnbcb" data-testid="regular-price"><span class="css-idkz9h">$3.79</span>$3.79</span></p></div><a href="/two-good-strawberry-low-sugar-yogurt-2g-sugar-8g-p/p/21476047_EA?source=nspt" class="chakra-linkbox__overlay css-1hnz6hu"><div class="css-0"><p class="chakra-text css-1ecdp9w" data-testid="product-brand">Danone</p><h3 class="chakra-heading css-6qrhwc" id="21476047_EA" data-testid="product-title">Two Good, Strawberry Low Sugar Yogurt, 2g sugar, 8g protein</h3><p class="chakra-text css-1yftjin" data-testid="product-package-size">380 g, $1.00/100g</p></div></a><div class="css-8keand"></div></div><div class="css-1q5omjq"><div class="css-fcebb8"><div data-testid="atc-compact" class="css-y94ivq" style="width: 45px;"><button type="button" class="chakra-button css-mudsm6" data-testid="atc-button"><svg stroke="currentColor" fill="currentColor" stroke-width="0" viewBox="0 0 24 24" focusable="false" class="chakra-icon css-1g3sp7a" data-testid="btn-icon" aria-hidden="true" height="1em" width="1em" xmlns="http://www.w3.org/2000/svg"><path d="M19 13h-6v6h-2v-6H5v-2h6V5h2v6h6v2z"></path></svg><span class="css-idkz9h">Add Two Good, Strawberry Low Sugar Yogurt, 2g sugar, 8g protein to cart</span></button></div></div></div></div></div></div><div class="css-0"><div class="css-f5i5wc"><div class="chakra-linkbox css-vhnn8v"><div data-testid="product-image" class="css-16dr4ly"><img alt="Activia Yogurt With Probiotics Lactose Free, Strawberry, Blueberry, Peach, Mango Flavour, 12XG 12x100.0 g, $0.46/100g" src="https://assets.shop.loblaws.ca/products/20944778/b3/en/front/20944778_front_a06_@2.png" srcset="https://assets.shop.loblaws.ca/products/20944778/b3/en/front/20944778_front_a06_@2.png 1x, https://assets.shop.loblaws.ca/products/20944778/b3/en/front/20944778_front_a06_@2.png 2x" loading="lazy" class="chakra-image css-oguq8l" aria-hidden="true"></div><div class="css-qoklea"><div class="css-12dchmx"></div><div data-testid="price-product-tile" class="css-8atqhb"><p class="chakra-text css-0"><span class="chakra-text css-pwnbcb" data-testid="regular-price"><span class="css-idkz9h">$5.50</span>$5.50</span></p></div><a href="/yogurt-with-probiotics-lactose-free-strawberry-blu/p/20944778_EA?source=nspt" class="chakra-linkbox__overlay css-1hnz6hu"><div class="css-0"><p class="chakra-text css-1ecdp9w" data-testid="product-brand">Activia</p><h3 class="chakra-heading css-6qrhwc" id="20944778_EA" data-testid="product-title">Yogurt With Probiotics Lactose Free, Strawberry, Blueberry, Peach, Mango Flavour, 12XG</h3><p class="chakra-text css-1yftjin" data-testid="product-package-size">12x100.0 g, $0.46/100g</p></div></a><div class="css-8keand"></div></div><div class="css-1q5omjq"><div class="css-fcebb8"><div data-testid="atc-compact" class="css-y94ivq" style="width: 45px;"><button type="button" class="chakra-button css-mudsm6" data-testid="atc-button"><svg stroke="currentColor" fill="currentColor" stroke-width="0" viewBox="0 0 24 24" focusable="false" class="chakra-icon css-1g3sp7a" data-testid="btn-icon" aria-hidden="true" height="1em" width="1em" xmlns="http://www.w3.org/2000/svg"><path d="M19 13h-6v6h-2v-6H5v-2h6V5h2v6h6v2z"></path></svg><span class="css-idkz9h">Add Yogurt With Probiotics Lactose Free, Strawberry, Blueberry, Peach, Mango Flavour, 12XG to cart</span></button></div></div></div></div></div></div><div class="css-0"><div class="css-f5i5wc"><div class="chakra-linkbox css-vhnn8v"><div data-testid="product-image" class="css-16dr4ly"><img alt="Riviera Coconut Milk Vegan Yogurt - Raspberry Blackcurrant 500 g, $1.30/100g" src="https://assets.shop.loblaws.ca/products/21201434/b3/en/front/21201434_front_a06_@2.png" srcset="https://assets.shop.loblaws.ca/products/21201434/b3/en/front/21201434_front_a06_@2.png 1x, https://assets.shop.loblaws.ca/products/21201434/b3/en/front/21201434_front_a06_@2.png 2x" loading="lazy" class="chakra-image css-oguq8l" aria-hidden="true"></div><div class="css-qoklea"><div class="css-12dchmx"></div><div data-testid="price-product-tile" class="css-8atqhb"><p class="chakra-text css-0"><span class="chakra-text css-pwnbcb" data-testid="regular-price"><span class="css-idkz9h">$6.49</span>$6.49</span></p></div><a href="/coconut-milk-vegan-yogurt-raspberry-blackcurrant/p/21201434_EA?source=nspt" class="chakra-linkbox__overlay css-1hnz6hu"><div class="css-0"><p class="chakra-text css-1ecdp9w" data-testid="product-brand">Riviera</p><h3 class="chakra-heading css-6qrhwc" id="21201434_EA" data-testid="product-title">Coconut Milk Vegan Yogurt - Raspberry Blackcurrant</h3><p class="chakra-text css-1yftjin" data-testid="product-package-size">500 g, $1.30/100g</p></div></a><div class="css-8keand"></div></div><div class="css-1q5omjq"><div class="css-fcebb8"><div data-testid="atc-compact" class="css-y94ivq" style="width: 45px;"><button type="button" class="chakra-button css-mudsm6" data-testid="atc-button"><svg stroke="currentColor" fill="currentColor" stroke-width="0" viewBox="0 0 24 24" focusable="false" class="chakra-icon css-1g3sp7a" data-testid="btn-icon" aria-hidden="true" height="1em" width="1em" xmlns="http://www.w3.org/2000/svg"><path d="M19 13h-6v6h-2v-6H5v-2h6V5h2v6h6v2z"></path></svg><span class="css-idkz9h">Add Coconut Milk Vegan Yogurt - Raspberry Blackcurrant to cart</span></button></div></div></div></div></div></div><div class="css-0"><div class="css-f5i5wc"><div class="chakra-linkbox css-vhnn8v"><div data-testid="product-image" class="css-16dr4ly"><img alt="Yoplait Source 0% Smooth Traditional Yogurt Cups Variety Pack, No Added Sugar 16x100.0 g, $0.47/100g" src="https://assets.shop.loblaws.ca/products/20317317002/b3/en/front/20317317002_front_a06_@2.png" srcset="https://assets.shop.loblaws.ca/products/20317317002/b3/en/front/20317317002_front_a06_@2.png 1x, https://assets.shop.loblaws.ca/products/20317317002/b3/en/front/20317317002_front_a06_@2.png 2x" loading="lazy" class="chakra-image css-oguq8l" aria-hidden="true"></div><div class="css-qoklea"><div class="css-12dchmx"></div><div data-testid="price-product-tile" class="css-8atqhb"><p class="chakra-text css-0"><span class="chakra-text css-pwnbcb" data-testid="regular-price"><span class="css-idkz9h">$7.49</span>$7.49</span></p></div><a href="/source-0-smooth-traditional-yogurt-cups-variety-pa/p/20317317002_EA?source=nspt" class="chakra-linkbox__overlay css-1hnz6hu"><div class="css-0"><p class="chakra-text css-1ecdp9w" data-testid="product-brand">Yoplait</p><h3 class="chakra-heading css-6qrhwc" id="20317317002_EA" data-testid="product-title">Source 0% Smooth Traditional Yogurt Cups Variety Pack, No Added Sugar</h3><p class="chakra-text css-1yftjin" data-testid="product-package-size">16x100.0 g, $0.47/100g</p></div></a><div class="css-8keand"></div></div><div class="css-1q5omjq"><div class="css-fcebb8"><div data-testid="atc-compact" class="css-y94ivq" style="width: 45px;"><button type="button" class="chakra-button css-mudsm6" data-testid="atc-button"><svg stroke="currentColor" fill="currentColor" stroke-width="0" viewBox="0 0 24 24" focusable="false" class="chakra-icon css-1g3sp7a" data-testid="btn-icon" aria-hidden="true" height="1em" width="1em" xmlns="http://www.w3.org/2000/svg"><path d="M19 13h-6v6h-2v-6H5v-2h6V5h2v6h6v2z"></path></svg><span class="css-idkz9h">Add Source 0% Smooth Traditional Yogurt Cups Variety Pack, No Added Sugar to cart</span></button></div></div></div></div></div></div><div class="css-0"><div class="css-f5i5wc"><div class="chakra-linkbox css-vhnn8v"><div data-testid="product-image" class="css-16dr4ly"><img alt="Liberte Greek 0% Yogurt, Vanilla, High Protein 750 g, $0.79/100g" src="https://assets.shop.loblaws.ca/products/21079491/b3/en/front/21079491_front_a06_@2.png" srcset="https://assets.shop.loblaws.ca/products/21079491/b3/en/front/21079491_front_a06_@2.png 1x, https://assets.shop.loblaws.ca/products/21079491/b3/en/front/21079491_front_a06_@2.png 2x" loading="lazy" class="chakra-image css-oguq8l" aria-hidden="true"></div><div class="css-qoklea"><div class="css-12dchmx"></div><div data-testid="price-product-tile" class="css-8atqhb"><p class="chakra-text css-0"><span class="chakra-text css-o93gbd" data-testid="sale-price"><span class="css-idkz9h">$5.89</span>$5.89</span><span class="chakra-text css-623q5h" data-testid="was-price"><span class="css-idkz9h">$6.99</span>$6.99</span></p><p class="chakra-text css-1m5a6y8" data-testid="price-descriptor">SAVE $1.10</p></div><a href="/greek-0-yogurt-vanilla-high-protein/p/21079491_EA?source=nspt" class="chakra-linkbox__overlay css-1hnz6hu"><div class="css-0"><p class="chakra-text css-1ecdp9w" data-testid="product-brand">Liberte</p><h3 class="chakra-heading css-6qrhwc" id="21079491_EA" data-testid="product-title">Greek 0% Yogurt, Vanilla, High Protein</h3><p class="chakra-text css-1yftjin" data-testid="product-package-size">750 g, $0.79/100g</p></div></a><div class="css-8keand"></div></div><div class="css-1q5omjq"><div class="css-fcebb8"><div data-testid="atc-compact" class="css-y94ivq" style="width: 45px;"><button type="button" class="chakra-button css-mudsm6" data-testid="atc-button"><svg stroke="currentColor" fill="currentColor" stroke-width="0" viewBox="0 0 24 24" focusable="false" class="chakra-icon css-1g3sp7a" data-testid="btn-icon" aria-hidden="true" height="1em" width="1em" xmlns="http://www.w3.org/2000/svg"><path d="M19 13h-6v6h-2v-6H5v-2h6V5h2v6h6v2z"></path></svg><span class="css-idkz9h">Add Greek 0% Yogurt, Vanilla, High Protein to cart</span></button></div></div></div></div></div></div><div class="css-0"><div class="css-f5i5wc"><div class="chakra-linkbox css-vhnn8v"><div data-testid="product-image" class="css-16dr4ly"><img alt="Yoplait Yop 3% Minigo Duo, Variety Pack, Kids Snack 6x60.0 g, $0.94/100g" src="https://assets.shop.loblaws.ca/products/20321615001/b3/en/front/20321615001_front_a06_@2.png" srcset="https://assets.shop.loblaws.ca/products/20321615001/b3/en/front/20321615001_front_a06_@2.png 1x, https://assets.shop.loblaws.ca/products/20321615001/b3/en/front/20321615001_front_a06_@2.png 2x" loading="lazy" class="chakra-image css-oguq8l" aria-hidden="true"></div><div class="css-qoklea"><div class="css-12dchmx"></div><div data-testid="price-product-tile" class="css-8atqhb"><p class="chakra-text css-0"><span class="chakra-text css-pwnbcb" data-testid="regular-price"><span class="css-idkz9h">$3.39</span>$3.39</span></p></div><a href="/yop-3-minigo-duo-variety-pack-kids-snack/p/20321615001_EA?source=nspt" class="chakra-linkbox__overlay css-1hnz6hu"><div class="css-0"><p class="chakra-text css-1ecdp9w" data-testid="product-brand">Yoplait</p><h3 class="chakra-heading css-6qrhwc" id="20321615001_EA" data-testid="product-title">Yop 3% Minigo Duo, Variety Pack, Kids Snack</h3><p class="chakra-text css-1yftjin" data-testid="product-package-size">6x60.0 g, $0.94/100g</p></div></a><div class="css-8keand"></div></div><div class="css-1q5omjq"><div class="css-fcebb8"><div data-testid="atc-compact" class="css-y94ivq" style="width: 45px;"><button type="button" class="chakra-button css-mudsm6" data-testid="atc-button"><svg stroke="currentColor" fill="currentColor" stroke-width="0" viewBox="0 0 24 24" focusable="false" class="chakra-icon css-1g3sp7a" data-testid="btn-icon" aria-hidden="true" height="1em" width="1em" xmlns="http://www.w3.org/2000/svg"><path d="M19 13h-6v6h-2v-6H5v-2h6V5h2v6h6v2z"></path></svg><span class="css-idkz9h">Add Yop 3% Minigo Duo, Variety Pack, Kids Snack to cart</span></button></div></div></div></div></div></div><div class="css-0"><div class="css-f5i5wc"><div class="chakra-linkbox css-vhnn8v"><div data-testid="product-image" class="css-16dr4ly"><img alt="siggi's  Skyr Yogurt Black Cherry 2%, High Protein, 4 units 400 g, $1.25/100g" src="https://assets.shop.loblaws.ca/products/21587234/b3/en/front/21587234_front_a06_@2.png" srcset="https://assets.shop.loblaws.ca/products/21587234/b3/en/front/21587234_front_a06_@2.png 1x, https://assets.shop.loblaws.ca/products/21587234/b3/en/front/21587234_front_a06_@2.png 2x" loading="lazy" class="chakra-image css-oguq8l" aria-hidden="true"></div><div class="css-qoklea"><div class="css-12dchmx"></div><div data-testid="price-product-tile" class="css-8atqhb"><p class="chakra-text css-0"><span class="chakra-text css-pwnbcb" data-testid="regular-price"><span class="css-idkz9h">$4.99</span>$4.99</span></p></div><a href="/skyr-yogurt-black-cherry-2-high-protein-4-units/p/21587234_EA?source=nspt" class="chakra-linkbox__overlay css-1hnz6hu"><div class="css-0"><p class="chakra-text css-1ecdp9w" data-testid="product-brand">siggi's</p><h3 class="chakra-heading css-6qrhwc" id="21587234_EA" data-testid="product-title"> Skyr Yogurt Black Cherry 2%, High Protein, 4 units</h3><p class="chakra-text css-1yftjin" data-testid="product-package-size">400 g, $1.25/100g</p></div></a><div class="css-8keand"></div></div><div class="css-1q5omjq"><div class="css-fcebb8"><div data-testid="atc-compact" class="css-y94ivq" style="width: 45px;"><button type="button" class="chakra-button css-mudsm6" data-testid="atc-button"><svg stroke="currentColor" fill="currentColor" stroke-width="0" viewBox="0 0 24 24" focusable="false" class="chakra-icon css-1g3sp7a" data-testid="btn-icon" aria-hidden="true" height="1em" width="1em" xmlns="http://www.w3.org/2000/svg"><path d="M19 13h-6v6h-2v-6H5v-2h6V5h2v6h6v2z"></path></svg><span class="css-idkz9h">Add  Skyr Yogurt Black Cherry 2%, High Protein, 4 units to cart</span></button></div></div></div></div></div></div><div class="css-0"><div class="css-f5i5wc"><div class="chakra-linkbox css-vhnn8v"><div data-testid="product-image" class="css-16dr4ly"><img alt="Liberte Greek 2% Yogurt, Plain, High Protein 750 g, $0.79/100g" src="https://assets.shop.loblaws.ca/products/20704361001/b3/en/front/20704361001_front_a06_@2.png" srcset="https://assets.shop.loblaws.ca/products/20704361001/b3/en/front/20704361001_front_a06_@2.png 1x, https://assets.shop.loblaws.ca/products/20704361001/b3/en/front/20704361001_front_a06_@2.png 2x" loading="lazy" class="chakra-image css-oguq8l" aria-hidden="true"></div><div class="css-qoklea"><div class="css-12dchmx"></div><div data-testid="price-product-tile" class="css-8atqhb"><p class="chakra-text css-0"><span class="chakra-text css-o93gbd" data-testid="sale-price"><span class="css-idkz9h">$5.89</span>$5.89</span><span class="chakra-text css-623q5h" data-testid="was-price"><span class="css-idkz9h">$6.99</span>$6.99</span></p><p class="chakra-text css-1m5a6y8" data-testid="price-descriptor">SAVE $1.10</p></div><a href="/greek-2-yogurt-plain-high-protein/p/20704361001_EA?source=nspt" class="chakra-linkbox__overlay css-1hnz6hu"><div class="css-0"><p class="chakra-text css-1ecdp9w" data-testid="product-brand">Liberte</p><h3 class="chakra-heading css-6qrhwc" id="20704361001_EA" data-testid="product-title">Greek 2% Yogurt, Plain, High Protein</h3><p class="chakra-text css-1yftjin" data-testid="product-package-size">750 g, $0.79/100g</p></div></a><div class="css-8keand"></div></div><div class="css-1q5omjq"><div class="css-fcebb8"><div data-testid="atc-compact" class="css-y94ivq" style="width: 45px;"><button type="button" class="chakra-button css-mudsm6" data-testid="atc-button"><svg stroke="currentColor" fill="currentColor" stroke-width="0" viewBox="0 0 24 24" focusable="false" class="chakra-icon css-1g3sp7a" data-testid="btn-icon" aria-hidden="true" height="1em" width="1em" xmlns="http://www.w3.org/2000/svg"><path d="M19 13h-6v6h-2v-6H5v-2h6V5h2v6h6v2z"></path></svg><span class="css-idkz9h">Add Greek 2% Yogurt, Plain, High Protein to cart</span></button></div></div></div></div></div></div><div class="css-0"><div class="css-f5i5wc"><div class="chakra-linkbox css-vhnn8v"><div data-testid="product-image" class="css-16dr4ly"><img alt="Liberte Greek 0% Lactose Free Yogurt, Plain, High Protein 750 g, $0.79/100g" src="https://assets.shop.loblaws.ca/products/20750225/b3/en/front/20750225_front_a06_@2.png" srcset="https://assets.shop.loblaws.ca/products/20750225/b3/en/front/20750225_front_a06_@2.png 1x, https://assets.shop.loblaws.ca/products/20750225/b3/en/front/20750225_front_a06_@2.png 2x" loading="lazy" class="chakra-image css-oguq8l" aria-hidden="true"></div><div class="css-qoklea"><div class="css-12dchmx"></div><div data-testid="price-product-tile" class="css-8atqhb"><p class="chakra-text css-0"><span class="chakra-text css-o93gbd" data-testid="sale-price"><span class="css-idkz9h">$5.89</span>$5.89</span><span class="chakra-text css-623q5h" data-testid="was-price"><span class="css-idkz9h">$6.99</span>$6.99</span></p><p class="chakra-text css-1m5a6y8" data-testid="price-descriptor">SAVE $1.10</p></div><a href="/greek-0-lactose-free-yogurt-plain-high-protein/p/20750225_EA?source=nspt" class="chakra-linkbox__overlay css-1hnz6hu"><div class="css-0"><p class="chakra-text css-1ecdp9w" data-testid="product-brand">Liberte</p><h3 class="chakra-heading css-6qrhwc" id="20750225_EA" data-testid="product-title">Greek 0% Lactose Free Yogurt, Plain, High Protein</h3><p class="chakra-text css-1yftjin" data-testid="product-package-size">750 g, $0.79/100g</p></div></a><div class="css-8keand"></div></div><div class="css-1q5omjq"><div class="css-fcebb8"><div data-testid="atc-compact" class="css-y94ivq" style="width: 45px;"><button type="button" class="chakra-button css-mudsm6" data-testid="atc-button"><svg stroke="currentColor" fill="currentColor" stroke-width="0" viewBox="0 0 24 24" focusable="false" class="chakra-icon css-1g3sp7a" data-testid="btn-icon" aria-hidden="true" height="1em" width="1em" xmlns="http://www.w3.org/2000/svg"><path d="M19 13h-6v6h-2v-6H5v-2h6V5h2v6h6v2z"></path></svg><span class="css-idkz9h">Add Greek 0% Lactose Free Yogurt, Plain, High Protein to cart</span></button></div></div></div></div></div></div><div class="css-0"><div class="css-f5i5wc"><div class="chakra-linkbox css-vhnn8v"><div data-testid="product-image" class="css-16dr4ly"><img alt="Yoplait  1% Yogurt Tubes, Bubble Gum Special Edition, Kids Snacks 448 g, $0.59/100g" src="https://assets.shop.loblaws.ca/products/21547585/b3/en/front/21547585_front_a06_@2.png" srcset="https://assets.shop.loblaws.ca/products/21547585/b3/en/front/21547585_front_a06_@2.png 1x, https://assets.shop.loblaws.ca/products/21547585/b3/en/front/21547585_front_a06_@2.png 2x" loading="lazy" class="chakra-image css-oguq8l" aria-hidden="true"></div><div class="css-qoklea"><div class="css-12dchmx"></div><div data-testid="price-product-tile" class="css-8atqhb"><p class="chakra-text css-0"><span class="chakra-text css-pwnbcb" data-testid="regular-price"><span class="css-idkz9h">$2.65</span>$2.65</span></p></div><a href="/1-yogurt-tubes-bubble-gum-special-edition-kids-sn/p/21547585_EA?source=nspt" class="chakra-linkbox__overlay css-1hnz6hu"><div class="css-0"><p class="chakra-text css-1ecdp9w" data-testid="product-brand">Yoplait</p><h3 class="chakra-heading css-6qrhwc" id="21547585_EA" data-testid="product-title"> 1% Yogurt Tubes, Bubble Gum Special Edition, Kids Snacks</h3><p class="chakra-text css-1yftjin" data-testid="product-package-size">448 g, $0.59/100g</p></div></a><div class="css-8keand"></div></div><div class="css-1q5omjq"><div class="css-fcebb8"><div data-testid="atc-compact" class="css-y94ivq" style="width: 45px;"><button type="button" class="chakra-button css-mudsm6" data-testid="atc-button"><svg stroke="currentColor" fill="currentColor" stroke-width="0" viewBox="0 0 24 24" focusable="false" class="chakra-icon css-1g3sp7a" data-testid="btn-icon" aria-hidden="true" height="1em" width="1em" xmlns="http://www.w3.org/2000/svg"><path d="M19 13h-6v6h-2v-6H5v-2h6V5h2v6h6v2z"></path></svg><span class="css-idkz9h">Add  1% Yogurt Tubes, Bubble Gum Special Edition, Kids Snacks to cart</span></button></div></div></div></div></div></div><div class="css-0"><div class="css-f5i5wc"><div class="chakra-linkbox css-vhnn8v"><div data-testid="product-image" class="css-16dr4ly"><img alt="Khaas Halal Yogurt, Plain 2% 750 g, $0.33/100g" src="https://assets.shop.loblaws.ca/products/20544362001/b3/en/front/20544362001_front_a06_@2.png" srcset="https://assets.shop.loblaws.ca/products/20544362001/b3/en/front/20544362001_front_a06_@2.png 1x, https://assets.shop.loblaws.ca/products/20544362001/b3/en/front/20544362001_front_a06_@2.png 2x" loading="lazy" class="chakra-image css-oguq8l" aria-hidden="true"></div><div class="css-qoklea"><div class="css-12dchmx"></div><div data-testid="price-product-tile" class="css-8atqhb"><p class="chakra-text css-0"><span class="chakra-text css-pwnbcb" data-testid="regular-price"><span class="css-idkz9h">$2.49</span>$2.49</span></p></div><a href="/halal-yogurt-plain-2/p/20544362001_EA?source=nspt" class="chakra-linkbox__overlay css-1hnz6hu"><div class="css-0"><p class="chakra-text css-1ecdp9w" data-testid="product-brand">Khaas</p><h3 class="chakra-heading css-6qrhwc" id="20544362001_EA" data-testid="product-title">Halal Yogurt, Plain 2%</h3><p class="chakra-text css-1yftjin" data-testid="product-package-size">750 g, $0.33/100g</p></div></a><div class="css-8keand"></div></div><div class="css-1q5omjq"><div class="css-fcebb8"><div data-testid="atc-compact" class="css-y94ivq" style="width: 45px;"><button type="button" class="chakra-button css-mudsm6" data-testid="atc-button"><svg stroke="currentColor" fill="currentColor" stroke-width="0" viewBox="0 0 24 24" focusable="false" class="chakra-icon css-1g3sp7a" data-testid="btn-icon" aria-hidden="true" height="1em" width="1em" xmlns="http://www.w3.org/2000/svg"><path d="M19 13h-6v6h-2v-6H5v-2h6V5h2v6h6v2z"></path></svg><span class="css-idkz9h">Add Halal Yogurt, Plain 2% to cart</span></button></div></div></div></div></div></div><div class="css-0"><div class="css-f5i5wc"><div class="chakra-linkbox css-vhnn8v"><div data-testid="product-image" class="css-16dr4ly"><img alt="Hans Lassi Yogurt Smoothie, Mango 200 ml, $0.65/100ml" src="https://assets.shop.loblaws.ca/products/20694461/b3/en/front/20694461_front_a06_@2.png" srcset="https://assets.shop.loblaws.ca/products/20694461/b3/en/front/20694461_front_a06_@2.png 1x, https://assets.shop.loblaws.ca/products/20694461/b3/en/front/20694461_front_a06_@2.png 2x" loading="lazy" class="chakra-image css-oguq8l" aria-hidden="true"></div><div class="css-qoklea"><div class="css-12dchmx"></div><div data-testid="price-product-tile" class="css-8atqhb"><p class="chakra-text css-0"><span class="chakra-text css-pwnbcb" data-testid="regular-price"><span class="css-idkz9h">$1.29</span>$1.29</span></p></div><a href="/lassi-yogurt-smoothie-mango/p/20694461_EA?source=nspt" class="chakra-linkbox__overlay css-1hnz6hu"><div class="css-0"><p class="chakra-text css-1ecdp9w" data-testid="product-brand">Hans</p><h3 class="chakra-heading css-6qrhwc" id="20694461_EA" data-testid="product-title">Lassi Yogurt Smoothie, Mango</h3><p class="chakra-text css-1yftjin" data-testid="product-package-size">200 ml, $0.65/100ml</p></div></a><div class="css-8keand"></div></div><div class="css-1q5omjq"><div class="css-fcebb8"><div data-testid="atc-compact" class="css-y94ivq" style="width: 45px;"><button type="button" class="chakra-button css-mudsm6" data-testid="atc-button"><svg stroke="currentColor" fill="currentColor" stroke-width="0" viewBox="0 0 24 24" focusable="false" class="chakra-icon css-1g3sp7a" data-testid="btn-icon" aria-hidden="true" height="1em" width="1em" xmlns="http://www.w3.org/2000/svg"><path d="M19 13h-6v6h-2v-6H5v-2h6V5h2v6h6v2z"></path></svg><span class="css-idkz9h">Add Lassi Yogurt Smoothie, Mango to cart</span></button></div></div></div></div></div></div><div class="css-0"><div class="css-f5i5wc"><div class="chakra-linkbox css-vhnn8v"><div data-testid="product-image" class="css-16dr4ly"><img alt="Yoplait Source Protein Yogurt Vanilla 0% M.F. 650 g, $0.75/100g" src="https://assets.shop.loblaws.ca/products/21587047/b3/en/front/21587047_front_a06_@2.png" srcset="https://assets.shop.loblaws.ca/products/21587047/b3/en/front/21587047_front_a06_@2.png 1x, https://assets.shop.loblaws.ca/products/21587047/b3/en/front/21587047_front_a06_@2.png 2x" loading="lazy" class="chakra-image css-oguq8l" aria-hidden="true"></div><div class="css-qoklea"><div class="css-12dchmx"></div><div data-testid="price-product-tile" class="css-8atqhb"><p class="chakra-text css-0"><span class="chakra-text css-pwnbcb" data-testid="regular-price"><span class="css-idkz9h">$4.89</span>$4.89</span></p></div><a href="/source-protein-yogurt-vanilla-0-m-f/p/21587047_EA?source=nspt" class="chakra-linkbox__overlay css-1hnz6hu"><div class="css-0"><p class="chakra-text css-1ecdp9w" data-testid="product-brand">Yoplait</p><h3 class="chakra-heading css-6qrhwc" id="21587047_EA" data-testid="product-title">Source Protein Yogurt Vanilla 0% M.F.</h3><p class="chakra-text css-1yftjin" data-testid="product-package-size">650 g, $0.75/100g</p></div></a><div class="css-8keand"></div></div><div class="css-1q5omjq"><div class="css-fcebb8"><div data-testid="atc-compact" class="css-y94ivq" style="width: 45px;"><button type="button" class="chakra-button css-mudsm6" data-testid="atc-button"><svg stroke="currentColor" fill="currentColor" stroke-width="0" viewBox="0 0 24 24" focusable="false" class="chakra-icon css-1g3sp7a" data-testid="btn-icon" aria-hidden="true" height="1em" width="1em" xmlns="http://www.w3.org/2000/svg"><path d="M19 13h-6v6h-2v-6H5v-2h6V5h2v6h6v2z"></path></svg><span class="css-idkz9h">Add Source Protein Yogurt Vanilla 0% M.F. to cart</span></button></div></div></div></div></div></div><div class="css-0"><div class="css-f5i5wc"><div class="chakra-linkbox css-vhnn8v"><div data-testid="product-image" class="css-16dr4ly"><img alt="No Name Vanilla, Blueberry, Strawberry &amp; Raspberry 0% M.F. Stirred Yogurt 12x100.0 g, $0.37/100g" src="https://assets.shop.loblaws.ca/products/20685574002/b3/en/front/20685574002_front_a06_@2.png" srcset="https://assets.shop.loblaws.ca/products/20685574002/b3/en/front/20685574002_front_a06_@2.png 1x, https://assets.shop.loblaws.ca/products/20685574002/b3/en/front/20685574002_front_a06_@2.png 2x" loading="lazy" class="chakra-image css-oguq8l" aria-hidden="true"></div><div class="css-qoklea"><div class="css-12dchmx"></div><div data-testid="price-product-tile" class="css-8atqhb"><p class="chakra-text css-0"><span class="chakra-text css-pwnbcb" data-testid="regular-price"><span class="css-idkz9h">$4.49</span>$4.49</span></p></div><a href="/vanilla-blueberry-strawberry-raspberry-0-m-f-stirr/p/20685574002_EA?source=nspt" class="chakra-linkbox__overlay css-1hnz6hu"><div class="css-0"><p class="chakra-text css-1ecdp9w" data-testid="product-brand">No Name</p><h3 class="chakra-heading css-6qrhwc" id="20685574002_EA" data-testid="product-title">Vanilla, Blueberry, Strawberry &amp; Raspberry 0% M.F. Stirred Yogurt</h3><p class="chakra-text css-1yftjin" data-testid="product-package-size">12x100.0 g, $0.37/100g</p></div></a><div class="css-8keand"></div></div><div class="css-1q5omjq"><div class="css-fcebb8"><div data-testid="atc-compact" class="css-y94ivq" style="width: 45px;"><button type="button" class="chakra-button css-mudsm6" data-testid="atc-button"><svg stroke="currentColor" fill="currentColor" stroke-width="0" viewBox="0 0 24 24" focusable="false" class="chakra-icon css-1g3sp7a" data-testid="btn-icon" aria-hidden="true" height="1em" width="1em" xmlns="http://www.w3.org/2000/svg"><path d="M19 13h-6v6h-2v-6H5v-2h6V5h2v6h6v2z"></path></svg><span class="css-idkz9h">Add Vanilla, Blueberry, Strawberry &amp; Raspberry 0% M.F. Stirred Yogurt to cart</span></button></div></div><div class="css-4saf4a"><p class="chakra-text css-py8788" data-testid="inventory-badge-text">Low Stock</p></div></div></div></div></div><div class="css-0"><div class="css-f5i5wc"><div class="chakra-linkbox css-vhnn8v"><div data-testid="product-image" class="css-16dr4ly"><img alt="President's Choice Vanilla Greek Yogurt 750 g, $0.67/100g" src="https://assets.shop.loblaws.ca/products/21518405/b3/en/front/21518405_front_a06_@2.png" srcset="https://assets.shop.loblaws.ca/products/21518405/b3/en/front/21518405_front_a06_@2.png 1x, https://assets.shop.loblaws.ca/products/21518405/b3/en/front/21518405_front_a06_@2.png 2x" loading="lazy" class="chakra-image css-oguq8l" aria-hidden="true"></div><div class="css-qoklea"><div class="css-12dchmx"></div><div data-testid="price-product-tile" class="css-8atqhb"><p class="chakra-text css-0"><span class="chakra-text css-pwnbcb" data-testid="regular-price"><span class="css-idkz9h">$5.00</span>$5.00</span></p></div><a href="/vanilla-greek-yogurt/p/21518405_EA?source=nspt" class="chakra-linkbox__overlay css-1hnz6hu"><div class="css-0"><p class="chakra-text css-1ecdp9w" data-testid="product-brand">President's Choice</p><h3 class="chakra-heading css-6qrhwc" id="21518405_EA" data-testid="product-title">Vanilla Greek Yogurt</h3><p class="chakra-text css-1yftjin" data-testid="product-package-size">750 g, $0.67/100g</p></div></a><div class="css-8keand"></div></div><div class="css-1q5omjq"><div class="css-fcebb8"><div data-testid="atc-compact" class="css-y94ivq" style="width: 45px;"><button type="button" class="chakra-button css-mudsm6" data-testid="atc-button"><svg stroke="currentColor" fill="currentColor" stroke-width="0" viewBox="0 0 24 24" focusable="false" class="chakra-icon css-1g3sp7a" data-testid="btn-icon" aria-hidden="true" height="1em" width="1em" xmlns="http://www.w3.org/2000/svg"><path d="M19 13h-6v6h-2v-6H5v-2h6V5h2v6h6v2z"></path></svg><span class="css-idkz9h">Add Vanilla Greek Yogurt to cart</span></button></div></div><div class="css-4saf4a"><p class="chakra-text css-py8788" data-testid="inventory-badge-text">Low Stock</p></div></div></div></div></div><div class="css-0"><div class="css-f5i5wc"><div class="chakra-linkbox css-vhnn8v"><div data-testid="product-image" class="css-16dr4ly"><img alt="President's Choice Vanilla 0% M.F. Greek Yogurt 4x100.0 g, $1.05/100g" src="https://assets.shop.loblaws.ca/products/20830628003/b3/en/front/20830628003_front_a06_@2.png" srcset="https://assets.shop.loblaws.ca/products/20830628003/b3/en/front/20830628003_front_a06_@2.png 1x, https://assets.shop.loblaws.ca/products/20830628003/b3/en/front/20830628003_front_a06_@2.png 2x" loading="lazy" class="chakra-image css-oguq8l" aria-hidden="true"></div><div class="css-qoklea"><div class="css-12dchmx"></div><div data-testid="price-product-tile" class="css-8atqhb"><p class="chakra-text css-0"><span class="chakra-text css-pwnbcb" data-testid="regular-price"><span class="css-idkz9h">$4.19</span>$4.19</span></p></div><a href="/vanilla-0-m-f-greek-yogurt/p/20830628003_EA?source=nspt" class="chakra-linkbox__overlay css-1hnz6hu"><div class="css-0"><p class="chakra-text css-1ecdp9w" data-testid="product-brand">President's Choice</p><h3 class="chakra-heading css-6qrhwc" id="20830628003_EA" data-testid="product-title">Vanilla 0% M.F. Greek Yogurt</h3><p class="chakra-text css-1yftjin" data-testid="product-package-size">4x100.0 g, $1.05/100g</p></div></a><div class="css-8keand"></div></div><div class="css-1q5omjq"><div class="css-fcebb8"><div data-testid="atc-compact" class="css-y94ivq" style="width: 45px;"><button type="button" class="chakra-button css-mudsm6" data-testid="atc-button"><svg stroke="currentColor" fill="currentColor" stroke-width="0" viewBox="0 0 24 24" focusable="false" class="chakra-icon css-1g3sp7a" data-testid="btn-icon" aria-hidden="true" height="1em" width="1em" xmlns="http://www.w3.org/2000/svg"><path d="M19 13h-6v6h-2v-6H5v-2h6V5h2v6h6v2z"></path></svg><span class="css-idkz9h">Add Vanilla 0% M.F. Greek Yogurt to cart</span></button></div></div></div></div></div></div><div class="css-0"><div class="css-f5i5wc"><div class="chakra-linkbox css-vhnn8v"><div data-testid="product-image" class="css-16dr4ly"><img alt="IOGO Creamy Yogurt, Chantilly Strawberry, Lemon Pie, Caramel Cream, and Choco-Mocha 1.5% 16x100.0 g, $0.39/100g" src="https://assets.shop.loblaws.ca/products/20609583002/b3/en/front/20609583002_front_a06_@2.png" srcset="https://assets.shop.loblaws.ca/products/20609583002/b3/en/front/20609583002_front_a06_@2.png 1x, https://assets.shop.loblaws.ca/products/20609583002/b3/en/front/20609583002_front_a06_@2.png 2x" loading="lazy" class="chakra-image css-oguq8l" aria-hidden="true"></div><div class="css-qoklea"><div class="css-12dchmx"></div><div data-testid="price-product-tile" class="css-8atqhb"><p class="chakra-text css-0"><span class="chakra-text css-pwnbcb" data-testid="regular-price"><span class="css-idkz9h">$6.29</span>$6.29</span></p></div><a href="/creamy-yogurt-chantilly-strawberry-lemon-pie-caram/p/20609583002_EA?source=nspt" class="chakra-linkbox__overlay css-1hnz6hu"><div class="css-0"><p class="chakra-text css-1ecdp9w" data-testid="product-brand">IOGO</p><h3 class="chakra-heading css-6qrhwc" id="20609583002_EA" data-testid="product-title">Creamy Yogurt, Chantilly Strawberry, Lemon Pie, Caramel Cream, and Choco-Mocha 1.5%</h3><p class="chakra-text css-1yftjin" data-testid="product-package-size">16x100.0 g, $0.39/100g</p></div></a><div class="css-8keand"></div></div><div class="css-1q5omjq"><div class="css-fcebb8"><div data-testid="atc-compact" class="css-y94ivq" style="width: 45px;"><button type="button" class="chakra-button css-mudsm6" data-testid="atc-button"><svg stroke="currentColor" fill="currentColor" stroke-width="0" viewBox="0 0 24 24" focusable="false" class="chakra-icon css-1g3sp7a" data-testid="btn-icon" aria-hidden="true" height="1em" width="1em" xmlns="http://www.w3.org/2000/svg"><path d="M19 13h-6v6h-2v-6H5v-2h6V5h2v6h6v2z"></path></svg><span class="css-idkz9h">Add Creamy Yogurt, Chantilly Strawberry, Lemon Pie, Caramel Cream, and Choco-Mocha 1.5% to cart</span></button></div></div></div></div></div></div><div class="css-0"><div class="css-f5i5wc"><div class="chakra-linkbox css-vhnn8v"><div data-testid="product-image" class="css-16dr4ly"><img alt="Yoplait Yop 1% Drinkable Yogurt, Magical Edition, Yogurt Drink 200 ml, $0.50/100ml" src="https://assets.shop.loblaws.ca/products/21548124/b3/en/front/21548124_front_a06_@2.png" srcset="https://assets.shop.loblaws.ca/products/21548124/b3/en/front/21548124_front_a06_@2.png 1x, https://assets.shop.loblaws.ca/products/21548124/b3/en/front/21548124_front_a06_@2.png 2x" loading="lazy" class="chakra-image css-oguq8l" aria-hidden="true"></div><div class="css-qoklea"><div class="css-12dchmx"></div><div data-testid="price-product-tile" class="css-8atqhb"><p class="chakra-text css-0"><span class="chakra-text css-pwnbcb" data-testid="regular-price"><span class="css-idkz9h">$1.00</span>$1.00</span></p></div><a href="/yop-1-drinkable-yogurt-magical-edition-yogurt-drin/p/21548124_EA?source=nspt" class="chakra-linkbox__overlay css-1hnz6hu"><div class="css-0"><p class="chakra-text css-1ecdp9w" data-testid="product-brand">Yoplait</p><h3 class="chakra-heading css-6qrhwc" id="21548124_EA" data-testid="product-title">Yop 1% Drinkable Yogurt, Magical Edition, Yogurt Drink</h3><p class="chakra-text css-1yftjin" data-testid="product-package-size">200 ml, $0.50/100ml</p></div></a><div class="css-8keand"></div></div><div class="css-1q5omjq"><div class="css-fcebb8"><div data-testid="atc-compact" class="css-y94ivq" style="width: 45px;"><button type="button" class="chakra-button css-mudsm6" data-testid="atc-button"><svg stroke="currentColor" fill="currentColor" stroke-width="0" viewBox="0 0 24 24" focusable="false" class="chakra-icon css-1g3sp7a" data-testid="btn-icon" aria-hidden="true" height="1em" width="1em" xmlns="http://www.w3.org/2000/svg"><path d="M19 13h-6v6h-2v-6H5v-2h6V5h2v6h6v2z"></path></svg><span class="css-idkz9h">Add Yop 1% Drinkable Yogurt, Magical Edition, Yogurt Drink to cart</span></button></div></div></div></div></div></div><div class="css-0"><div class="css-f5i5wc"><div class="chakra-linkbox css-vhnn8v"><div data-testid="product-image" class="css-16dr4ly"><img alt="siggi's Skyr Yogurt Plain 0%.  High Protein 750 g, $0.87/100g" src="https://assets.shop.loblaws.ca/products/21353892/b3/en/front/21353892_front_a06_@2.png" srcset="https://assets.shop.loblaws.ca/products/21353892/b3/en/front/21353892_front_a06_@2.png 1x, https://assets.shop.loblaws.ca/products/21353892/b3/en/front/21353892_front_a06_@2.png 2x" loading="lazy" class="chakra-image css-oguq8l" aria-hidden="true"></div><div class="css-qoklea"><div class="css-12dchmx"></div><div data-testid="price-product-tile" class="css-8atqhb"><p class="chakra-text css-0"><span class="chakra-text css-pwnbcb" data-testid="regular-price"><span class="css-idkz9h">$6.49</span>$6.49</span></p></div><a href="/skyr-yogurt-plain-0-high-protein/p/21353892_EA?source=nspt" class="chakra-linkbox__overlay css-1hnz6hu"><div class="css-0"><p class="chakra-text css-1ecdp9w" data-testid="product-brand">siggi's</p><h3 class="chakra-heading css-6qrhwc" id="21353892_EA" data-testid="product-title">Skyr Yogurt Plain 0%.  High Protein</h3><p class="chakra-text css-1yftjin" data-testid="product-package-size">750 g, $0.87/100g</p></div></a><div class="css-8keand"></div></div><div class="css-1q5omjq"><div class="css-fcebb8"><div data-testid="atc-compact" class="css-y94ivq" style="width: 45px;"><button type="button" class="chakra-button css-mudsm6" data-testid="atc-button"><svg stroke="currentColor" fill="currentColor" stroke-width="0" viewBox="0 0 24 24" focusable="false" class="chakra-icon css-1g3sp7a" data-testid="btn-icon" aria-hidden="true" height="1em" width="1em" xmlns="http://www.w3.org/2000/svg"><path d="M19 13h-6v6h-2v-6H5v-2h6V5h2v6h6v2z"></path></svg><span class="css-idkz9h">Add Skyr Yogurt Plain 0%.  High Protein to cart</span></button></div></div></div></div></div></div><div class="css-0"><div class="css-f5i5wc"><div class="chakra-linkbox css-vhnn8v"><div data-testid="product-image" class="css-16dr4ly"><img alt="Yoplait Tubes Yogurt 1% M.F. Strawberry Banana &amp; Fruit Punch 448 g, $0.59/100g" src="https://assets.shop.loblaws.ca/products/21547629/b3/en/front/21547629_front_a06_@2.png" srcset="https://assets.shop.loblaws.ca/products/21547629/b3/en/front/21547629_front_a06_@2.png 1x, https://assets.shop.loblaws.ca/products/21547629/b3/en/front/21547629_front_a06_@2.png 2x" loading="lazy" class="chakra-image css-oguq8l" aria-hidden="true"></div><div class="css-qoklea"><div class="css-12dchmx"></div><div data-testid="price-product-tile" class="css-8atqhb"><p class="chakra-text css-0"><span class="chakra-text css-pwnbcb" data-testid="regular-price"><span class="css-idkz9h">$2.65</span>$2.65</span></p></div><a href="/tubes-yogurt-1-m-f-strawberry-banana-fruit-punch/p/21547629_EA?source=nspt" class="chakra-linkbox__overlay css-1hnz6hu"><div class="css-0"><p class="chakra-text css-1ecdp9w" data-testid="product-brand">Yoplait</p><h3 class="chakra-heading css-6qrhwc" id="21547629_EA" data-testid="product-title">Tubes Yogurt 1% M.F. Strawberry Banana &amp; Fruit Punch</h3><p class="chakra-text css-1yftjin" data-testid="product-package-size">448 g, $0.59/100g</p></div></a><div class="css-8keand"></div></div><div class="css-1q5omjq"><div class="css-fcebb8"><div data-testid="atc-compact" class="css-y94ivq" style="width: 45px;"><button type="button" class="chakra-button css-mudsm6" data-testid="atc-button"><svg stroke="currentColor" fill="currentColor" stroke-width="0" viewBox="0 0 24 24" focusable="false" class="chakra-icon css-1g3sp7a" data-testid="btn-icon" aria-hidden="true" height="1em" width="1em" xmlns="http://www.w3.org/2000/svg"><path d="M19 13h-6v6h-2v-6H5v-2h6V5h2v6h6v2z"></path></svg><span class="css-idkz9h">Add Tubes Yogurt 1% M.F. Strawberry Banana &amp; Fruit Punch to cart</span></button></div></div></div></div></div></div><div class="css-0"><div class="css-f5i5wc"><div class="chakra-linkbox css-vhnn8v"><div data-testid="product-image" class="css-16dr4ly"><img alt="President's Choice Raspberry Lychee Smash  2% Greek Yogurt 400 g, $1.05/100g" src="https://assets.shop.loblaws.ca/products/21575951/b3/en/front/21575951_front_a06_@2.png" srcset="https://assets.shop.loblaws.ca/products/21575951/b3/en/front/21575951_front_a06_@2.png 1x, https://assets.shop.loblaws.ca/products/21575951/b3/en/front/21575951_front_a06_@2.png 2x" loading="lazy" class="chakra-image css-oguq8l" aria-hidden="true"></div><div class="css-qoklea"><div class="css-12dchmx"></div><div data-testid="price-product-tile" class="css-8atqhb"><p class="chakra-text css-0"><span class="chakra-text css-pwnbcb" data-testid="regular-price"><span class="css-idkz9h">$4.19</span>$4.19</span></p></div><a href="/raspberry-lychee-smash-2-greek-yogurt/p/21575951_EA?source=nspt" class="chakra-linkbox__overlay css-1hnz6hu"><div class="css-0"><p class="chakra-text css-1ecdp9w" data-testid="product-brand">President's Choice</p><h3 class="chakra-heading css-6qrhwc" id="21575951_EA" data-testid="product-title">Raspberry Lychee Smash  2% Greek Yogurt</h3><p class="chakra-text css-1yftjin" data-testid="product-package-size">400 g, $1.05/100g</p></div></a><div class="css-8keand"></div></div><div class="css-1q5omjq"><div class="css-fcebb8"><div data-testid="atc-compact" class="css-y94ivq" style="width: 45px;"><button type="button" class="chakra-button css-mudsm6" data-testid="atc-button"><svg stroke="currentColor" fill="currentColor" stroke-width="0" viewBox="0 0 24 24" focusable="false" class="chakra-icon css-1g3sp7a" data-testid="btn-icon" aria-hidden="true" height="1em" width="1em" xmlns="http://www.w3.org/2000/svg"><path d="M19 13h-6v6h-2v-6H5v-2h6V5h2v6h6v2z"></path></svg><span class="css-idkz9h">Add Raspberry Lychee Smash  2% Greek Yogurt to cart</span></button></div></div></div></div></div></div><div class="css-0"><div class="css-f5i5wc"><div class="chakra-linkbox css-vhnn8v"><div data-testid="product-image" class="css-16dr4ly"><img alt="President's Choice Vanilla Greek Yogurt 0% Club Size  1 kg, $0.68/100g" src="https://assets.shop.loblaws.ca/products/21518403/b3/en/front/21518403_front_a06_@2.png" srcset="https://assets.shop.loblaws.ca/products/21518403/b3/en/front/21518403_front_a06_@2.png 1x, https://assets.shop.loblaws.ca/products/21518403/b3/en/front/21518403_front_a06_@2.png 2x" loading="lazy" class="chakra-image css-oguq8l" aria-hidden="true"></div><div class="css-qoklea"><div class="css-12dchmx"></div><div data-testid="price-product-tile" class="css-8atqhb"><p class="chakra-text css-0"><span class="chakra-text css-pwnbcb" data-testid="regular-price"><span class="css-idkz9h">$6.79</span>$6.79</span></p></div><a href="/vanilla-greek-yogurt-0-club-size/p/21518403_EA?source=nspt" class="chakra-linkbox__overlay css-1hnz6hu"><div class="css-0"><p class="chakra-text css-1ecdp9w" data-testid="product-brand">President's Choice</p><h3 class="chakra-heading css-6qrhwc" id="21518403_EA" data-testid="product-title">Vanilla Greek Yogurt 0% Club Size </h3><p class="chakra-text css-1yftjin" data-testid="product-package-size">1 kg, $0.68/100g</p></div></a><div class="css-8keand"></div></div><div class="css-1q5omjq"><div class="css-fcebb8"><div data-testid="atc-compact" class="css-y94ivq" style="width: 45px;"><button type="button" class="chakra-button css-mudsm6" data-testid="atc-button"><svg stroke="currentColor" fill="currentColor" stroke-width="0" viewBox="0 0 24 24" focusable="false" class="chakra-icon css-1g3sp7a" data-testid="btn-icon" aria-hidden="true" height="1em" width="1em" xmlns="http://www.w3.org/2000/svg"><path d="M19 13h-6v6h-2v-6H5v-2h6V5h2v6h6v2z"></path></svg><span class="css-idkz9h">Add Vanilla Greek Yogurt 0% Club Size  to cart</span></button></div></div></div></div></div></div><div class="css-0"><div class="css-f5i5wc"><div class="chakra-linkbox css-vhnn8v"><div data-testid="product-image" class="css-16dr4ly"><img alt="Liberte Méditerranée 9% Yogurt, Black Cherry 500 g, $0.86/100g" src="https://assets.shop.loblaws.ca/products/20788062001/b3/en/front/20788062001_front_a06_@2.png" srcset="https://assets.shop.loblaws.ca/products/20788062001/b3/en/front/20788062001_front_a06_@2.png 1x, https://assets.shop.loblaws.ca/products/20788062001/b3/en/front/20788062001_front_a06_@2.png 2x" loading="lazy" class="chakra-image css-oguq8l" aria-hidden="true"></div><div class="css-qoklea"><div class="css-12dchmx"></div><div data-testid="price-product-tile" class="css-8atqhb"><p class="chakra-text css-0"><span class="chakra-text css-pwnbcb" data-testid="regular-price"><span class="css-idkz9h">$4.29</span>$4.29</span></p></div><a href="/m-diterran-e-9-yogurt-black-cherry/p/20788062001_EA?source=nspt" class="chakra-linkbox__overlay css-1hnz6hu"><div class="css-0"><p class="chakra-text css-1ecdp9w" data-testid="product-brand">Liberte</p><h3 class="chakra-heading css-6qrhwc" id="20788062001_EA" data-testid="product-title">Méditerranée 9% Yogurt, Black Cherry</h3><p class="chakra-text css-1yftjin" data-testid="product-package-size">500 g, $0.86/100g</p></div></a><div class="css-8keand"></div></div><div class="css-1q5omjq"><div class="css-fcebb8"><div data-testid="atc-compact" class="css-y94ivq" style="width: 45px;"><button type="button" class="chakra-button css-mudsm6" data-testid="atc-button"><svg stroke="currentColor" fill="currentColor" stroke-width="0" viewBox="0 0 24 24" focusable="false" class="chakra-icon css-1g3sp7a" data-testid="btn-icon" aria-hidden="true" height="1em" width="1em" xmlns="http://www.w3.org/2000/svg"><path d="M19 13h-6v6h-2v-6H5v-2h6V5h2v6h6v2z"></path></svg><span class="css-idkz9h">Add Méditerranée 9% Yogurt, Black Cherry to cart</span></button></div></div></div></div></div></div><div class="css-0"><div class="css-f5i5wc"><div class="chakra-linkbox css-vhnn8v"><div data-testid="product-image" class="css-16dr4ly"><img alt="Riviera Coconut Milk Vegan Yogurt - Mango And Passion Fruit 500 g, $1.30/100g" src="https://assets.shop.loblaws.ca/products/21201523/b3/en/front/21201523_front_a06_@2.png" srcset="https://assets.shop.loblaws.ca/products/21201523/b3/en/front/21201523_front_a06_@2.png 1x, https://assets.shop.loblaws.ca/products/21201523/b3/en/front/21201523_front_a06_@2.png 2x" loading="lazy" class="chakra-image css-oguq8l" aria-hidden="true"></div><div class="css-qoklea"><div class="css-12dchmx"></div><div data-testid="price-product-tile" class="css-8atqhb"><p class="chakra-text css-0"><span class="chakra-text css-pwnbcb" data-testid="regular-price"><span class="css-idkz9h">$6.49</span>$6.49</span></p></div><a href="/coconut-milk-vegan-yogurt-mango-and-passion-fruit/p/21201523_EA?source=nspt" class="chakra-linkbox__overlay css-1hnz6hu"><div class="css-0"><p class="chakra-text css-1ecdp9w" data-testid="product-brand">Riviera</p><h3 class="chakra-heading css-6qrhwc" id="21201523_EA" data-testid="product-title">Coconut Milk Vegan Yogurt - Mango And Passion Fruit</h3><p class="chakra-text css-1yftjin" data-testid="product-package-size">500 g, $1.30/100g</p></div></a><div class="css-8keand"></div></div><div class="css-1q5omjq"><div class="css-fcebb8"><div data-testid="atc-compact" class="css-y94ivq" style="width: 45px;"><button type="button" class="chakra-button css-mudsm6" data-testid="atc-button"><svg stroke="currentColor" fill="currentColor" stroke-width="0" viewBox="0 0 24 24" focusable="false" class="chakra-icon css-1g3sp7a" data-testid="btn-icon" aria-hidden="true" height="1em" width="1em" xmlns="http://www.w3.org/2000/svg"><path d="M19 13h-6v6h-2v-6H5v-2h6V5h2v6h6v2z"></path></svg><span class="css-idkz9h">Add Coconut Milk Vegan Yogurt - Mango And Passion Fruit to cart</span></button></div></div></div></div></div></div><div class="css-0"><div class="css-f5i5wc"><div class="chakra-linkbox css-vhnn8v"><div data-testid="product-image" class="css-16dr4ly"><img alt="Astro Fruit on the Bottom Yogurt, Peach, Strawberry, Blueberry, Fieldberry 4% 12x100.0 g, $0.54/100g" src="https://assets.shop.loblaws.ca/products/20301507001/b3/en/front/20301507001_front_a06_@2.png" srcset="https://assets.shop.loblaws.ca/products/20301507001/b3/en/front/20301507001_front_a06_@2.png 1x, https://assets.shop.loblaws.ca/products/20301507001/b3/en/front/20301507001_front_a06_@2.png 2x" loading="lazy" class="chakra-image css-oguq8l" aria-hidden="true"></div><div class="css-qoklea"><div class="css-12dchmx"></div><div data-testid="price-product-tile" class="css-8atqhb"><p class="chakra-text css-0"><span class="chakra-text css-pwnbcb" data-testid="regular-price"><span class="css-idkz9h">$6.49</span>$6.49</span></p></div><a href="/fruit-on-the-bottom-yogurt-peach-strawberry-bluebe/p/20301507001_EA?source=nspt" class="chakra-linkbox__overlay css-1hnz6hu"><div class="css-0"><p class="chakra-text css-1ecdp9w" data-testid="product-brand">Astro</p><h3 class="chakra-heading css-6qrhwc" id="20301507001_EA" data-testid="product-title">Fruit on the Bottom Yogurt, Peach, Strawberry, Blueberry, Fieldberry 4%</h3><p class="chakra-text css-1yftjin" data-testid="product-package-size">12x100.0 g, $0.54/100g</p></div></a><div class="css-8keand"></div></div><div class="css-1q5omjq"><div class="css-fcebb8"><div data-testid="atc-compact" class="css-y94ivq" style="width: 45px;"><button type="button" class="chakra-button css-mudsm6" data-testid="atc-button"><svg stroke="currentColor" fill="currentColor" stroke-width="0" viewBox="0 0 24 24" focusable="false" class="chakra-icon css-1g3sp7a" data-testid="btn-icon" aria-hidden="true" height="1em" width="1em" xmlns="http://www.w3.org/2000/svg"><path d="M19 13h-6v6h-2v-6H5v-2h6V5h2v6h6v2z"></path></svg><span class="css-idkz9h">Add Fruit on the Bottom Yogurt, Peach, Strawberry, Blueberry, Fieldberry 4% to cart</span></button></div></div></div></div></div></div><div class="css-0"><div class="css-f5i5wc"><div class="chakra-linkbox css-vhnn8v"><div data-testid="product-image" class="css-16dr4ly"><img alt="Khaas Halal Yogurt, Plain 0% 750 g, $0.33/100g" src="https://assets.shop.loblaws.ca/products/20544362002/b3/en/front/20544362002_front_a06_@2.png" srcset="https://assets.shop.loblaws.ca/products/20544362002/b3/en/front/20544362002_front_a06_@2.png 1x, https://assets.shop.loblaws.ca/products/20544362002/b3/en/front/20544362002_front_a06_@2.png 2x" loading="lazy" class="chakra-image css-oguq8l" aria-hidden="true"></div><div class="css-qoklea"><div class="css-12dchmx"></div><div data-testid="price-product-tile" class="css-8atqhb"><p class="chakra-text css-0"><span class="chakra-text css-pwnbcb" data-testid="regular-price"><span class="css-idkz9h">$2.49</span>$2.49</span></p></div><a href="/halal-yogurt-plain-0/p/20544362002_EA?source=nspt" class="chakra-linkbox__overlay css-1hnz6hu"><div class="css-0"><p class="chakra-text css-1ecdp9w" data-testid="product-brand">Khaas</p><h3 class="chakra-heading css-6qrhwc" id="20544362002_EA" data-testid="product-title">Halal Yogurt, Plain 0%</h3><p class="chakra-text css-1yftjin" data-testid="product-package-size">750 g, $0.33/100g</p></div></a><div class="css-8keand"></div></div><div class="css-1q5omjq"><div class="css-fcebb8"><div data-testid="atc-compact" class="css-y94ivq" style="width: 45px;"><button disabled="" type="button" class="chakra-button css-mudsm6" data-testid="atc-button"><svg stroke="currentColor" fill="currentColor" stroke-width="0" viewBox="0 0 24 24" focusable="false" class="chakra-icon css-1g3sp7a" data-testid="btn-icon" aria-hidden="true" height="1em" width="1em" xmlns="http://www.w3.org/2000/svg"><path d="M19 13h-6v6h-2v-6H5v-2h6V5h2v6h6v2z"></path></svg><span class="css-idkz9h">Add Halal Yogurt, Plain 0% to cart</span></button></div></div><div class="css-4saf4a"><p class="chakra-text css-py8788" data-testid="inventory-badge-text">Out of Stock</p></div></div></div></div></div><div class="css-0"><div class="css-f5i5wc"><div class="chakra-linkbox css-vhnn8v"><div data-testid="product-image" class="css-16dr4ly"><img alt="Riviera Oat Based Vegan Delight Vanilla 650 g, $1.00/100g" src="https://assets.shop.loblaws.ca/products/21497492/b3/en/front/21497492_front_a06_@2.png" srcset="https://assets.shop.loblaws.ca/products/21497492/b3/en/front/21497492_front_a06_@2.png 1x, https://assets.shop.loblaws.ca/products/21497492/b3/en/front/21497492_front_a06_@2.png 2x" loading="lazy" class="chakra-image css-oguq8l" aria-hidden="true"></div><div class="css-qoklea"><div class="css-12dchmx"></div><div data-testid="price-product-tile" class="css-8atqhb"><p class="chakra-text css-0"><span class="chakra-text css-pwnbcb" data-testid="regular-price"><span class="css-idkz9h">$6.49</span>$6.49</span></p></div><a href="/oat-based-vegan-delight-vanilla/p/21497492_EA?source=nspt" class="chakra-linkbox__overlay css-1hnz6hu"><div class="css-0"><p class="chakra-text css-1ecdp9w" data-testid="product-brand">Riviera</p><h3 class="chakra-heading css-6qrhwc" id="21497492_EA" data-testid="product-title">Oat Based Vegan Delight Vanilla</h3><p class="chakra-text css-1yftjin" data-testid="product-package-size">650 g, $1.00/100g</p></div></a><div class="css-8keand"></div></div><div class="css-1q5omjq"><div class="css-fcebb8"><div data-testid="atc-compact" class="css-y94ivq" style="width: 45px;"><button type="button" class="chakra-button css-mudsm6" data-testid="atc-button"><svg stroke="currentColor" fill="currentColor" stroke-width="0" viewBox="0 0 24 24" focusable="false" class="chakra-icon css-1g3sp7a" data-testid="btn-icon" aria-hidden="true" height="1em" width="1em" xmlns="http://www.w3.org/2000/svg"><path d="M19 13h-6v6h-2v-6H5v-2h6V5h2v6h6v2z"></path></svg><span class="css-idkz9h">Add Oat Based Vegan Delight Vanilla to cart</span></button></div></div></div></div></div></div><div class="css-0"><div class="css-f5i5wc"><div class="chakra-linkbox css-vhnn8v"><div data-testid="product-image" class="css-16dr4ly"><img alt="Oikos Fat Free Greek Yogurt, Peach-Mango Flavour, Fruit On The Bottom, 0% M.F. 4x100.0 g, $0.97/100g" src="https://assets.shop.loblaws.ca/products/20419715006/b3/en/front/20419715006_front_a06_@2.png" srcset="https://assets.shop.loblaws.ca/products/20419715006/b3/en/front/20419715006_front_a06_@2.png 1x, https://assets.shop.loblaws.ca/products/20419715006/b3/en/front/20419715006_front_a06_@2.png 2x" loading="lazy" class="chakra-image css-oguq8l" aria-hidden="true"></div><div class="css-qoklea"><div class="css-12dchmx"></div><div data-testid="price-product-tile" class="css-8atqhb"><p class="chakra-text css-0"><span class="chakra-text css-pwnbcb" data-testid="regular-price"><span class="css-idkz9h">$3.89</span>$3.89</span></p></div><a href="/fat-free-greek-yogurt-peach-mango-flavour-fruit-on/p/20419715006_EA?source=nspt" class="chakra-linkbox__overlay css-1hnz6hu"><div class="css-0"><p class="chakra-text css-1ecdp9w" data-testid="product-brand">Oikos</p><h3 class="chakra-heading css-6qrhwc" id="20419715006_EA" data-testid="product-title">Fat Free Greek Yogurt, Peach-Mango Flavour, Fruit On The Bottom, 0% M.F.</h3><p class="chakra-text css-1yftjin" data-testid="product-package-size">4x100.0 g, $0.97/100g</p></div></a><div class="css-8keand"></div></div><div class="css-1q5omjq"><div class="css-fcebb8"><div data-testid="atc-compact" class="css-y94ivq" style="width: 45px;"><button type="button" class="chakra-button css-mudsm6" data-testid="atc-button"><svg stroke="currentColor" fill="currentColor" stroke-width="0" viewBox="0 0 24 24" focusable="false" class="chakra-icon css-1g3sp7a" data-testid="btn-icon" aria-hidden="true" height="1em" width="1em" xmlns="http://www.w3.org/2000/svg"><path d="M19 13h-6v6h-2v-6H5v-2h6V5h2v6h6v2z"></path></svg><span class="css-idkz9h">Add Fat Free Greek Yogurt, Peach-Mango Flavour, Fruit On The Bottom, 0% M.F. to cart</span></button></div></div></div></div></div></div><div class="css-0"><div class="css-f5i5wc"><div class="chakra-linkbox css-vhnn8v"><div data-testid="product-image" class="css-16dr4ly"><img alt="Riviera Vegan Yogurt, Plain Coconut 650 g, $1.00/100g" src="https://assets.shop.loblaws.ca/products/21184634/b3/en/front/21184634_front_a06_@2.png" srcset="https://assets.shop.loblaws.ca/products/21184634/b3/en/front/21184634_front_a06_@2.png 1x, https://assets.shop.loblaws.ca/products/21184634/b3/en/front/21184634_front_a06_@2.png 2x" loading="lazy" class="chakra-image css-oguq8l" aria-hidden="true"></div><div class="css-qoklea"><div class="css-12dchmx"></div><div data-testid="price-product-tile" class="css-8atqhb"><p class="chakra-text css-0"><span class="chakra-text css-pwnbcb" data-testid="regular-price"><span class="css-idkz9h">$6.49</span>$6.49</span></p></div><a href="/vegan-yogurt-plain-coconut/p/21184634_EA?source=nspt" class="chakra-linkbox__overlay css-1hnz6hu"><div class="css-0"><p class="chakra-text css-1ecdp9w" data-testid="product-brand">Riviera</p><h3 class="chakra-heading css-6qrhwc" id="21184634_EA" data-testid="product-title">Vegan Yogurt, Plain Coconut</h3><p class="chakra-text css-1yftjin" data-testid="product-package-size">650 g, $1.00/100g</p></div></a><div class="css-8keand"></div></div><div class="css-1q5omjq"><div class="css-fcebb8"><div data-testid="atc-compact" class="css-y94ivq" style="width: 45px;"><button type="button" class="chakra-button css-mudsm6" data-testid="atc-button"><svg stroke="currentColor" fill="currentColor" stroke-width="0" viewBox="0 0 24 24" focusable="false" class="chakra-icon css-1g3sp7a" data-testid="btn-icon" aria-hidden="true" height="1em" width="1em" xmlns="http://www.w3.org/2000/svg"><path d="M19 13h-6v6h-2v-6H5v-2h6V5h2v6h6v2z"></path></svg><span class="css-idkz9h">Add Vegan Yogurt, Plain Coconut to cart</span></button></div></div></div></div></div></div><div class="css-0"><div class="css-f5i5wc"><div class="chakra-linkbox css-vhnn8v"><div data-testid="product-image" class="css-16dr4ly"><img alt="Astro Vanilla Yogurt 3.25%, Balkan Style 650 g, $0.54/100g" src="https://assets.shop.loblaws.ca/products/20165226002/b3/en/front/20165226002_front_a06_@2.png" srcset="https://assets.shop.loblaws.ca/products/20165226002/b3/en/front/20165226002_front_a06_@2.png 1x, https://assets.shop.loblaws.ca/products/20165226002/b3/en/front/20165226002_front_a06_@2.png 2x" loading="lazy" class="chakra-image css-oguq8l" aria-hidden="true"></div><div class="css-qoklea"><div class="css-12dchmx"></div><div data-testid="price-product-tile" class="css-8atqhb"><p class="chakra-text css-0"><span class="chakra-text css-pwnbcb" data-testid="regular-price"><span class="css-idkz9h">$3.49</span>$3.49</span></p></div><a href="/vanilla-yogurt-3-25-balkan-style/p/20165226002_EA?source=nspt" class="chakra-linkbox__overlay css-1hnz6hu"><div class="css-0"><p class="chakra-text css-1ecdp9w" data-testid="product-brand">Astro</p><h3 class="chakra-heading css-6qrhwc" id="20165226002_EA" data-testid="product-title">Vanilla Yogurt 3.25%, Balkan Style</h3><p class="chakra-text css-1yftjin" data-testid="product-package-size">650 g, $0.54/100g</p></div></a><div class="css-8keand"></div></div><div class="css-1q5omjq"><div class="css-fcebb8"><div data-testid="atc-compact" class="css-y94ivq" style="width: 45px;"><button type="button" class="chakra-button css-mudsm6" data-testid="atc-button"><svg stroke="currentColor" fill="currentColor" stroke-width="0" viewBox="0 0 24 24" focusable="false" class="chakra-icon css-1g3sp7a" data-testid="btn-icon" aria-hidden="true" height="1em" width="1em" xmlns="http://www.w3.org/2000/svg"><path d="M19 13h-6v6h-2v-6H5v-2h6V5h2v6h6v2z"></path></svg><span class="css-idkz9h">Add Vanilla Yogurt 3.25%, Balkan Style to cart</span></button></div></div></div></div></div></div><div class="css-0"><div class="css-f5i5wc"><div class="chakra-linkbox css-vhnn8v"><div data-testid="product-image" class="css-16dr4ly"><img alt="Nanak Dahi 750 g, $0.53/100g" src="https://assets.shop.loblaws.ca/products/20133591/b3/en/front/20133591_front_a06_@2.png" srcset="https://assets.shop.loblaws.ca/products/20133591/b3/en/front/20133591_front_a06_@2.png 1x, https://assets.shop.loblaws.ca/products/20133591/b3/en/front/20133591_front_a06_@2.png 2x" loading="lazy" class="chakra-image css-oguq8l" aria-hidden="true"></div><div class="css-qoklea"><div class="css-12dchmx"></div><div data-testid="price-product-tile" class="css-8atqhb"><p class="chakra-text css-0"><span class="chakra-text css-pwnbcb" data-testid="regular-price"><span class="css-idkz9h">$3.99</span>$3.99</span></p></div><a href="/dahi/p/20133591_EA?source=nspt" class="chakra-linkbox__overlay css-1hnz6hu"><div class="css-0"><p class="chakra-text css-1ecdp9w" data-testid="product-brand">Nanak</p><h3 class="chakra-heading css-6qrhwc" id="20133591_EA" data-testid="product-title">Dahi</h3><p class="chakra-text css-1yftjin" data-testid="product-package-size">750 g, $0.53/100g</p></div></a><div class="css-8keand"></div></div><div class="css-1q5omjq"><div class="css-fcebb8"><div data-testid="atc-compact" class="css-y94ivq" style="width: 45px;"><button type="button" class="chakra-button css-mudsm6" data-testid="atc-button"><svg stroke="currentColor" fill="currentColor" stroke-width="0" viewBox="0 0 24 24" focusable="false" class="chakra-icon css-1g3sp7a" data-testid="btn-icon" aria-hidden="true" height="1em" width="1em" xmlns="http://www.w3.org/2000/svg"><path d="M19 13h-6v6h-2v-6H5v-2h6V5h2v6h6v2z"></path></svg><span class="css-idkz9h">Add Dahi to cart</span></button></div></div></div></div></div></div><div class="css-0"><div class="css-f5i5wc"><div class="chakra-linkbox css-vhnn8v"><div data-testid="product-image" class="css-16dr4ly"><img alt="Yoplait Tubes Zoo, Strawberry 448 g, $0.59/100g" src="https://assets.shop.loblaws.ca/products/21547595/b3/en/front/21547595_front_a06_@2.png" srcset="https://assets.shop.loblaws.ca/products/21547595/b3/en/front/21547595_front_a06_@2.png 1x, https://assets.shop.loblaws.ca/products/21547595/b3/en/front/21547595_front_a06_@2.png 2x" loading="lazy" class="chakra-image css-oguq8l" aria-hidden="true"></div><div class="css-qoklea"><div class="css-12dchmx"></div><div data-testid="price-product-tile" class="css-8atqhb"><p class="chakra-text css-0"><span class="chakra-text css-pwnbcb" data-testid="regular-price"><span class="css-idkz9h">$2.65</span>$2.65</span></p></div><a href="/tubes-zoo-strawberry/p/21547595_EA?source=nspt" class="chakra-linkbox__overlay css-1hnz6hu"><div class="css-0"><p class="chakra-text css-1ecdp9w" data-testid="product-brand">Yoplait</p><h3 class="chakra-heading css-6qrhwc" id="21547595_EA" data-testid="product-title">Tubes Zoo, Strawberry</h3><p class="chakra-text css-1yftjin" data-testid="product-package-size">448 g, $0.59/100g</p></div></a><div class="css-8keand"></div></div><div class="css-1q5omjq"><div class="css-fcebb8"><div data-testid="atc-compact" class="css-y94ivq" style="width: 45px;"><button type="button" class="chakra-button css-mudsm6" data-testid="atc-button"><svg stroke="currentColor" fill="currentColor" stroke-width="0" viewBox="0 0 24 24" focusable="false" class="chakra-icon css-1g3sp7a" data-testid="btn-icon" aria-hidden="true" height="1em" width="1em" xmlns="http://www.w3.org/2000/svg"><path d="M19 13h-6v6h-2v-6H5v-2h6V5h2v6h6v2z"></path></svg><span class="css-idkz9h">Add Tubes Zoo, Strawberry to cart</span></button></div></div></div></div></div></div><div class="css-0"><div class="css-f5i5wc"><div class="chakra-linkbox css-vhnn8v"><div data-testid="product-image" class="css-16dr4ly"><img alt="PC Organics Plain Skyr Icelandic Style 0% MF Yogurt 500 g, $1.20/100g" src="https://assets.shop.loblaws.ca/products/21170510/b3/en/front/21170510_front_a06_@2.png" srcset="https://assets.shop.loblaws.ca/products/21170510/b3/en/front/21170510_front_a06_@2.png 1x, https://assets.shop.loblaws.ca/products/21170510/b3/en/front/21170510_front_a06_@2.png 2x" loading="lazy" class="chakra-image css-oguq8l" aria-hidden="true"></div><div class="css-qoklea"><div class="css-12dchmx"></div><div data-testid="price-product-tile" class="css-8atqhb"><p class="chakra-text css-0"><span class="chakra-text css-pwnbcb" data-testid="regular-price"><span class="css-idkz9h">$5.99</span>$5.99</span></p></div><a href="/plain-skyr-icelandic-style-0-mf-yogurt/p/21170510_EA?source=nspt" class="chakra-linkbox__overlay css-1hnz6hu"><div class="css-0"><p class="chakra-text css-1ecdp9w" data-testid="product-brand">PC Organics</p><h3 class="chakra-heading css-6qrhwc" id="21170510_EA" data-testid="product-title">Plain Skyr Icelandic Style 0% MF Yogurt</h3><p class="chakra-text css-1yftjin" data-testid="product-package-size">500 g, $1.20/100g</p></div></a><div class="css-8keand"></div></div><div class="css-1q5omjq"><div class="css-fcebb8"><div data-testid="atc-compact" class="css-y94ivq" style="width: 45px;"><button type="button" class="chakra-button css-mudsm6" data-testid="atc-button"><svg stroke="currentColor" fill="currentColor" stroke-width="0" viewBox="0 0 24 24" focusable="false" class="chakra-icon css-1g3sp7a" data-testid="btn-icon" aria-hidden="true" height="1em" width="1em" xmlns="http://www.w3.org/2000/svg"><path d="M19 13h-6v6h-2v-6H5v-2h6V5h2v6h6v2z"></path></svg><span class="css-idkz9h">Add Plain Skyr Icelandic Style 0% MF Yogurt to cart</span></button></div></div></div></div></div></div><div class="css-0"><div class="css-f5i5wc"><div class="chakra-linkbox css-vhnn8v"><div data-testid="product-image" class="css-16dr4ly"><img alt="Activia Probiotics Yogurt Source of Fibres, Vanilla/Blueberry/Strawberry-Kiwi/Peach 1140 g, $0.48/100g" src="https://assets.shop.loblaws.ca/products/21588638/b3/en/front/21588638_front_a06_@2.png" srcset="https://assets.shop.loblaws.ca/products/21588638/b3/en/front/21588638_front_a06_@2.png 1x, https://assets.shop.loblaws.ca/products/21588638/b3/en/front/21588638_front_a06_@2.png 2x" loading="lazy" class="chakra-image css-oguq8l" aria-hidden="true"></div><div class="css-qoklea"><div class="css-12dchmx"></div><div data-testid="price-product-tile" class="css-8atqhb"><p class="chakra-text css-0"><span class="chakra-text css-pwnbcb" data-testid="regular-price"><span class="css-idkz9h">$5.50</span>$5.50</span></p></div><a href="/probiotics-yogurt-source-of-fibres-vanilla-blueber/p/21588638_EA?source=nspt" class="chakra-linkbox__overlay css-1hnz6hu"><div class="css-0"><p class="chakra-text css-1ecdp9w" data-testid="product-brand">Activia</p><h3 class="chakra-heading css-6qrhwc" id="21588638_EA" data-testid="product-title">Probiotics Yogurt Source of Fibres, Vanilla/Blueberry/Strawberry-Kiwi/Peach</h3><p class="chakra-text css-1yftjin" data-testid="product-package-size">1140 g, $0.48/100g</p></div></a><div class="css-8keand"></div></div><div class="css-1q5omjq"><div class="css-fcebb8"><div data-testid="atc-compact" class="css-y94ivq" style="width: 45px;"><button type="button" class="chakra-button css-mudsm6" data-testid="atc-button"><svg stroke="currentColor" fill="currentColor" stroke-width="0" viewBox="0 0 24 24" focusable="false" class="chakra-icon css-1g3sp7a" data-testid="btn-icon" aria-hidden="true" height="1em" width="1em" xmlns="http://www.w3.org/2000/svg"><path d="M19 13h-6v6h-2v-6H5v-2h6V5h2v6h6v2z"></path></svg><span class="css-idkz9h">Add Probiotics Yogurt Source of Fibres, Vanilla/Blueberry/Strawberry-Kiwi/Peach to cart</span></button></div></div></div></div></div></div><div class="css-0"><div class="css-f5i5wc"><div class="chakra-linkbox css-vhnn8v"><div data-testid="product-image" class="css-16dr4ly"><img alt="Activia Yogurt with Probiotics, Lactose-free, Vanilla Flavour 650 g, $0.71/100g" src="https://assets.shop.loblaws.ca/products/20946086/b3/en/front/20946086_front_a06_@2.png" srcset="https://assets.shop.loblaws.ca/products/20946086/b3/en/front/20946086_front_a06_@2.png 1x, https://assets.shop.loblaws.ca/products/20946086/b3/en/front/20946086_front_a06_@2.png 2x" loading="lazy" class="chakra-image css-oguq8l" aria-hidden="true"></div><div class="css-qoklea"><div class="css-12dchmx"></div><div data-testid="price-product-tile" class="css-8atqhb"><p class="chakra-text css-0"><span class="chakra-text css-pwnbcb" data-testid="regular-price"><span class="css-idkz9h">$4.59</span>$4.59</span></p></div><a href="/yogurt-with-probiotics-lactose-free-vanilla-flavou/p/20946086_EA?source=nspt" class="chakra-linkbox__overlay css-1hnz6hu"><div class="css-0"><p class="chakra-text css-1ecdp9w" data-testid="product-brand">Activia</p><h3 class="chakra-heading css-6qrhwc" id="20946086_EA" data-testid="product-title">Yogurt with Probiotics, Lactose-free, Vanilla Flavour</h3><p class="chakra-text css-1yftjin" data-testid="product-package-size">650 g, $0.71/100g</p></div></a><div class="css-8keand"></div></div><div class="css-1q5omjq"><div class="css-fcebb8"><div data-testid="atc-compact" class="css-y94ivq" style="width: 45px;"><button type="button" class="chakra-button css-mudsm6" data-testid="atc-button"><svg stroke="currentColor" fill="currentColor" stroke-width="0" viewBox="0 0 24 24" focusable="false" class="chakra-icon css-1g3sp7a" data-testid="btn-icon" aria-hidden="true" height="1em" width="1em" xmlns="http://www.w3.org/2000/svg"><path d="M19 13h-6v6h-2v-6H5v-2h6V5h2v6h6v2z"></path></svg><span class="css-idkz9h">Add Yogurt with Probiotics, Lactose-free, Vanilla Flavour to cart</span></button></div></div></div></div></div></div><div class="css-0"><div class="css-f5i5wc"><div class="chakra-linkbox css-vhnn8v"><div data-testid="product-image" class="css-16dr4ly"><img alt="PC Organics Organic Kefir Milk, Strawberry 1000 ml, $0.65/100ml" src="https://assets.shop.loblaws.ca/products/20941529/b3/en/front/20941529_front_a06_@2.png" srcset="https://assets.shop.loblaws.ca/products/20941529/b3/en/front/20941529_front_a06_@2.png 1x, https://assets.shop.loblaws.ca/products/20941529/b3/en/front/20941529_front_a06_@2.png 2x" loading="lazy" class="chakra-image css-oguq8l" aria-hidden="true"></div><div class="css-qoklea"><div class="css-12dchmx"></div><div data-testid="price-product-tile" class="css-8atqhb"><p class="chakra-text css-0"><span class="chakra-text css-pwnbcb" data-testid="regular-price"><span class="css-idkz9h">$6.49</span>$6.49</span></p></div><a href="/organic-kefir-milk-strawberry/p/20941529_EA?source=nspt" class="chakra-linkbox__overlay css-1hnz6hu"><div class="css-0"><p class="chakra-text css-1ecdp9w" data-testid="product-brand">PC Organics</p><h3 class="chakra-heading css-6qrhwc" id="20941529_EA" data-testid="product-title">Organic Kefir Milk, Strawberry</h3><p class="chakra-text css-1yftjin" data-testid="product-package-size">1000 ml, $0.65/100ml</p></div></a><div class="css-8keand"></div></div><div class="css-1q5omjq"><div class="css-fcebb8"><div data-testid="atc-compact" class="css-y94ivq" style="width: 45px;"><button type="button" class="chakra-button css-mudsm6" data-testid="atc-button"><svg stroke="currentColor" fill="currentColor" stroke-width="0" viewBox="0 0 24 24" focusable="false" class="chakra-icon css-1g3sp7a" data-testid="btn-icon" aria-hidden="true" height="1em" width="1em" xmlns="http://www.w3.org/2000/svg"><path d="M19 13h-6v6h-2v-6H5v-2h6V5h2v6h6v2z"></path></svg><span class="css-idkz9h">Add Organic Kefir Milk, Strawberry to cart</span></button></div></div><div class="css-4saf4a"><p class="chakra-text css-py8788" data-testid="inventory-badge-text">Low Stock</p></div></div></div></div></div><div class="css-0"><div class="css-f5i5wc"><div class="chakra-linkbox css-vhnn8v"><div data-testid="product-image" class="css-16dr4ly"><img alt="Olympic Organic Yogurt, Vanilla 3% 650 g, $0.92/100g" src="https://assets.shop.loblaws.ca/products/20316485006/b3/en/front/20316485006_front_a06_@2.png" srcset="https://assets.shop.loblaws.ca/products/20316485006/b3/en/front/20316485006_front_a06_@2.png 1x, https://assets.shop.loblaws.ca/products/20316485006/b3/en/front/20316485006_front_a06_@2.png 2x" loading="lazy" class="chakra-image css-oguq8l" aria-hidden="true"></div><div class="css-qoklea"><div class="css-12dchmx"></div><div data-testid="price-product-tile" class="css-8atqhb"><p class="chakra-text css-0"><span class="chakra-text css-pwnbcb" data-testid="regular-price"><span class="css-idkz9h">$5.99</span>$5.99</span></p></div><a href="/organic-yogurt-vanilla-3/p/20316485006_EA?source=nspt" class="chakra-linkbox__overlay css-1hnz6hu"><div class="css-0"><p class="chakra-text css-1ecdp9w" data-testid="product-brand">Olympic</p><h3 class="chakra-heading css-6qrhwc" id="20316485006_EA" data-testid="product-title">Organic Yogurt, Vanilla 3%</h3><p class="chakra-text css-1yftjin" data-testid="product-package-size">650 g, $0.92/100g</p></div></a><div class="css-8keand"></div></div><div class="css-1q5omjq"><div class="css-fcebb8"><div data-testid="atc-compact" class="css-y94ivq" style="width: 45px;"><button type="button" class="chakra-button css-mudsm6" data-testid="atc-button"><svg stroke="currentColor" fill="currentColor" stroke-width="0" viewBox="0 0 24 24" focusable="false" class="chakra-icon css-1g3sp7a" data-testid="btn-icon" aria-hidden="true" height="1em" width="1em" xmlns="http://www.w3.org/2000/svg"><path d="M19 13h-6v6h-2v-6H5v-2h6V5h2v6h6v2z"></path></svg><span class="css-idkz9h">Add Organic Yogurt, Vanilla 3% to cart</span></button></div></div></div></div></div></div><div class="css-0"><div class="css-f5i5wc"><div class="chakra-linkbox css-vhnn8v"><div data-testid="product-image" class="css-16dr4ly"><img alt="President's Choice Black Cherry 0% M.F. Greek Yogurt  4x100.0 g, $1.05/100g" src="https://assets.shop.loblaws.ca/products/21002075/b3/en/front/21002075_front_a06_@2.png" srcset="https://assets.shop.loblaws.ca/products/21002075/b3/en/front/21002075_front_a06_@2.png 1x, https://assets.shop.loblaws.ca/products/21002075/b3/en/front/21002075_front_a06_@2.png 2x" loading="lazy" class="chakra-image css-oguq8l" aria-hidden="true"></div><div class="css-qoklea"><div class="css-12dchmx"></div><div data-testid="price-product-tile" class="css-8atqhb"><p class="chakra-text css-0"><span class="chakra-text css-pwnbcb" data-testid="regular-price"><span class="css-idkz9h">$4.19</span>$4.19</span></p></div><a href="/black-cherry-0-m-f-greek-yogurt/p/21002075_EA?source=nspt" class="chakra-linkbox__overlay css-1hnz6hu"><div class="css-0"><p class="chakra-text css-1ecdp9w" data-testid="product-brand">President's Choice</p><h3 class="chakra-heading css-6qrhwc" id="21002075_EA" data-testid="product-title">Black Cherry 0% M.F. Greek Yogurt </h3><p class="chakra-text css-1yftjin" data-testid="product-package-size">4x100.0 g, $1.05/100g</p></div></a><div class="css-8keand"></div></div><div class="css-1q5omjq"><div class="css-fcebb8"><div data-testid="atc-compact" class="css-y94ivq" style="width: 45px;"><button type="button" class="chakra-button css-mudsm6" data-testid="atc-button"><svg stroke="currentColor" fill="currentColor" stroke-width="0" viewBox="0 0 24 24" focusable="false" class="chakra-icon css-1g3sp7a" data-testid="btn-icon" aria-hidden="true" height="1em" width="1em" xmlns="http://www.w3.org/2000/svg"><path d="M19 13h-6v6h-2v-6H5v-2h6V5h2v6h6v2z"></path></svg><span class="css-idkz9h">Add Black Cherry 0% M.F. Greek Yogurt  to cart</span></button></div></div></div></div></div></div><div class="css-0"><div class="css-f5i5wc"><div class="chakra-linkbox css-vhnn8v"><div data-testid="product-image" class="css-16dr4ly"><img alt="IOGO Creamy Yogurt, Vanilla 1.5% 2 kg, $0.52/100g" src="https://assets.shop.loblaws.ca/products/20636092/b3/en/front/20636092_front_a06_@2.png" srcset="https://assets.shop.loblaws.ca/products/20636092/b3/en/front/20636092_front_a06_@2.png 1x, https://assets.shop.loblaws.ca/products/20636092/b3/en/front/20636092_front_a06_@2.png 2x" loading="lazy" class="chakra-image css-oguq8l" aria-hidden="true"></div><div class="css-qoklea"><div class="css-12dchmx"></div><div data-testid="price-product-tile" class="css-8atqhb"><p class="chakra-text css-0"><span class="chakra-text css-pwnbcb" data-testid="regular-price"><span class="css-idkz9h">$10.49</span>$10.49</span></p></div><a href="/creamy-yogurt-vanilla-1-5/p/20636092_EA?source=nspt" class="chakra-linkbox__overlay css-1hnz6hu"><div class="css-0"><p class="chakra-text css-1ecdp9w" data-testid="product-brand">IOGO</p><h3 class="chakra-heading css-6qrhwc" id="20636092_EA" data-testid="product-title">Creamy Yogurt, Vanilla 1.5%</h3><p class="chakra-text css-1yftjin" data-testid="product-package-size">2 kg, $0.52/100g</p></div></a><div class="css-8keand"></div></div><div class="css-1q5omjq"><div class="css-fcebb8"><div data-testid="atc-compact" class="css-y94ivq" style="width: 45px;"><button type="button" class="chakra-button css-mudsm6" data-testid="atc-button"><svg stroke="currentColor" fill="currentColor" stroke-width="0" viewBox="0 0 24 24" focusable="false" class="chakra-icon css-1g3sp7a" data-testid="btn-icon" aria-hidden="true" height="1em" width="1em" xmlns="http://www.w3.org/2000/svg"><path d="M19 13h-6v6h-2v-6H5v-2h6V5h2v6h6v2z"></path></svg><span class="css-idkz9h">Add Creamy Yogurt, Vanilla 1.5% to cart</span></button></div></div></div></div></div></div><div class="css-0"><div class="css-f5i5wc"><div class="chakra-linkbox css-vhnn8v"><div data-testid="product-image" class="css-16dr4ly"><img alt="Astro Plain Yogurt 3%, Balkan Style 750 g, $0.47/100g" src="https://assets.shop.loblaws.ca/products/20170533002/b3/en/front/20170533002_front_a06_@2.png" srcset="https://assets.shop.loblaws.ca/products/20170533002/b3/en/front/20170533002_front_a06_@2.png 1x, https://assets.shop.loblaws.ca/products/20170533002/b3/en/front/20170533002_front_a06_@2.png 2x" loading="lazy" class="chakra-image css-oguq8l" aria-hidden="true"></div><div class="css-qoklea"><div class="css-12dchmx"></div><div data-testid="price-product-tile" class="css-8atqhb"><p class="chakra-text css-0"><span class="chakra-text css-pwnbcb" data-testid="regular-price"><span class="css-idkz9h">$3.49</span>$3.49</span></p></div><a href="/plain-yogurt-3-balkan-style/p/20170533002_EA?source=nspt" class="chakra-linkbox__overlay css-1hnz6hu"><div class="css-0"><p class="chakra-text css-1ecdp9w" data-testid="product-brand">Astro</p><h3 class="chakra-heading css-6qrhwc" id="20170533002_EA" data-testid="product-title">Plain Yogurt 3%, Balkan Style</h3><p class="chakra-text css-1yftjin" data-testid="product-package-size">750 g, $0.47/100g</p></div></a><div class="css-8keand"></div></div><div class="css-1q5omjq"><div class="css-fcebb8"><div data-testid="atc-compact" class="css-y94ivq" style="width: 45px;"><button type="button" class="chakra-button css-mudsm6" data-testid="atc-button"><svg stroke="currentColor" fill="currentColor" stroke-width="0" viewBox="0 0 24 24" focusable="false" class="chakra-icon css-1g3sp7a" data-testid="btn-icon" aria-hidden="true" height="1em" width="1em" xmlns="http://www.w3.org/2000/svg"><path d="M19 13h-6v6h-2v-6H5v-2h6V5h2v6h6v2z"></path></svg><span class="css-idkz9h">Add Plain Yogurt 3%, Balkan Style to cart</span></button></div></div></div></div></div></div><div class="css-0"><div class="css-f5i5wc"><div class="chakra-linkbox css-vhnn8v"><div data-testid="product-image" class="css-16dr4ly"><img alt="IOGO Yogurt 1.5% M.F. Variety Pack - Strawberry,Raspberry, Blueberry &amp; Vanilla 16x100.0 g, $0.39/100g" src="https://assets.shop.loblaws.ca/products/20609583001/b3/en/front/20609583001_front_a06_@2.png" srcset="https://assets.shop.loblaws.ca/products/20609583001/b3/en/front/20609583001_front_a06_@2.png 1x, https://assets.shop.loblaws.ca/products/20609583001/b3/en/front/20609583001_front_a06_@2.png 2x" loading="lazy" class="chakra-image css-oguq8l" aria-hidden="true"></div><div class="css-qoklea"><div class="css-12dchmx"></div><div data-testid="price-product-tile" class="css-8atqhb"><p class="chakra-text css-0"><span class="chakra-text css-pwnbcb" data-testid="regular-price"><span class="css-idkz9h">$6.29</span>$6.29</span></p></div><a href="/yogurt-1-5-m-f-variety-pack-strawberry-raspberry-b/p/20609583001_EA?source=nspt" class="chakra-linkbox__overlay css-1hnz6hu"><div class="css-0"><p class="chakra-text css-1ecdp9w" data-testid="product-brand">IOGO</p><h3 class="chakra-heading css-6qrhwc" id="20609583001_EA" data-testid="product-title">Yogurt 1.5% M.F. Variety Pack - Strawberry,Raspberry, Blueberry &amp; Vanilla</h3><p class="chakra-text css-1yftjin" data-testid="product-package-size">16x100.0 g, $0.39/100g</p></div></a><div class="css-8keand"></div></div><div class="css-1q5omjq"><div class="css-fcebb8"><div data-testid="atc-compact" class="css-y94ivq" style="width: 45px;"><button type="button" class="chakra-button css-mudsm6" data-testid="atc-button"><svg stroke="currentColor" fill="currentColor" stroke-width="0" viewBox="0 0 24 24" focusable="false" class="chakra-icon css-1g3sp7a" data-testid="btn-icon" aria-hidden="true" height="1em" width="1em" xmlns="http://www.w3.org/2000/svg"><path d="M19 13h-6v6h-2v-6H5v-2h6V5h2v6h6v2z"></path></svg><span class="css-idkz9h">Add Yogurt 1.5% M.F. Variety Pack - Strawberry,Raspberry, Blueberry &amp; Vanilla to cart</span></button></div></div><div class="css-4saf4a"><p class="chakra-text css-py8788" data-testid="inventory-badge-text">Low Stock</p></div></div></div></div></div><div class="css-0"><div class="css-f5i5wc"><div class="chakra-linkbox css-vhnn8v"><div data-testid="product-image" class="css-16dr4ly"><img alt="Oikos Extra Creamy Greek Yogurt Lemon Meringue Flavour, 4% Mf 4x95.0 g, $1.02/100g" src="https://assets.shop.loblaws.ca/products/20945864/b3/en/front/20945864_front_a06_@2.png" srcset="https://assets.shop.loblaws.ca/products/20945864/b3/en/front/20945864_front_a06_@2.png 1x, https://assets.shop.loblaws.ca/products/20945864/b3/en/front/20945864_front_a06_@2.png 2x" loading="lazy" class="chakra-image css-oguq8l" aria-hidden="true"></div><div class="css-qoklea"><div class="css-12dchmx"></div><div data-testid="price-product-tile" class="css-8atqhb"><p class="chakra-text css-0"><span class="chakra-text css-pwnbcb" data-testid="regular-price"><span class="css-idkz9h">$3.89</span>$3.89</span></p></div><a href="/extra-creamy-greek-yogurt-lemon-meringue-flavour-4/p/20945864_EA?source=nspt" class="chakra-linkbox__overlay css-1hnz6hu"><div class="css-0"><p class="chakra-text css-1ecdp9w" data-testid="product-brand">Oikos</p><h3 class="chakra-heading css-6qrhwc" id="20945864_EA" data-testid="product-title">Extra Creamy Greek Yogurt Lemon Meringue Flavour, 4% Mf</h3><p class="chakra-text css-1yftjin" data-testid="product-package-size">4x95.0 g, $1.02/100g</p></div></a><div class="css-8keand"></div></div><div class="css-1q5omjq"><div class="css-fcebb8"><div data-testid="atc-compact" class="css-y94ivq" style="width: 45px;"><button type="button" class="chakra-button css-mudsm6" data-testid="atc-button"><svg stroke="currentColor" fill="currentColor" stroke-width="0" viewBox="0 0 24 24" focusable="false" class="chakra-icon css-1g3sp7a" data-testid="btn-icon" aria-hidden="true" height="1em" width="1em" xmlns="http://www.w3.org/2000/svg"><path d="M19 13h-6v6h-2v-6H5v-2h6V5h2v6h6v2z"></path></svg><span class="css-idkz9h">Add Extra Creamy Greek Yogurt Lemon Meringue Flavour, 4% Mf to cart</span></button></div></div></div></div></div></div><div class="css-0"><div class="css-f5i5wc"><div class="chakra-linkbox css-vhnn8v"><div data-testid="product-image" class="css-16dr4ly"><img alt="Yoplait Tubes Yogurt Cotton Candy Flavour 1% M.F. 448 g, $0.59/100g" src="https://assets.shop.loblaws.ca/products/21547624/b3/en/front/21547624_front_a06_@2.png" srcset="https://assets.shop.loblaws.ca/products/21547624/b3/en/front/21547624_front_a06_@2.png 1x, https://assets.shop.loblaws.ca/products/21547624/b3/en/front/21547624_front_a06_@2.png 2x" loading="lazy" class="chakra-image css-oguq8l" aria-hidden="true"></div><div class="css-qoklea"><div class="css-12dchmx"></div><div data-testid="price-product-tile" class="css-8atqhb"><p class="chakra-text css-0"><span class="chakra-text css-pwnbcb" data-testid="regular-price"><span class="css-idkz9h">$2.65</span>$2.65</span></p></div><a href="/tubes-yogurt-cotton-candy-flavour-1-m-f/p/21547624_EA?source=nspt" class="chakra-linkbox__overlay css-1hnz6hu"><div class="css-0"><p class="chakra-text css-1ecdp9w" data-testid="product-brand">Yoplait</p><h3 class="chakra-heading css-6qrhwc" id="21547624_EA" data-testid="product-title">Tubes Yogurt Cotton Candy Flavour 1% M.F.</h3><p class="chakra-text css-1yftjin" data-testid="product-package-size">448 g, $0.59/100g</p></div></a><div class="css-8keand"></div></div><div class="css-1q5omjq"><div class="css-fcebb8"><div data-testid="atc-compact" class="css-y94ivq" style="width: 45px;"><button type="button" class="chakra-button css-mudsm6" data-testid="atc-button"><svg stroke="currentColor" fill="currentColor" stroke-width="0" viewBox="0 0 24 24" focusable="false" class="chakra-icon css-1g3sp7a" data-testid="btn-icon" aria-hidden="true" height="1em" width="1em" xmlns="http://www.w3.org/2000/svg"><path d="M19 13h-6v6h-2v-6H5v-2h6V5h2v6h6v2z"></path></svg><span class="css-idkz9h">Add Tubes Yogurt Cotton Candy Flavour 1% M.F. to cart</span></button></div></div></div></div></div></div><div class="css-0"><div class="css-f5i5wc"><div class="chakra-linkbox css-vhnn8v"><div data-testid="product-image" class="css-16dr4ly"><img alt="President's Choice Creamy Naturally Flavoured Stirred Yogurt Cups - Vanilla, Strawberry, Cherry, Lemon-Lime 16x100.0 g, $0.36/100g" src="https://assets.shop.loblaws.ca/products/20699925001/b3/en/front/20699925001_front_a06_@2.png" srcset="https://assets.shop.loblaws.ca/products/20699925001/b3/en/front/20699925001_front_a06_@2.png 1x, https://assets.shop.loblaws.ca/products/20699925001/b3/en/front/20699925001_front_a06_@2.png 2x" loading="lazy" class="chakra-image css-oguq8l" aria-hidden="true"></div><div class="css-qoklea"><div class="css-12dchmx"></div><div data-testid="price-product-tile" class="css-8atqhb"><p class="chakra-text css-0"><span class="chakra-text css-pwnbcb" data-testid="regular-price"><span class="css-idkz9h">$5.79</span>$5.79</span></p></div><a href="/creamy-naturally-flavoured-stirred-yogurt-cups-van/p/20699925001_EA?source=nspt" class="chakra-linkbox__overlay css-1hnz6hu"><div class="css-0"><p class="chakra-text css-1ecdp9w" data-testid="product-brand">President's Choice</p><h3 class="chakra-heading css-6qrhwc" id="20699925001_EA" data-testid="product-title">Creamy Naturally Flavoured Stirred Yogurt Cups - Vanilla, Strawberry, Cherry, Lemon-Lime</h3><p class="chakra-text css-1yftjin" data-testid="product-package-size">16x100.0 g, $0.36/100g</p></div></a><div class="css-8keand"></div></div><div class="css-1q5omjq"><div class="css-fcebb8"><div data-testid="atc-compact" class="css-y94ivq" style="width: 45px;"><button type="button" class="chakra-button css-mudsm6" data-testid="atc-button"><svg stroke="currentColor" fill="currentColor" stroke-width="0" viewBox="0 0 24 24" focusable="false" class="chakra-icon css-1g3sp7a" data-testid="btn-icon" aria-hidden="true" height="1em" width="1em" xmlns="http://www.w3.org/2000/svg"><path d="M19 13h-6v6h-2v-6H5v-2h6V5h2v6h6v2z"></path></svg><span class="css-idkz9h">Add Creamy Naturally Flavoured Stirred Yogurt Cups - Vanilla, Strawberry, Cherry, Lemon-Lime to cart</span></button></div></div></div></div></div></div><div class="css-0"><div class="css-f5i5wc"><div class="chakra-linkbox css-vhnn8v"><div data-testid="product-image" class="css-16dr4ly"><img alt="President's Choice Vanilla 2% M.F. Greek Yogurt 4x100.0 g, $1.05/100g" src="https://assets.shop.loblaws.ca/products/21348028/b3/en/front/21348028_front_a06_@2.png" srcset="https://assets.shop.loblaws.ca/products/21348028/b3/en/front/21348028_front_a06_@2.png 1x, https://assets.shop.loblaws.ca/products/21348028/b3/en/front/21348028_front_a06_@2.png 2x" loading="lazy" class="chakra-image css-oguq8l" aria-hidden="true"></div><div class="css-qoklea"><div class="css-12dchmx"></div><div data-testid="price-product-tile" class="css-8atqhb"><p class="chakra-text css-0"><span class="chakra-text css-pwnbcb" data-testid="regular-price"><span class="css-idkz9h">$4.19</span>$4.19</span></p></div><a href="/vanilla-2-m-f-greek-yogurt/p/21348028_EA?source=nspt" class="chakra-linkbox__overlay css-1hnz6hu"><div class="css-0"><p class="chakra-text css-1ecdp9w" data-testid="product-brand">President's Choice</p><h3 class="chakra-heading css-6qrhwc" id="21348028_EA" data-testid="product-title">Vanilla 2% M.F. Greek Yogurt</h3><p class="chakra-text css-1yftjin" data-testid="product-package-size">4x100.0 g, $1.05/100g</p></div></a><div class="css-8keand"></div></div><div class="css-1q5omjq"><div class="css-fcebb8"><div data-testid="atc-compact" class="css-y94ivq" style="width: 45px;"><button type="button" class="chakra-button css-mudsm6" data-testid="atc-button"><svg stroke="currentColor" fill="currentColor" stroke-width="0" viewBox="0 0 24 24" focusable="false" class="chakra-icon css-1g3sp7a" data-testid="btn-icon" aria-hidden="true" height="1em" width="1em" xmlns="http://www.w3.org/2000/svg"><path d="M19 13h-6v6h-2v-6H5v-2h6V5h2v6h6v2z"></path></svg><span class="css-idkz9h">Add Vanilla 2% M.F. Greek Yogurt to cart</span></button></div></div></div></div></div></div><div class="css-0"><div class="css-f5i5wc"><div class="chakra-linkbox css-vhnn8v"><div data-testid="product-image" class="css-16dr4ly"><img alt="Oikos Greek Yogurt, Vanilla Flavour, 2% M.F.,  Blended 4x100.0 g, $0.97/100g" src="https://assets.shop.loblaws.ca/products/20625055/b3/en/front/20625055_front_a06_@2.png" srcset="https://assets.shop.loblaws.ca/products/20625055/b3/en/front/20625055_front_a06_@2.png 1x, https://assets.shop.loblaws.ca/products/20625055/b3/en/front/20625055_front_a06_@2.png 2x" loading="lazy" class="chakra-image css-oguq8l" aria-hidden="true"></div><div class="css-qoklea"><div class="css-12dchmx"></div><div data-testid="price-product-tile" class="css-8atqhb"><p class="chakra-text css-0"><span class="chakra-text css-pwnbcb" data-testid="regular-price"><span class="css-idkz9h">$3.89</span>$3.89</span></p></div><a href="/greek-yogurt-vanilla-flavour-2-m-f-blended/p/20625055_EA?source=nspt" class="chakra-linkbox__overlay css-1hnz6hu"><div class="css-0"><p class="chakra-text css-1ecdp9w" data-testid="product-brand">Oikos</p><h3 class="chakra-heading css-6qrhwc" id="20625055_EA" data-testid="product-title">Greek Yogurt, Vanilla Flavour, 2% M.F.,  Blended</h3><p class="chakra-text css-1yftjin" data-testid="product-package-size">4x100.0 g, $0.97/100g</p></div></a><div class="css-8keand"></div></div><div class="css-1q5omjq"><div class="css-fcebb8"><div data-testid="atc-compact" class="css-y94ivq" style="width: 45px;"><button type="button" class="chakra-button css-mudsm6" data-testid="atc-button"><svg stroke="currentColor" fill="currentColor" stroke-width="0" viewBox="0 0 24 24" focusable="false" class="chakra-icon css-1g3sp7a" data-testid="btn-icon" aria-hidden="true" height="1em" width="1em" xmlns="http://www.w3.org/2000/svg"><path d="M19 13h-6v6h-2v-6H5v-2h6V5h2v6h6v2z"></path></svg><span class="css-idkz9h">Add Greek Yogurt, Vanilla Flavour, 2% M.F.,  Blended to cart</span></button></div></div></div></div></div></div><div class="css-0"><div class="css-f5i5wc"><div class="chakra-linkbox css-vhnn8v"><div data-testid="product-image" class="css-16dr4ly"><img alt="Liberte Greek 3% Low Sugar Yogurt, Vanilla, High Protein 750 g, $0.79/100g" src="https://assets.shop.loblaws.ca/products/21193449/b3/en/front/21193449_front_a06_@2.png" srcset="https://assets.shop.loblaws.ca/products/21193449/b3/en/front/21193449_front_a06_@2.png 1x, https://assets.shop.loblaws.ca/products/21193449/b3/en/front/21193449_front_a06_@2.png 2x" loading="lazy" class="chakra-image css-oguq8l" aria-hidden="true"></div><div class="css-qoklea"><div class="css-12dchmx"></div><div data-testid="price-product-tile" class="css-8atqhb"><p class="chakra-text css-0"><span class="chakra-text css-o93gbd" data-testid="sale-price"><span class="css-idkz9h">$5.89</span>$5.89</span><span class="chakra-text css-623q5h" data-testid="was-price"><span class="css-idkz9h">$6.99</span>$6.99</span></p><p class="chakra-text css-1m5a6y8" data-testid="price-descriptor">SAVE $1.10</p></div><a href="/greek-3-low-sugar-yogurt-vanilla-high-protein/p/21193449_EA?source=nspt" class="chakra-linkbox__overlay css-1hnz6hu"><div class="css-0"><p class="chakra-text css-1ecdp9w" data-testid="product-brand">Liberte</p><h3 class="chakra-heading css-6qrhwc" id="21193449_EA" data-testid="product-title">Greek 3% Low Sugar Yogurt, Vanilla, High Protein</h3><p class="chakra-text css-1yftjin" data-testid="product-package-size">750 g, $0.79/100g</p></div></a><div class="css-8keand"></div></div><div class="css-1q5omjq"><div class="css-fcebb8"><div data-testid="atc-compact" class="css-y94ivq" style="width: 45px;"><button type="button" class="chakra-button css-mudsm6" data-testid="atc-button"><svg stroke="currentColor" fill="currentColor" stroke-width="0" viewBox="0 0 24 24" focusable="false" class="chakra-icon css-1g3sp7a" data-testid="btn-icon" aria-hidden="true" height="1em" width="1em" xmlns="http://www.w3.org/2000/svg"><path d="M19 13h-6v6h-2v-6H5v-2h6V5h2v6h6v2z"></path></svg><span class="css-idkz9h">Add Greek 3% Low Sugar Yogurt, Vanilla, High Protein to cart</span></button></div></div></div></div></div></div><div class="css-0"><div class="css-f5i5wc"><div class="chakra-linkbox css-vhnn8v"><div data-testid="product-image" class="css-16dr4ly"><img alt="Oikos Greek Yogurt, Blackberry Flavour, Fruit On The Bottom 4x100.0 g, $0.97/100g" src="https://assets.shop.loblaws.ca/products/21042954003/b3/en/front/21042954003_front_a06_@2.png" srcset="https://assets.shop.loblaws.ca/products/21042954003/b3/en/front/21042954003_front_a06_@2.png 1x, https://assets.shop.loblaws.ca/products/21042954003/b3/en/front/21042954003_front_a06_@2.png 2x" loading="lazy" class="chakra-image css-oguq8l" aria-hidden="true"></div><div class="css-qoklea"><div class="css-12dchmx"></div><div data-testid="price-product-tile" class="css-8atqhb"><p class="chakra-text css-0"><span class="chakra-text css-pwnbcb" data-testid="regular-price"><span class="css-idkz9h">$3.89</span>$3.89</span></p></div><a href="/greek-yogurt-blackberry-flavour-fruit-on-the-botto/p/21042954003_EA?source=nspt" class="chakra-linkbox__overlay css-1hnz6hu"><div class="css-0"><p class="chakra-text css-1ecdp9w" data-testid="product-brand">Oikos</p><h3 class="chakra-heading css-6qrhwc" id="21042954003_EA" data-testid="product-title">Greek Yogurt, Blackberry Flavour, Fruit On The Bottom</h3><p class="chakra-text css-1yftjin" data-testid="product-package-size">4x100.0 g, $0.97/100g</p></div></a><div class="css-8keand"></div></div><div class="css-1q5omjq"><div class="css-fcebb8"><div data-testid="atc-compact" class="css-y94ivq" style="width: 45px;"><button type="button" class="chakra-button css-mudsm6" data-testid="atc-button"><svg stroke="currentColor" fill="currentColor" stroke-width="0" viewBox="0 0 24 24" focusable="false" class="chakra-icon css-1g3sp7a" data-testid="btn-icon" aria-hidden="true" height="1em" width="1em" xmlns="http://www.w3.org/2000/svg"><path d="M19 13h-6v6h-2v-6H5v-2h6V5h2v6h6v2z"></path></svg><span class="css-idkz9h">Add Greek Yogurt, Blackberry Flavour, Fruit On The Bottom to cart</span></button></div></div></div></div></div></div></div><div data-testid="product-grid" class="css-epcqr3"><div class="css-0"><div class="css-f5i5wc"><div class="chakra-linkbox css-vhnn8v"><div data-testid="product-image" class="css-16dr4ly"><img alt="Oikos Greek Yogurt, Blackberry Flavour, Fruit On The Bottom 4x100.0 g, $0.97/100g" src="https://assets.shop.loblaws.ca/products/21042954003/b3/en/front/21042954003_front_a06_@2.png" srcset="https://assets.shop.loblaws.ca/products/21042954003/b3/en/front/21042954003_front_a06_@2.png 1x, https://assets.shop.loblaws.ca/products/21042954003/b3/en/front/21042954003_front_a06_@2.png 2x" loading="lazy" class="chakra-image css-oguq8l" aria-hidden="true"></div><div class="css-qoklea"><div class="css-12dchmx"></div><div data-testid="price-product-tile" class="css-8atqhb"><p class="chakra-text css-0"><span class="chakra-text css-pwnbcb" data-testid="regular-price"><span class="css-idkz9h">$3.89</span>$3.89</span></p></div><a href="/greek-yogurt-blackberry-flavour-fruit-on-the-botto/p/21042954003_EA?source=nspt" class="chakra-linkbox__overlay css-1hnz6hu"><div class="css-0"><p class="chakra-text css-1ecdp9w" data-testid="product-brand">Oikos</p><h3 class="chakra-heading css-6qrhwc" id="21042954003_EA" data-testid="product-title">Greek Yogurt, Blackberry Flavour, Fruit On The Bottom</h3><p class="chakra-text css-1yftjin" data-testid="product-package-size">4x100.0 g, $0.97/100g</p></div></a><div class="css-8keand"></div></div><div class="css-1q5omjq"><div class="css-fcebb8"><div data-testid="atc-compact" class="css-y94ivq" style="width: 45px;"><button type="button" class="chakra-button css-mudsm6" data-testid="atc-button"><svg stroke="currentColor" fill="currentColor" stroke-width="0" viewBox="0 0 24 24" focusable="false" class="chakra-icon css-1g3sp7a" data-testid="btn-icon" aria-hidden="true" height="1em" width="1em" xmlns="http://www.w3.org/2000/svg"><path d="M19 13h-6v6h-2v-6H5v-2h6V5h2v6h6v2z"></path></svg><span class="css-idkz9h">Add Greek Yogurt, Blackberry Flavour, Fruit On The Bottom to cart</span></button></div></div></div></div></div></div><div class="css-0"><div class="css-f5i5wc"><div class="chakra-linkbox css-vhnn8v"><div data-testid="product-image" class="css-16dr4ly"><img alt="Liberte Méditerranée 9% Yogurt, Blackberry 500 g, $0.86/100g" src="https://assets.shop.loblaws.ca/products/20795421/b3/en/front/20795421_front_a06_@2.png" srcset="https://assets.shop.loblaws.ca/products/20795421/b3/en/front/20795421_front_a06_@2.png 1x, https://assets.shop.loblaws.ca/products/20795421/b3/en/front/20795421_front_a06_@2.png 2x" loading="lazy" class="chakra-image css-oguq8l" aria-hidden="true"></div><div class="css-qoklea"><div class="css-12dchmx"></div><div data-testid="price-product-tile" class="css-8atqhb"><p class="chakra-text css-0"><span class="chakra-text css-pwnbcb" data-testid="regular-price"><span class="css-idkz9h">$4.29</span>$4.29</span></p></div><a href="/m-diterran-e-9-yogurt-blackberry/p/20795421_EA?source=nspt" class="chakra-linkbox__overlay css-1hnz6hu"><div class="css-0"><p class="chakra-text css-1ecdp9w" data-testid="product-brand">Liberte</p><h3 class="chakra-heading css-6qrhwc" id="20795421_EA" data-testid="product-title">Méditerranée 9% Yogurt, Blackberry</h3><p class="chakra-text css-1yftjin" data-testid="product-package-size">500 g, $0.86/100g</p></div></a><div class="css-8keand"></div></div><div class="css-1q5omjq"><div class="css-fcebb8"><div data-testid="atc-compact" class="css-y94ivq" style="width: 45px;"><button type="button" class="chakra-button css-mudsm6" data-testid="atc-button"><svg stroke="currentColor" fill="currentColor" stroke-width="0" viewBox="0 0 24 24" focusable="false" class="chakra-icon css-1g3sp7a" data-testid="btn-icon" aria-hidden="true" height="1em" width="1em" xmlns="http://www.w3.org/2000/svg"><path d="M19 13h-6v6h-2v-6H5v-2h6V5h2v6h6v2z"></path></svg><span class="css-idkz9h">Add Méditerranée 9% Yogurt, Blackberry to cart</span></button></div></div></div></div></div></div><div class="css-0"><div class="css-f5i5wc"><div class="chakra-linkbox css-vhnn8v"><div data-testid="product-image" class="css-16dr4ly"><img alt="Liberte Méditerranée 9% Yogurt, Orchard Peach 4x100.0 g, $1.05/100g" src="https://assets.shop.loblaws.ca/products/21389653/b3/en/front/21389653_front_a06_@2.png" srcset="https://assets.shop.loblaws.ca/products/21389653/b3/en/front/21389653_front_a06_@2.png 1x, https://assets.shop.loblaws.ca/products/21389653/b3/en/front/21389653_front_a06_@2.png 2x" loading="lazy" class="chakra-image css-oguq8l" aria-hidden="true"></div><div class="css-qoklea"><div class="css-12dchmx"></div><div data-testid="price-product-tile" class="css-8atqhb"><p class="chakra-text css-0"><span class="chakra-text css-pwnbcb" data-testid="regular-price"><span class="css-idkz9h">$4.19</span>$4.19</span></p></div><a href="/m-diterran-e-9-yogurt-orchard-peach/p/21389653_EA?source=nspt" class="chakra-linkbox__overlay css-1hnz6hu"><div class="css-0"><p class="chakra-text css-1ecdp9w" data-testid="product-brand">Liberte</p><h3 class="chakra-heading css-6qrhwc" id="21389653_EA" data-testid="product-title">Méditerranée 9% Yogurt, Orchard Peach</h3><p class="chakra-text css-1yftjin" data-testid="product-package-size">4x100.0 g, $1.05/100g</p></div></a><div class="css-8keand"></div></div><div class="css-1q5omjq"><div class="css-fcebb8"><div data-testid="atc-compact" class="css-y94ivq" style="width: 45px;"><button type="button" class="chakra-button css-mudsm6" data-testid="atc-button"><svg stroke="currentColor" fill="currentColor" stroke-width="0" viewBox="0 0 24 24" focusable="false" class="chakra-icon css-1g3sp7a" data-testid="btn-icon" aria-hidden="true" height="1em" width="1em" xmlns="http://www.w3.org/2000/svg"><path d="M19 13h-6v6h-2v-6H5v-2h6V5h2v6h6v2z"></path></svg><span class="css-idkz9h">Add Méditerranée 9% Yogurt, Orchard Peach to cart</span></button></div></div></div></div></div></div><div class="css-0"><div class="css-f5i5wc"><div class="chakra-linkbox css-vhnn8v"><div data-testid="product-image" class="css-16dr4ly"><img alt="Oikos Fat Free Greek Yogurt, Plain, No Added Sugar Value Tub 750 g, $0.80/100g" src="https://assets.shop.loblaws.ca/products/21006634/b3/en/front/21006634_front_a06_@2.png" srcset="https://assets.shop.loblaws.ca/products/21006634/b3/en/front/21006634_front_a06_@2.png 1x, https://assets.shop.loblaws.ca/products/21006634/b3/en/front/21006634_front_a06_@2.png 2x" loading="lazy" class="chakra-image css-oguq8l" aria-hidden="true"></div><div class="css-qoklea"><div class="css-12dchmx"></div><div data-testid="price-product-tile" class="css-8atqhb"><p class="chakra-text css-0"><span class="chakra-text css-pwnbcb" data-testid="regular-price"><span class="css-idkz9h">$5.99</span>$5.99</span></p></div><a href="/fat-free-greek-yogurt-plain-no-added-sugar-value-t/p/21006634_EA?source=nspt" class="chakra-linkbox__overlay css-1hnz6hu"><div class="css-0"><p class="chakra-text css-1ecdp9w" data-testid="product-brand">Oikos</p><h3 class="chakra-heading css-6qrhwc" id="21006634_EA" data-testid="product-title">Fat Free Greek Yogurt, Plain, No Added Sugar Value Tub</h3><p class="chakra-text css-1yftjin" data-testid="product-package-size">750 g, $0.80/100g</p></div></a><div class="css-8keand"></div></div><div class="css-1q5omjq"><div class="css-fcebb8"><div data-testid="atc-compact" class="css-y94ivq" style="width: 45px;"><button type="button" class="chakra-button css-mudsm6" data-testid="atc-button"><svg stroke="currentColor" fill="currentColor" stroke-width="0" viewBox="0 0 24 24" focusable="false" class="chakra-icon css-1g3sp7a" data-testid="btn-icon" aria-hidden="true" height="1em" width="1em" xmlns="http://www.w3.org/2000/svg"><path d="M19 13h-6v6h-2v-6H5v-2h6V5h2v6h6v2z"></path></svg><span class="css-idkz9h">Add Fat Free Greek Yogurt, Plain, No Added Sugar Value Tub to cart</span></button></div></div></div></div></div></div></div>