<div data-testid="product-grid" class="css-epcqr3"><div class="css-0"><div class="css-f5i5wc"><div class="chakra-linkbox css-vhnn8v"><div data-testid="product-image" class="css-16dr4ly"><img alt="Natrel Lactose Free 2% Dairy Product 2 l, $0.33/100ml" src="https://assets.shop.loblaws.ca/products/20077874001/b3/en/front/20077874001_front_a06_@2.png" srcset="https://assets.shop.loblaws.ca/products/20077874001/b3/en/front/20077874001_front_a06_@2.png 1x, https://assets.shop.loblaws.ca/products/20077874001/b3/en/front/20077874001_front_a06_@2.png 2x" loading="lazy" class="chakra-image css-oguq8l" aria-hidden="true"></div><div class="css-qoklea"><div class="css-12dchmx"></div><div data-testid="price-product-tile" class="css-8atqhb"><p class="chakra-text css-0"><span class="chakra-text css-pwnbcb" data-testid="regular-price"><span class="css-idkz9h">$6.69</span>$6.69</span></p></div><a href="/lactose-free-2-dairy-product/p/20077874001_EA?source=nspt" class="chakra-linkbox__overlay css-1hnz6hu"><div class="css-0"><p class="chakra-text css-1ecdp9w" data-testid="product-brand">Natrel</p><h3 class="chakra-heading css-6qrhwc" id="20077874001_EA" data-testid="product-title">Lactose Free 2% Dairy Product</h3><p class="chakra-text css-1yftjin" data-testid="product-package-size">2 l, $0.33/100ml</p></div></a><div class="css-8keand"></div></div><div class="css-1q5omjq"><div class="css-fcebb8"><div data-testid="atc-compact" class="css-y94ivq" style="width: 45px;"><button type="button" class="chakra-button css-mudsm6" data-testid="atc-button"><svg stroke="currentColor" fill="currentColor" stroke-width="0" viewBox="0 0 24 24" focusable="false" class="chakra-icon css-1g3sp7a" data-testid="btn-icon" aria-hidden="true" height="1em" width="1em" xmlns="http://www.w3.org/2000/svg"><path d="M19 13h-6v6h-2v-6H5v-2h6V5h2v6h6v2z"></path></svg><span class="css-idkz9h">Add Lactose Free 2% Dairy Product to cart</span></button></div></div></div></div></div></div><div class="css-0"><div class="css-f5i5wc"><div class="chakra-linkbox css-vhnn8v"><div data-testid="product-image" class="css-16dr4ly"><img alt="Fairlife Chocolate Lactose Free 2% Partly Skimmed Ultrafiltered Milk 1.5 l, $0.43/100ml" src="https://assets.shop.loblaws.ca/products/21128371/b3/en/front/21128371_front_a06_@2.png" srcset="https://assets.shop.loblaws.ca/products/21128371/b3/en/front/21128371_front_a06_@2.png 1x, https://assets.shop.loblaws.ca/products/21128371/b3/en/front/21128371_front_a06_@2.png 2x" loading="lazy" class="chakra-image css-oguq8l" aria-hidden="true"></div><div class="css-qoklea"><div class="css-12dchmx"></div><div data-testid="price-product-tile" class="css-8atqhb"><p class="chakra-text css-0"><span class="chakra-text css-pwnbcb" data-testid="regular-price"><span class="css-idkz9h">$6.49</span>$6.49</span></p></div><a href="/chocolate-lactose-free-2-partly-skimmed-ultrafilte/p/21128371_EA?source=nspt" class="chakra-linkbox__overlay css-1hnz6hu"><div class="css-0"><p class="chakra-text css-1ecdp9w" data-testid="product-brand">Fairlife</p><h3 class="chakra-heading css-6qrhwc" id="21128371_EA" data-testid="product-title">Chocolate Lactose Free 2% Partly Skimmed Ultrafiltered Milk</h3><p class="chakra-text css-1yftjin" data-testid="product-package-size">1.5 l, $0.43/100ml</p></div></a><div class="css-8keand"></div></div><div class="css-1q5omjq"><div class="css-fcebb8"><div data-testid="atc-compact" class="css-y94ivq" style="width: 45px;"><button type="button" class="chakra-button css-mudsm6" data-testid="atc-button"><svg stroke="currentColor" fill="currentColor" stroke-width="0" viewBox="0 0 24 24" focusable="false" class="chakra-icon css-1g3sp7a" data-testid="btn-icon" aria-hidden="true" height="1em" width="1em" xmlns="http://www.w3.org/2000/svg"><path d="M19 13h-6v6h-2v-6H5v-2h6V5h2v6h6v2z"></path></svg><span class="css-idkz9h">Add Chocolate Lactose Free 2% Partly Skimmed Ultrafiltered Milk to cart</span></button></div></div></div></div></div></div><div class="css-0"><div class="css-f5i5wc"><div class="chakra-linkbox css-vhnn8v"><div data-testid="product-image" class="css-16dr4ly"><img alt="Fairlife Lactose Free 2% Partly Skimmed Ultrafiltered Milk 1.5 l, $0.43/100ml" src="https://assets.shop.loblaws.ca/products/21128369/b3/en/front/21128369_front_a06_@2.png" srcset="https://assets.shop.loblaws.ca/products/21128369/b3/en/front/21128369_front_a06_@2.png 1x, https://assets.shop.loblaws.ca/products/21128369/b3/en/front/21128369_front_a06_@2.png 2x" loading="lazy" class="chakra-image css-oguq8l" aria-hidden="true"></div><div class="css-qoklea"><div class="css-12dchmx"></div><div data-testid="price-product-tile" class="css-8atqhb"><p class="chakra-text css-0"><span class="chakra-text css-pwnbcb" data-testid="regular-price"><span class="css-idkz9h">$6.49</span>$6.49</span></p></div><a href="/lactose-free-2-partly-skimmed-ultrafiltered-milk/p/21128369_EA?source=nspt" class="chakra-linkbox__overlay css-1hnz6hu"><div class="css-0"><p class="chakra-text css-1ecdp9w" data-testid="product-brand">Fairlife</p><h3 class="chakra-heading css-6qrhwc" id="21128369_EA" data-testid="product-title">Lactose Free 2% Partly Skimmed Ultrafiltered Milk</h3><p class="chakra-text css-1yftjin" data-testid="product-package-size">1.5 l, $0.43/100ml</p></div></a><div class="css-8keand"></div></div><div class="css-1q5omjq"><div class="css-fcebb8"><div data-testid="atc-compact" class="css-y94ivq" style="width: 45px;"><button type="button" class="chakra-button css-mudsm6" data-testid="atc-button"><svg stroke="currentColor" fill="currentColor" stroke-width="0" viewBox="0 0 24 24" focusable="false" class="chakra-icon css-1g3sp7a" data-testid="btn-icon" aria-hidden="true" height="1em" width="1em" xmlns="http://www.w3.org/2000/svg"><path d="M19 13h-6v6h-2v-6H5v-2h6V5h2v6h6v2z"></path></svg><span class="css-idkz9h">Add Lactose Free 2% Partly Skimmed Ultrafiltered Milk to cart</span></button></div></div></div></div></div></div><div class="css-0"><div class="css-f5i5wc"><div class="chakra-linkbox css-vhnn8v"><div data-testid="product-image" class="css-16dr4ly"><img alt="Natrel Lactose Free 1% Dairy Product 2 l, $0.33/100ml" src="https://assets.shop.loblaws.ca/products/20077874003/b3/en/front/20077874003_front_a06_@2.png" srcset="https://assets.shop.loblaws.ca/products/20077874003/b3/en/front/20077874003_front_a06_@2.png 1x, https://assets.shop.loblaws.ca/products/20077874003/b3/en/front/20077874003_front_a06_@2.png 2x" loading="lazy" class="chakra-image css-oguq8l" aria-hidden="true"></div><div class="css-qoklea"><div class="css-12dchmx"></div><div data-testid="price-product-tile" class="css-8atqhb"><p class="chakra-text css-0"><span class="chakra-text css-pwnbcb" data-testid="regular-price"><span class="css-idkz9h">$6.69</span>$6.69</span></p></div><a href="/lactose-free-1-dairy-product/p/20077874003_EA?source=nspt" class="chakra-linkbox__overlay css-1hnz6hu"><div class="css-0"><p class="chakra-text css-1ecdp9w" data-testid="product-brand">Natrel</p><h3 class="chakra-heading css-6qrhwc" id="20077874003_EA" data-testid="product-title">Lactose Free 1% Dairy Product</h3><p class="chakra-text css-1yftjin" data-testid="product-package-size">2 l, $0.33/100ml</p></div></a><div class="css-8keand"></div></div><div class="css-1q5omjq"><div class="css-fcebb8"><div data-testid="atc-compact" class="css-y94ivq" style="width: 45px;"><button type="button" class="chakra-button css-mudsm6" data-testid="atc-button"><svg stroke="currentColor" fill="currentColor" stroke-width="0" viewBox="0 0 24 24" focusable="false" class="chakra-icon css-1g3sp7a" data-testid="btn-icon" aria-hidden="true" height="1em" width="1em" xmlns="http://www.w3.org/2000/svg"><path d="M19 13h-6v6h-2v-6H5v-2h6V5h2v6h6v2z"></path></svg><span class="css-idkz9h">Add Lactose Free 1% Dairy Product to cart</span></button></div></div></div></div></div></div><div class="css-0"><div class="css-f5i5wc"><div class="chakra-linkbox css-vhnn8v"><div data-testid="product-image" class="css-16dr4ly"><img alt="Natrel Lactose Free Homogenized Milk 2 l, $0.33/100ml" src="https://assets.shop.loblaws.ca/products/20838388/b3/en/front/20838388_front_a06_@2.png" srcset="https://assets.shop.loblaws.ca/products/20838388/b3/en/front/20838388_front_a06_@2.png 1x, https://assets.shop.loblaws.ca/products/20838388/b3/en/front/20838388_front_a06_@2.png 2x" loading="lazy" class="chakra-image css-oguq8l" aria-hidden="true"></div><div class="css-qoklea"><div class="css-12dchmx"></div><div data-testid="price-product-tile" class="css-8atqhb"><p class="chakra-text css-0"><span class="chakra-text css-pwnbcb" data-testid="regular-price"><span class="css-idkz9h">$6.69</span>$6.69</span></p></div><a href="/lactose-free-homogenized-milk/p/20838388_EA?source=nspt" class="chakra-linkbox__overlay css-1hnz6hu"><div class="css-0"><p class="chakra-text css-1ecdp9w" data-testid="product-brand">Natrel</p><h3 class="chakra-heading css-6qrhwc" id="20838388_EA" data-testid="product-title">Lactose Free Homogenized Milk</h3><p class="chakra-text css-1yftjin" data-testid="product-package-size">2 l, $0.33/100ml</p></div></a><div class="css-8keand"></div></div><div class="css-1q5omjq"><div class="css-fcebb8"><div data-testid="atc-compact" class="css-y94ivq" style="width: 45px;"><button type="button" class="chakra-button css-mudsm6" data-testid="atc-button"><svg stroke="currentColor" fill="currentColor" stroke-width="0" viewBox="0 0 24 24" focusable="false" class="chakra-icon css-1g3sp7a" data-testid="btn-icon" aria-hidden="true" height="1em" width="1em" xmlns="http://www.w3.org/2000/svg"><path d="M19 13h-6v6h-2v-6H5v-2h6V5h2v6h6v2z"></path></svg><span class="css-idkz9h">Add Lactose Free Homogenized Milk to cart</span></button></div></div></div></div></div></div><div class="css-0"><div class="css-f5i5wc"><div class="chakra-linkbox css-vhnn8v"><div data-testid="product-image" class="css-16dr4ly"><img alt="Fairlife Lactose Free Skim Ultrafiltered Milk 1.5 l, $0.43/100ml" src="https://assets.shop.loblaws.ca/products/21128364/b3/en/front/21128364_front_a06_@2.png" srcset="https://assets.shop.loblaws.ca/products/21128364/b3/en/front/21128364_front_a06_@2.png 1x, https://assets.shop.loblaws.ca/products/21128364/b3/en/front/21128364_front_a06_@2.png 2x" loading="lazy" class="chakra-image css-oguq8l" aria-hidden="true"></div><div class="css-qoklea"><div class="css-12dchmx"></div><div data-testid="price-product-tile" class="css-8atqhb"><p class="chakra-text css-0"><span class="chakra-text css-pwnbcb" data-testid="regular-price"><span class="css-idkz9h">$6.49</span>$6.49</span></p></div><a href="/lactose-free-skim-ultrafiltered-milk/p/21128364_EA?source=nspt" class="chakra-linkbox__overlay css-1hnz6hu"><div class="css-0"><p class="chakra-text css-1ecdp9w" data-testid="product-brand">Fairlife</p><h3 class="chakra-heading css-6qrhwc" id="21128364_EA" data-testid="product-title">Lactose Free Skim Ultrafiltered Milk</h3><p class="chakra-text css-1yftjin" data-testid="product-package-size">1.5 l, $0.43/100ml</p></div></a><div class="css-8keand"></div></div><div class="css-1q5omjq"><div class="css-fcebb8"><div data-testid="atc-compact" class="css-y94ivq" style="width: 45px;"><button type="button" class="chakra-button css-mudsm6" data-testid="atc-button"><svg stroke="currentColor" fill="currentColor" stroke-width="0" viewBox="0 0 24 24" focusable="false" class="chakra-icon css-1g3sp7a" data-testid="btn-icon" aria-hidden="true" height="1em" width="1em" xmlns="http://www.w3.org/2000/svg"><path d="M19 13h-6v6h-2v-6H5v-2h6V5h2v6h6v2z"></path></svg><span class="css-idkz9h">Add Lactose Free Skim Ultrafiltered Milk to cart</span></button></div></div></div></div></div></div><div class="css-0"><div class="css-f5i5wc"><div class="chakra-linkbox css-vhnn8v"><div data-testid="product-image" class="css-16dr4ly"><img alt="Fairlife Milk 1% Bottle 1.5 l, $0.43/100ml" src="https://assets.shop.loblaws.ca/products/21358817/b3/en/front/21358817_front_a06_@2.png" srcset="https://assets.shop.loblaws.ca/products/21358817/b3/en/front/21358817_front_a06_@2.png 1x, https://assets.shop.loblaws.ca/products/21358817/b3/en/front/21358817_front_a06_@2.png 2x" loading="lazy" class="chakra-image css-oguq8l" aria-hidden="true"></div><div class="css-qoklea"><div class="css-12dchmx"></div><div data-testid="price-product-tile" class="css-8atqhb"><p class="chakra-text css-0"><span class="chakra-text css-pwnbcb" data-testid="regular-price"><span class="css-idkz9h">$6.49</span>$6.49</span></p></div><a href="/milk-1-bottle/p/21358817_EA?source=nspt" class="chakra-linkbox__overlay css-1hnz6hu"><div class="css-0"><p class="chakra-text css-1ecdp9w" data-testid="product-brand">Fairlife</p><h3 class="chakra-heading css-6qrhwc" id="21358817_EA" data-testid="product-title">Milk 1% Bottle</h3><p class="chakra-text css-1yftjin" data-testid="product-package-size">1.5 l, $0.43/100ml</p></div></a><div class="css-8keand"></div></div><div class="css-1q5omjq"><div class="css-fcebb8"><div data-testid="atc-compact" class="css-y94ivq" style="width: 45px;"><button type="button" class="chakra-button css-mudsm6" data-testid="atc-button"><svg stroke="currentColor" fill="currentColor" stroke-width="0" viewBox="0 0 24 24" focusable="false" class="chakra-icon css-1g3sp7a" data-testid="btn-icon" aria-hidden="true" height="1em" width="1em" xmlns="http://www.w3.org/2000/svg"><path d="M19 13h-6v6h-2v-6H5v-2h6V5h2v6h6v2z"></path></svg><span class="css-idkz9h">Add Milk 1% Bottle to cart</span></button></div></div></div></div></div></div><div class="css-0"><div class="css-f5i5wc"><div class="chakra-linkbox css-vhnn8v"><div data-testid="product-image" class="css-16dr4ly"><img alt="Fairlife Lactose Free Whole Ultrafiltered Milk 1.5 l, $0.43/100ml" src="https://assets.shop.loblaws.ca/products/21128348/b3/en/front/21128348_front_a06_@2.png" srcset="https://assets.shop.loblaws.ca/products/21128348/b3/en/front/21128348_front_a06_@2.png 1x, https://assets.shop.loblaws.ca/products/21128348/b3/en/front/21128348_front_a06_@2.png 2x" loading="lazy" class="chakra-image css-oguq8l" aria-hidden="true"></div><div class="css-qoklea"><div class="css-12dchmx"></div><div data-testid="price-product-tile" class="css-8atqhb"><p class="chakra-text css-0"><span class="chakra-text css-pwnbcb" data-testid="regular-price"><span class="css-idkz9h">$6.49</span>$6.49</span></p></div><a href="/lactose-free-whole-ultrafiltered-milk/p/21128348_EA?source=nspt" class="chakra-linkbox__overlay css-1hnz6hu"><div class="css-0"><p class="chakra-text css-1ecdp9w" data-testid="product-brand">Fairlife</p><h3 class="chakra-heading css-6qrhwc" id="21128348_EA" data-testid="product-title">Lactose Free Whole Ultrafiltered Milk</h3><p class="chakra-text css-1yftjin" data-testid="product-package-size">1.5 l, $0.43/100ml</p></div></a><div class="css-8keand"></div></div><div class="css-1q5omjq"><div class="css-fcebb8"><div data-testid="atc-compact" class="css-y94ivq" style="width: 45px;"><button type="button" class="chakra-button css-mudsm6" data-testid="atc-button"><svg stroke="currentColor" fill="currentColor" stroke-width="0" viewBox="0 0 24 24" focusable="false" class="chakra-icon css-1g3sp7a" data-testid="btn-icon" aria-hidden="true" height="1em" width="1em" xmlns="http://www.w3.org/2000/svg"><path d="M19 13h-6v6h-2v-6H5v-2h6V5h2v6h6v2z"></path></svg><span class="css-idkz9h">Add Lactose Free Whole Ultrafiltered Milk to cart</span></button></div></div></div></div></div></div><div class="css-0"><div class="css-f5i5wc"><div class="chakra-linkbox css-vhnn8v"><div data-testid="product-image" class="css-16dr4ly"><img alt="IOGO Nano Drinkable Yogurt, Lactose Free, Strawberry-Banana 1% 6x93.0 ml, $0.82/100g" src="https://assets.shop.loblaws.ca/products/21219007/b3/en/front/21219007_front_a06_@2.png" srcset="https://assets.shop.loblaws.ca/products/21219007/b3/en/front/21219007_front_a06_@2.png 1x, https://assets.shop.loblaws.ca/products/21219007/b3/en/front/21219007_front_a06_@2.png 2x" loading="lazy" class="chakra-image css-oguq8l" aria-hidden="true"></div><div class="css-qoklea"><div class="css-12dchmx"></div><div data-testid="price-product-tile" class="css-8atqhb"><p class="chakra-text css-0"><span class="chakra-text css-pwnbcb" data-testid="regular-price"><span class="css-idkz9h">$4.59</span>$4.59</span></p></div><a href="/nano-drinkable-yogurt-lactose-free-strawberry-bana/p/21219007_EA?source=nspt" class="chakra-linkbox__overlay css-1hnz6hu"><div class="css-0"><p class="chakra-text css-1ecdp9w" data-testid="product-brand">IOGO</p><h3 class="chakra-heading css-6qrhwc" id="21219007_EA" data-testid="product-title">Nano Drinkable Yogurt, Lactose Free, Strawberry-Banana 1%</h3><p class="chakra-text css-1yftjin" data-testid="product-package-size">6x93.0 ml, $0.82/100g</p></div></a><div class="css-8keand"></div></div><div class="css-1q5omjq"><div class="css-fcebb8"><div data-testid="atc-compact" class="css-y94ivq" style="width: 45px;"><button type="button" class="chakra-button css-mudsm6" data-testid="atc-button"><svg stroke="currentColor" fill="currentColor" stroke-width="0" viewBox="0 0 24 24" focusable="false" class="chakra-icon css-1g3sp7a" data-testid="btn-icon" aria-hidden="true" height="1em" width="1em" xmlns="http://www.w3.org/2000/svg"><path d="M19 13h-6v6h-2v-6H5v-2h6V5h2v6h6v2z"></path></svg><span class="css-idkz9h">Add Nano Drinkable Yogurt, Lactose Free, Strawberry-Banana 1% to cart</span></button></div></div></div></div></div></div><div class="css-0"><div class="css-f5i5wc"><div class="chakra-linkbox css-vhnn8v"><div data-testid="product-image" class="css-16dr4ly"><img alt="IOGO Nano Drinkable Yogurt, Lactose Free, Apple-Grape 1% 6x93.0 ml, $0.82/100ml" src="https://assets.shop.loblaws.ca/products/21349902/b3/en/front/21349902_front_a06_@2.png" srcset="https://assets.shop.loblaws.ca/products/21349902/b3/en/front/21349902_front_a06_@2.png 1x, https://assets.shop.loblaws.ca/products/21349902/b3/en/front/21349902_front_a06_@2.png 2x" loading="lazy" class="chakra-image css-oguq8l" aria-hidden="true"></div><div class="css-qoklea"><div class="css-12dchmx"></div><div data-testid="price-product-tile" class="css-8atqhb"><p class="chakra-text css-0"><span class="chakra-text css-pwnbcb" data-testid="regular-price"><span class="css-idkz9h">$4.59</span>$4.59</span></p></div><a href="/nano-drinkable-yogurt-lactose-free-apple-grape-1/p/21349902_EA?source=nspt" class="chakra-linkbox__overlay css-1hnz6hu"><div class="css-0"><p class="chakra-text css-1ecdp9w" data-testid="product-brand">IOGO</p><h3 class="chakra-heading css-6qrhwc" id="21349902_EA" data-testid="product-title">Nano Drinkable Yogurt, Lactose Free, Apple-Grape 1%</h3><p class="chakra-text css-1yftjin" data-testid="product-package-size">6x93.0 ml, $0.82/100ml</p></div></a><div class="css-8keand"></div></div><div class="css-1q5omjq"><div class="css-fcebb8"><div data-testid="atc-compact" class="css-y94ivq" style="width: 45px;"><button type="button" class="chakra-button css-mudsm6" data-testid="atc-button"><svg stroke="currentColor" fill="currentColor" stroke-width="0" viewBox="0 0 24 24" focusable="false" class="chakra-icon css-1g3sp7a" data-testid="btn-icon" aria-hidden="true" height="1em" width="1em" xmlns="http://www.w3.org/2000/svg"><path d="M19 13h-6v6h-2v-6H5v-2h6V5h2v6h6v2z"></path></svg><span class="css-idkz9h">Add Nano Drinkable Yogurt, Lactose Free, Apple-Grape 1% to cart</span></button></div></div></div></div></div></div><div class="css-0"><div class="css-f5i5wc"><div class="chakra-linkbox css-vhnn8v"><div data-testid="product-image" class="css-16dr4ly"><img alt="President's Choice Lactose Free Marble Cheddar  400 g, $1.45/100g" src="https://assets.shop.loblaws.ca/products/21289664/b3/en/front/21289664_front_a06_@2.png" srcset="https://assets.shop.loblaws.ca/products/21289664/b3/en/front/21289664_front_a06_@2.png 1x, https://assets.shop.loblaws.ca/products/21289664/b3/en/front/21289664_front_a06_@2.png 2x" loading="lazy" class="chakra-image css-oguq8l" aria-hidden="true"></div><div class="css-qoklea"><div class="css-12dchmx"></div><div data-testid="price-product-tile" class="css-8atqhb"><p class="chakra-text css-0"><span class="chakra-text css-o93gbd" data-testid="sale-price"><span class="css-idkz9h">$5.79</span>$5.79</span><span class="chakra-text css-623q5h" data-testid="was-price"><span class="css-idkz9h">$6.49</span>$6.49</span></p><p class="chakra-text css-1m5a6y8" data-testid="price-descriptor">SAVE $0.70</p></div><a href="/lactose-free-marble-cheddar/p/21289664_EA?source=nspt" class="chakra-linkbox__overlay css-1hnz6hu"><div class="css-0"><p class="chakra-text css-1ecdp9w" data-testid="product-brand">President's Choice</p><h3 class="chakra-heading css-6qrhwc" id="21289664_EA" data-testid="product-title">Lactose Free Marble Cheddar </h3><p class="chakra-text css-1yftjin" data-testid="product-package-size">400 g, $1.45/100g</p></div></a><div class="css-8keand"></div></div><div class="css-1q5omjq"><div class="css-fcebb8"><div data-testid="atc-compact" class="css-y94ivq" style="width: 45px;"><button type="button" class="chakra-button css-mudsm6" data-testid="atc-button"><svg stroke="currentColor" fill="currentColor" stroke-width="0" viewBox="0 0 24 24" focusable="false" class="chakra-icon css-1g3sp7a" data-testid="btn-icon" aria-hidden="true" height="1em" width="1em" xmlns="http://www.w3.org/2000/svg"><path d="M19 13h-6v6h-2v-6H5v-2h6V5h2v6h6v2z"></path></svg><span class="css-idkz9h">Add Lactose Free Marble Cheddar  to cart</span></button></div></div></div></div></div></div><div class="css-0"><div class="css-f5i5wc"><div class="chakra-linkbox css-vhnn8v"><div data-testid="product-image" class="css-16dr4ly"><img alt="Activia Yogurt with Probiotics, Lactose-free, Vanilla Flavour 650 g, $0.71/100g" src="https://assets.shop.loblaws.ca/products/20946086/b3/en/front/20946086_front_a06_@2.png" srcset="https://assets.shop.loblaws.ca/products/20946086/b3/en/front/20946086_front_a06_@2.png 1x, https://assets.shop.loblaws.ca/products/20946086/b3/en/front/20946086_front_a06_@2.png 2x" loading="lazy" class="chakra-image css-oguq8l" aria-hidden="true"></div><div class="css-qoklea"><div class="css-12dchmx"></div><div data-testid="price-product-tile" class="css-8atqhb"><p class="chakra-text css-0"><span class="chakra-text css-pwnbcb" data-testid="regular-price"><span class="css-idkz9h">$4.59</span>$4.59</span></p></div><a href="/yogurt-with-probiotics-lactose-free-vanilla-flavou/p/20946086_EA?source=nspt" class="chakra-linkbox__overlay css-1hnz6hu"><div class="css-0"><p class="chakra-text css-1ecdp9w" data-testid="product-brand">Activia</p><h3 class="chakra-heading css-6qrhwc" id="20946086_EA" data-testid="product-title">Yogurt with Probiotics, Lactose-free, Vanilla Flavour</h3><p class="chakra-text css-1yftjin" data-testid="product-package-size">650 g, $0.71/100g</p></div></a><div class="css-8keand"></div></div><div class="css-1q5omjq"><div class="css-fcebb8"><div data-testid="atc-compact" class="css-y94ivq" style="width: 45px;"><button type="button" class="chakra-button css-mudsm6" data-testid="atc-button"><svg stroke="currentColor" fill="currentColor" stroke-width="0" viewBox="0 0 24 24" focusable="false" class="chakra-icon css-1g3sp7a" data-testid="btn-icon" aria-hidden="true" height="1em" width="1em" xmlns="http://www.w3.org/2000/svg"><path d="M19 13h-6v6h-2v-6H5v-2h6V5h2v6h6v2z"></path></svg><span class="css-idkz9h">Add Yogurt with Probiotics, Lactose-free, Vanilla Flavour to cart</span></button></div></div></div></div></div></div><div class="css-0"><div class="css-f5i5wc"><div class="chakra-linkbox css-vhnn8v"><div data-testid="product-image" class="css-16dr4ly"><img alt="Neilson Trutaste Lactose Free 2% Milk 2 l, $0.25/100ml" src="https://assets.shop.loblaws.ca/products/20188053001/b3/en/front/20188053001_front_a06_@2.png" srcset="https://assets.shop.loblaws.ca/products/20188053001/b3/en/front/20188053001_front_a06_@2.png 1x, https://assets.shop.loblaws.ca/products/20188053001/b3/en/front/20188053001_front_a06_@2.png 2x" loading="lazy" class="chakra-image css-oguq8l" aria-hidden="true"></div><div class="css-qoklea"><div class="css-12dchmx"></div><div data-testid="price-product-tile" class="css-8atqhb"><p class="chakra-text css-0"><span class="chakra-text css-o93gbd" data-testid="sale-price"><span class="css-idkz9h">$4.99</span>$4.99</span><span class="chakra-text css-623q5h" data-testid="was-price"><span class="css-idkz9h">$6.19</span>$6.19</span></p><p class="chakra-text css-1m5a6y8" data-testid="price-descriptor">SAVE $1.20</p></div><a href="/trutaste-lactose-free-2-milk/p/20188053001_EA?source=nspt" class="chakra-linkbox__overlay css-1hnz6hu"><div class="css-0"><p class="chakra-text css-1ecdp9w" data-testid="product-brand">Neilson</p><h3 class="chakra-heading css-6qrhwc" id="20188053001_EA" data-testid="product-title">Trutaste Lactose Free 2% Milk</h3><p class="chakra-text css-1yftjin" data-testid="product-package-size">2 l, $0.25/100ml</p></div></a><div class="css-8keand"></div></div><div class="css-1q5omjq"><div class="css-fcebb8"><div data-testid="atc-compact" class="css-y94ivq" style="width: 45px;"><button type="button" class="chakra-button css-mudsm6" data-testid="atc-button"><svg stroke="currentColor" fill="currentColor" stroke-width="0" viewBox="0 0 24 24" focusable="false" class="chakra-icon css-1g3sp7a" data-testid="btn-icon" aria-hidden="true" height="1em" width="1em" xmlns="http://www.w3.org/2000/svg"><path d="M19 13h-6v6h-2v-6H5v-2h6V5h2v6h6v2z"></path></svg><span class="css-idkz9h">Add Trutaste Lactose Free 2% Milk to cart</span></button></div></div></div></div></div></div><div class="css-0"><div class="css-f5i5wc"><div class="chakra-linkbox css-vhnn8v"><div data-testid="product-image" class="css-16dr4ly"><img alt="President's Choice Lactose Free 14% M.F. Sour Cream 500 ml, $0.84/100ml" src="https://assets.shop.loblaws.ca/products/20987150/b3/en/front/20987150_front_a06_@2.png" srcset="https://assets.shop.loblaws.ca/products/20987150/b3/en/front/20987150_front_a06_@2.png 1x, https://assets.shop.loblaws.ca/products/20987150/b3/en/front/20987150_front_a06_@2.png 2x" loading="lazy" class="chakra-image css-oguq8l" aria-hidden="true"></div><div class="css-qoklea"><div class="css-12dchmx"></div><div data-testid="price-product-tile" class="css-8atqhb"><p class="chakra-text css-0"><span class="chakra-text css-pwnbcb" data-testid="regular-price"><span class="css-idkz9h">$4.19</span>$4.19</span></p></div><a href="/lactose-free-14-m-f-sour-cream/p/20987150_EA?source=nspt" class="chakra-linkbox__overlay css-1hnz6hu"><div class="css-0"><p class="chakra-text css-1ecdp9w" data-testid="product-brand">President's Choice</p><h3 class="chakra-heading css-6qrhwc" id="20987150_EA" data-testid="product-title">Lactose Free 14% M.F. Sour Cream</h3><p class="chakra-text css-1yftjin" data-testid="product-package-size">500 ml, $0.84/100ml</p></div></a><div class="css-8keand"></div></div><div class="css-1q5omjq"><div class="css-fcebb8"><div data-testid="atc-compact" class="css-y94ivq" style="width: 45px;"><button type="button" class="chakra-button css-mudsm6" data-testid="atc-button"><svg stroke="currentColor" fill="currentColor" stroke-width="0" viewBox="0 0 24 24" focusable="false" class="chakra-icon css-1g3sp7a" data-testid="btn-icon" aria-hidden="true" height="1em" width="1em" xmlns="http://www.w3.org/2000/svg"><path d="M19 13h-6v6h-2v-6H5v-2h6V5h2v6h6v2z"></path></svg><span class="css-idkz9h">Add Lactose Free 14% M.F. Sour Cream to cart</span></button></div></div></div></div></div></div><div class="css-0"><div class="css-f5i5wc"><div class="chakra-linkbox css-vhnn8v"><div data-testid="product-image" class="css-16dr4ly"><img alt="President's Choice Lactose Free 2% M.F. Cottage Cheese 500 g, $0.90/100g" src="https://assets.shop.loblaws.ca/products/20984624/b3/en/front/20984624_front_a06_@2.png" srcset="https://assets.shop.loblaws.ca/products/20984624/b3/en/front/20984624_front_a06_@2.png 1x, https://assets.shop.loblaws.ca/products/20984624/b3/en/front/20984624_front_a06_@2.png 2x" loading="lazy" class="chakra-image css-oguq8l" aria-hidden="true"></div><div class="css-qoklea"><div class="css-12dchmx"></div><div data-testid="price-product-tile" class="css-8atqhb"><p class="chakra-text css-0"><span class="chakra-text css-pwnbcb" data-testid="regular-price"><span class="css-idkz9h">$4.49</span>$4.49</span></p></div><a href="/lactose-free-2-m-f-cottage-cheese/p/20984624_EA?source=nspt" class="chakra-linkbox__overlay css-1hnz6hu"><div class="css-0"><p class="chakra-text css-1ecdp9w" data-testid="product-brand">President's Choice</p><h3 class="chakra-heading css-6qrhwc" id="20984624_EA" data-testid="product-title">Lactose Free 2% M.F. Cottage Cheese</h3><p class="chakra-text css-1yftjin" data-testid="product-package-size">500 g, $0.90/100g</p></div></a><div class="css-8keand"></div></div><div class="css-1q5omjq"><div class="css-fcebb8"><div data-testid="atc-compact" class="css-y94ivq" style="width: 45px;"><button type="button" class="chakra-button css-mudsm6" data-testid="atc-button"><svg stroke="currentColor" fill="currentColor" stroke-width="0" viewBox="0 0 24 24" focusable="false" class="chakra-icon css-1g3sp7a" data-testid="btn-icon" aria-hidden="true" height="1em" width="1em" xmlns="http://www.w3.org/2000/svg"><path d="M19 13h-6v6h-2v-6H5v-2h6V5h2v6h6v2z"></path></svg><span class="css-idkz9h">Add Lactose Free 2% M.F. Cottage Cheese to cart</span></button></div></div></div></div></div></div><div class="css-0"><div class="css-f5i5wc"><div class="chakra-linkbox css-vhnn8v"><div data-testid="product-image" class="css-16dr4ly"><img alt="President's Choice Lactose Free Old Yellow Cheddar Cheese 400 g, $1.45/100g" src="https://assets.shop.loblaws.ca/products/21289645/b3/en/front/21289645_front_a06_@2.png" srcset="https://assets.shop.loblaws.ca/products/21289645/b3/en/front/21289645_front_a06_@2.png 1x, https://assets.shop.loblaws.ca/products/21289645/b3/en/front/21289645_front_a06_@2.png 2x" loading="lazy" class="chakra-image css-oguq8l" aria-hidden="true"></div><div class="css-qoklea"><div class="css-12dchmx"></div><div data-testid="price-product-tile" class="css-8atqhb"><p class="chakra-text css-0"><span class="chakra-text css-o93gbd" data-testid="sale-price"><span class="css-idkz9h">$5.79</span>$5.79</span><span class="chakra-text css-623q5h" data-testid="was-price"><span class="css-idkz9h">$6.49</span>$6.49</span></p><p class="chakra-text css-1m5a6y8" data-testid="price-descriptor">SAVE $0.70</p></div><a href="/lactose-free-old-yellow-cheddar-cheese/p/21289645_EA?source=nspt" class="chakra-linkbox__overlay css-1hnz6hu"><div class="css-0"><p class="chakra-text css-1ecdp9w" data-testid="product-brand">President's Choice</p><h3 class="chakra-heading css-6qrhwc" id="21289645_EA" data-testid="product-title">Lactose Free Old Yellow Cheddar Cheese</h3><p class="chakra-text css-1yftjin" data-testid="product-package-size">400 g, $1.45/100g</p></div></a><div class="css-8keand"></div></div><div class="css-1q5omjq"><div class="css-fcebb8"><div data-testid="atc-compact" class="css-y94ivq" style="width: 45px;"><button type="button" class="chakra-button css-mudsm6" data-testid="atc-button"><svg stroke="currentColor" fill="currentColor" stroke-width="0" viewBox="0 0 24 24" focusable="false" class="chakra-icon css-1g3sp7a" data-testid="btn-icon" aria-hidden="true" height="1em" width="1em" xmlns="http://www.w3.org/2000/svg"><path d="M19 13h-6v6h-2v-6H5v-2h6V5h2v6h6v2z"></path></svg><span class="css-idkz9h">Add Lactose Free Old Yellow Cheddar Cheese to cart</span></button></div></div></div></div></div></div><div class="css-0"><div class="css-f5i5wc"><div class="chakra-linkbox css-vhnn8v"><div data-testid="product-image" class="css-16dr4ly"><img alt="Activia Yogurt With Probiotics Lactose Free, Strawberry, Blueberry, Peach, Mango Flavour, 12XG 12x100.0 g, $0.46/100g" src="https://assets.shop.loblaws.ca/products/20944778/b3/en/front/20944778_front_a06_@2.png" srcset="https://assets.shop.loblaws.ca/products/20944778/b3/en/front/20944778_front_a06_@2.png 1x, https://assets.shop.loblaws.ca/products/20944778/b3/en/front/20944778_front_a06_@2.png 2x" loading="lazy" class="chakra-image css-oguq8l" aria-hidden="true"></div><div class="css-qoklea"><div class="css-12dchmx"></div><div data-testid="price-product-tile" class="css-8atqhb"><p class="chakra-text css-0"><span class="chakra-text css-pwnbcb" data-testid="regular-price"><span class="css-idkz9h">$5.50</span>$5.50</span></p></div><a href="/yogurt-with-probiotics-lactose-free-strawberry-blu/p/20944778_EA?source=nspt" class="chakra-linkbox__overlay css-1hnz6hu"><div class="css-0"><p class="chakra-text css-1ecdp9w" data-testid="product-brand">Activia</p><h3 class="chakra-heading css-6qrhwc" id="20944778_EA" data-testid="product-title">Yogurt With Probiotics Lactose Free, Strawberry, Blueberry, Peach, Mango Flavour, 12XG</h3><p class="chakra-text css-1yftjin" data-testid="product-package-size">12x100.0 g, $0.46/100g</p></div></a><div class="css-8keand"></div></div><div class="css-1q5omjq"><div class="css-fcebb8"><div data-testid="atc-compact" class="css-y94ivq" style="width: 45px;"><button type="button" class="chakra-button css-mudsm6" data-testid="atc-button"><svg stroke="currentColor" fill="currentColor" stroke-width="0" viewBox="0 0 24 24" focusable="false" class="chakra-icon css-1g3sp7a" data-testid="btn-icon" aria-hidden="true" height="1em" width="1em" xmlns="http://www.w3.org/2000/svg"><path d="M19 13h-6v6h-2v-6H5v-2h6V5h2v6h6v2z"></path></svg><span class="css-idkz9h">Add Yogurt With Probiotics Lactose Free, Strawberry, Blueberry, Peach, Mango Flavour, 12XG to cart</span></button></div></div></div></div></div></div><div class="css-0"><div class="css-f5i5wc"><div class="chakra-linkbox css-vhnn8v"><div data-testid="product-image" class="css-16dr4ly"><img alt="Natrel Lactose Free Fat Free Skim 0% Dairy Product (2L) 2 l, $0.33/100ml" src="https://assets.shop.loblaws.ca/products/20077874004/b3/en/front/20077874004_front_a06_@2.png" srcset="https://assets.shop.loblaws.ca/products/20077874004/b3/en/front/20077874004_front_a06_@2.png 1x, https://assets.shop.loblaws.ca/products/20077874004/b3/en/front/20077874004_front_a06_@2.png 2x" loading="lazy" class="chakra-image css-oguq8l" aria-hidden="true"></div><div class="css-qoklea"><div class="css-12dchmx"></div><div data-testid="price-product-tile" class="css-8atqhb"><p class="chakra-text css-0"><span class="chakra-text css-pwnbcb" data-testid="regular-price"><span class="css-idkz9h">$6.69</span>$6.69</span></p></div><a href="/lactose-free-fat-free-skim-0-dairy-product-2l/p/20077874004_EA?source=nspt" class="chakra-linkbox__overlay css-1hnz6hu"><div class="css-0"><p class="chakra-text css-1ecdp9w" data-testid="product-brand">Natrel</p><h3 class="chakra-heading css-6qrhwc" id="20077874004_EA" data-testid="product-title">Lactose Free Fat Free Skim 0% Dairy Product (2L)</h3><p class="chakra-text css-1yftjin" data-testid="product-package-size">2 l, $0.33/100ml</p></div></a><div class="css-8keand"></div></div><div class="css-1q5omjq"><div class="css-fcebb8"><div data-testid="atc-compact" class="css-y94ivq" style="width: 45px;"><button disabled="" type="button" class="chakra-button css-mudsm6" data-testid="atc-button"><svg stroke="currentColor" fill="currentColor" stroke-width="0" viewBox="0 0 24 24" focusable="false" class="chakra-icon css-1g3sp7a" data-testid="btn-icon" aria-hidden="true" height="1em" width="1em" xmlns="http://www.w3.org/2000/svg"><path d="M19 13h-6v6h-2v-6H5v-2h6V5h2v6h6v2z"></path></svg><span class="css-idkz9h">Add Lactose Free Fat Free Skim 0% Dairy Product (2L) to cart</span></button></div></div><div class="css-4saf4a"><p class="chakra-text css-py8788" data-testid="inventory-badge-text">Out of Stock</p></div></div></div></div></div><div class="css-0"><div class="css-f5i5wc"><div class="chakra-linkbox css-vhnn8v"><div data-testid="product-image" class="css-16dr4ly"><img alt="Black Diamond Cheestrings Marble Lactose-Free Cheese, 12 units 252 g, $3.17/100g" src="https://assets.shop.loblaws.ca/products/21041750/b3/en/front/21041750_front_a06_@2.png" srcset="https://assets.shop.loblaws.ca/products/21041750/b3/en/front/21041750_front_a06_@2.png 1x, https://assets.shop.loblaws.ca/products/21041750/b3/en/front/21041750_front_a06_@2.png 2x" loading="lazy" class="chakra-image css-oguq8l" aria-hidden="true"></div><div class="css-qoklea"><div class="css-12dchmx"></div><div data-testid="price-product-tile" class="css-8atqhb"><p class="chakra-text css-0"><span class="chakra-text css-pwnbcb" data-testid="regular-price"><span class="css-idkz9h">$7.99</span>$7.99</span></p></div><a href="/cheestrings-marble-lactose-free-cheese-12-units/p/21041750_EA?source=nspt" class="chakra-linkbox__overlay css-1hnz6hu"><div class="css-0"><p class="chakra-text css-1ecdp9w" data-testid="product-brand">Black Diamond</p><h3 class="chakra-heading css-6qrhwc" id="21041750_EA" data-testid="product-title">Cheestrings Marble Lactose-Free Cheese, 12 units</h3><p class="chakra-text css-1yftjin" data-testid="product-package-size">252 g, $3.17/100g</p></div></a><div class="css-8keand"></div></div><div class="css-1q5omjq"><div class="css-fcebb8"><div data-testid="atc-compact" class="css-y94ivq" style="width: 45px;"><button type="button" class="chakra-button css-mudsm6" data-testid="atc-button"><svg stroke="currentColor" fill="currentColor" stroke-width="0" viewBox="0 0 24 24" focusable="false" class="chakra-icon css-1g3sp7a" data-testid="btn-icon" aria-hidden="true" height="1em" width="1em" xmlns="http://www.w3.org/2000/svg"><path d="M19 13h-6v6h-2v-6H5v-2h6V5h2v6h6v2z"></path></svg><span class="css-idkz9h">Add Cheestrings Marble Lactose-Free Cheese, 12 units to cart</span></button></div></div></div></div></div></div><div class="css-0"><div class="css-f5i5wc"><div class="chakra-linkbox css-vhnn8v"><div data-testid="product-image" class="css-16dr4ly"><img alt="Activia Yogurt With Probiotics Lactose Free, Vanilla, Strawberry, Raspberry, Cherry Flavour 12x100.0 g, $0.46/100g" src="https://assets.shop.loblaws.ca/products/20944744/b3/en/front/20944744_front_a06_@2.png" srcset="https://assets.shop.loblaws.ca/products/20944744/b3/en/front/20944744_front_a06_@2.png 1x, https://assets.shop.loblaws.ca/products/20944744/b3/en/front/20944744_front_a06_@2.png 2x" loading="lazy" class="chakra-image css-oguq8l" aria-hidden="true"></div><div class="css-qoklea"><div class="css-12dchmx"></div><div data-testid="price-product-tile" class="css-8atqhb"><p class="chakra-text css-0"><span class="chakra-text css-pwnbcb" data-testid="regular-price"><span class="css-idkz9h">$5.50</span>$5.50</span></p></div><a href="/yogurt-with-probiotics-lactose-free-vanilla-strawb/p/20944744_EA?source=nspt" class="chakra-linkbox__overlay css-1hnz6hu"><div class="css-0"><p class="chakra-text css-1ecdp9w" data-testid="product-brand">Activia</p><h3 class="chakra-heading css-6qrhwc" id="20944744_EA" data-testid="product-title">Yogurt With Probiotics Lactose Free, Vanilla, Strawberry, Raspberry, Cherry Flavour</h3><p class="chakra-text css-1yftjin" data-testid="product-package-size">12x100.0 g, $0.46/100g</p></div></a><div class="css-8keand"></div></div><div class="css-1q5omjq"><div class="css-fcebb8"><div data-testid="atc-compact" class="css-y94ivq" style="width: 45px;"><button type="button" class="chakra-button css-mudsm6" data-testid="atc-button"><svg stroke="currentColor" fill="currentColor" stroke-width="0" viewBox="0 0 24 24" focusable="false" class="chakra-icon css-1g3sp7a" data-testid="btn-icon" aria-hidden="true" height="1em" width="1em" xmlns="http://www.w3.org/2000/svg"><path d="M19 13h-6v6h-2v-6H5v-2h6V5h2v6h6v2z"></path></svg><span class="css-idkz9h">Add Yogurt With Probiotics Lactose Free, Vanilla, Strawberry, Raspberry, Cherry Flavour to cart</span></button></div></div></div></div></div></div><div class="css-0"><div class="css-f5i5wc"><div class="chakra-linkbox css-vhnn8v"><div data-testid="product-image" class="css-16dr4ly"><img alt="Neilson Trutaste Lactose Free 1% Milk 2 l, $0.25/100ml" src="https://assets.shop.loblaws.ca/products/20150089/b3/en/front/20150089_front_a06_@2.png" srcset="https://assets.shop.loblaws.ca/products/20150089/b3/en/front/20150089_front_a06_@2.png 1x, https://assets.shop.loblaws.ca/products/20150089/b3/en/front/20150089_front_a06_@2.png 2x" loading="lazy" class="chakra-image css-oguq8l" aria-hidden="true"></div><div class="css-qoklea"><div class="css-12dchmx"></div><div data-testid="price-product-tile" class="css-8atqhb"><p class="chakra-text css-0"><span class="chakra-text css-o93gbd" data-testid="sale-price"><span class="css-idkz9h">$4.99</span>$4.99</span><span class="chakra-text css-623q5h" data-testid="was-price"><span class="css-idkz9h">$6.19</span>$6.19</span></p><p class="chakra-text css-1m5a6y8" data-testid="price-descriptor">SAVE $1.20</p></div><a href="/trutaste-lactose-free-1-milk/p/20150089_EA?source=nspt" class="chakra-linkbox__overlay css-1hnz6hu"><div class="css-0"><p class="chakra-text css-1ecdp9w" data-testid="product-brand">Neilson</p><h3 class="chakra-heading css-6qrhwc" id="20150089_EA" data-testid="product-title">Trutaste Lactose Free 1% Milk</h3><p class="chakra-text css-1yftjin" data-testid="product-package-size">2 l, $0.25/100ml</p></div></a><div class="css-8keand"></div></div><div class="css-1q5omjq"><div class="css-fcebb8"><div data-testid="atc-compact" class="css-y94ivq" style="width: 45px;"><button type="button" class="chakra-button css-mudsm6" data-testid="atc-button"><svg stroke="currentColor" fill="currentColor" stroke-width="0" viewBox="0 0 24 24" focusable="false" class="chakra-icon css-1g3sp7a" data-testid="btn-icon" aria-hidden="true" height="1em" width="1em" xmlns="http://www.w3.org/2000/svg"><path d="M19 13h-6v6h-2v-6H5v-2h6V5h2v6h6v2z"></path></svg><span class="css-idkz9h">Add Trutaste Lactose Free 1% Milk to cart</span></button></div></div></div></div></div></div><div class="css-0"><div class="css-f5i5wc"><div class="chakra-linkbox css-vhnn8v"><div data-testid="product-image" class="css-16dr4ly"><img alt="Neilson TruTaste Lactose Free 2% Milk 4 l, $0.27/100ml" src="https://assets.shop.loblaws.ca/products/20039684/b3/en/front/20039684_front_a06_@2.png" srcset="https://assets.shop.loblaws.ca/products/20039684/b3/en/front/20039684_front_a06_@2.png 1x, https://assets.shop.loblaws.ca/products/20039684/b3/en/front/20039684_front_a06_@2.png 2x" loading="lazy" class="chakra-image css-oguq8l" aria-hidden="true"></div><div class="css-qoklea"><div class="css-12dchmx"></div><div data-testid="price-product-tile" class="css-8atqhb"><p class="chakra-text css-0"><span class="chakra-text css-pwnbcb" data-testid="regular-price"><span class="css-idkz9h">$10.89</span>$10.89</span></p></div><a href="/trutaste-lactose-free-2-milk/p/20039684_EA?source=nspt" class="chakra-linkbox__overlay css-1hnz6hu"><div class="css-0"><p class="chakra-text css-1ecdp9w" data-testid="product-brand">Neilson</p><h3 class="chakra-heading css-6qrhwc" id="20039684_EA" data-testid="product-title">TruTaste Lactose Free 2% Milk</h3><p class="chakra-text css-1yftjin" data-testid="product-package-size">4 l, $0.27/100ml</p></div></a><div class="css-8keand"></div></div><div class="css-1q5omjq"><div class="css-fcebb8"><div data-testid="atc-compact" class="css-y94ivq" style="width: 45px;"><button type="button" class="chakra-button css-mudsm6" data-testid="atc-button"><svg stroke="currentColor" fill="currentColor" stroke-width="0" viewBox="0 0 24 24" focusable="false" class="chakra-icon css-1g3sp7a" data-testid="btn-icon" aria-hidden="true" height="1em" width="1em" xmlns="http://www.w3.org/2000/svg"><path d="M19 13h-6v6h-2v-6H5v-2h6V5h2v6h6v2z"></path></svg><span class="css-idkz9h">Add TruTaste Lactose Free 2% Milk to cart</span></button></div></div></div></div></div></div><div class="css-0"><div class="css-f5i5wc"><div class="chakra-linkbox css-vhnn8v"><div data-testid="product-image" class="css-16dr4ly"><img alt="President's Choice Lactose Free Plain Cream Cheese  250 g, $1.56/100g" src="https://assets.shop.loblaws.ca/products/21184727/b3/en/front/21184727_front_a06_@2.png" srcset="https://assets.shop.loblaws.ca/products/21184727/b3/en/front/21184727_front_a06_@2.png 1x, https://assets.shop.loblaws.ca/products/21184727/b3/en/front/21184727_front_a06_@2.png 2x" loading="lazy" class="chakra-image css-oguq8l" aria-hidden="true"></div><div class="css-qoklea"><div class="css-12dchmx"></div><div data-testid="price-product-tile" class="css-8atqhb"><p class="chakra-text css-0"><span class="chakra-text css-pwnbcb" data-testid="regular-price"><span class="css-idkz9h">$3.89</span>$3.89</span></p></div><a href="/lactose-free-plain-cream-cheese/p/21184727_EA?source=nspt" class="chakra-linkbox__overlay css-1hnz6hu"><div class="css-0"><p class="chakra-text css-1ecdp9w" data-testid="product-brand">President's Choice</p><h3 class="chakra-heading css-6qrhwc" id="21184727_EA" data-testid="product-title">Lactose Free Plain Cream Cheese </h3><p class="chakra-text css-1yftjin" data-testid="product-package-size">250 g, $1.56/100g</p></div></a><div class="css-8keand"></div></div><div class="css-1q5omjq"><div class="css-fcebb8"><div data-testid="atc-compact" class="css-y94ivq" style="width: 45px;"><button type="button" class="chakra-button css-mudsm6" data-testid="atc-button"><svg stroke="currentColor" fill="currentColor" stroke-width="0" viewBox="0 0 24 24" focusable="false" class="chakra-icon css-1g3sp7a" data-testid="btn-icon" aria-hidden="true" height="1em" width="1em" xmlns="http://www.w3.org/2000/svg"><path d="M19 13h-6v6h-2v-6H5v-2h6V5h2v6h6v2z"></path></svg><span class="css-idkz9h">Add Lactose Free Plain Cream Cheese  to cart</span></button></div></div></div></div></div></div><div class="css-0"><div class="css-f5i5wc"><div class="chakra-linkbox css-vhnn8v"><div data-testid="product-image" class="css-16dr4ly"><img alt="Gay Lea Lactose Free Sour Cream 450 ml, $0.71/100ml" src="https://assets.shop.loblaws.ca/products/21315430/b3/en/front/21315430_front_a06_@2.png" srcset="https://assets.shop.loblaws.ca/products/21315430/b3/en/front/21315430_front_a06_@2.png 1x, https://assets.shop.loblaws.ca/products/21315430/b3/en/front/21315430_front_a06_@2.png 2x" loading="lazy" class="chakra-image css-oguq8l" aria-hidden="true"></div><div class="css-qoklea"><div class="css-12dchmx"></div><div data-testid="price-product-tile" class="css-8atqhb"><p class="chakra-text css-0"><span class="chakra-text css-pwnbcb" data-testid="regular-price"><span class="css-idkz9h">$3.19</span>$3.19</span></p></div><a href="/lactose-free-sour-cream/p/21315430_EA?source=nspt" class="chakra-linkbox__overlay css-1hnz6hu"><div class="css-0"><p class="chakra-text css-1ecdp9w" data-testid="product-brand">Gay Lea</p><h3 class="chakra-heading css-6qrhwc" id="21315430_EA" data-testid="product-title">Lactose Free Sour Cream</h3><p class="chakra-text css-1yftjin" data-testid="product-package-size">450 ml, $0.71/100ml</p></div></a><div class="css-8keand"></div></div><div class="css-1q5omjq"><div class="css-fcebb8"><div data-testid="atc-compact" class="css-y94ivq" style="width: 45px;"><button type="button" class="chakra-button css-mudsm6" data-testid="atc-button"><svg stroke="currentColor" fill="currentColor" stroke-width="0" viewBox="0 0 24 24" focusable="false" class="chakra-icon css-1g3sp7a" data-testid="btn-icon" aria-hidden="true" height="1em" width="1em" xmlns="http://www.w3.org/2000/svg"><path d="M19 13h-6v6h-2v-6H5v-2h6V5h2v6h6v2z"></path></svg><span class="css-idkz9h">Add Lactose Free Sour Cream to cart</span></button></div></div></div></div></div></div><div class="css-0"><div class="css-f5i5wc"><div class="chakra-linkbox css-vhnn8v"><div data-testid="product-image" class="css-16dr4ly"><img alt="President's Choice Naturally Lactose-Free Swiss Cheese  300 g, $1.93/100g" src="https://assets.shop.loblaws.ca/products/20922823/b3/en/front/20922823_front_a06_@2.png" srcset="https://assets.shop.loblaws.ca/products/20922823/b3/en/front/20922823_front_a06_@2.png 1x, https://assets.shop.loblaws.ca/products/20922823/b3/en/front/20922823_front_a06_@2.png 2x" loading="lazy" class="chakra-image css-oguq8l" aria-hidden="true"></div><div class="css-qoklea"><div class="css-12dchmx"></div><div data-testid="price-product-tile" class="css-8atqhb"><p class="chakra-text css-0"><span class="chakra-text css-o93gbd" data-testid="sale-price"><span class="css-idkz9h">$5.79</span>$5.79</span><span class="chakra-text css-623q5h" data-testid="was-price"><span class="css-idkz9h">$6.49</span>$6.49</span></p><p class="chakra-text css-1m5a6y8" data-testid="price-descriptor">SAVE $0.70</p></div><a href="/naturally-lactose-free-swiss-cheese/p/20922823_EA?source=nspt" class="chakra-linkbox__overlay css-1hnz6hu"><div class="css-0"><p class="chakra-text css-1ecdp9w" data-testid="product-brand">President's Choice</p><h3 class="chakra-heading css-6qrhwc" id="20922823_EA" data-testid="product-title">Naturally Lactose-Free Swiss Cheese </h3><p class="chakra-text css-1yftjin" data-testid="product-package-size">300 g, $1.93/100g</p></div></a><div class="css-8keand"></div></div><div class="css-1q5omjq"><div class="css-fcebb8"><div data-testid="atc-compact" class="css-y94ivq" style="width: 45px;"><button type="button" class="chakra-button css-mudsm6" data-testid="atc-button"><svg stroke="currentColor" fill="currentColor" stroke-width="0" viewBox="0 0 24 24" focusable="false" class="chakra-icon css-1g3sp7a" data-testid="btn-icon" aria-hidden="true" height="1em" width="1em" xmlns="http://www.w3.org/2000/svg"><path d="M19 13h-6v6h-2v-6H5v-2h6V5h2v6h6v2z"></path></svg><span class="css-idkz9h">Add Naturally Lactose-Free Swiss Cheese  to cart</span></button></div></div></div></div></div></div><div class="css-0"><div class="css-f5i5wc"><div class="chakra-linkbox css-vhnn8v"><div data-testid="product-image" class="css-16dr4ly"><img alt="President's Choice Lactose Free Plain 2%  M.F. Yogurt 750 g, $0.40/100g" src="https://assets.shop.loblaws.ca/products/20796737/b3/en/front/20796737_front_a06_@2.png" srcset="https://assets.shop.loblaws.ca/products/20796737/b3/en/front/20796737_front_a06_@2.png 1x, https://assets.shop.loblaws.ca/products/20796737/b3/en/front/20796737_front_a06_@2.png 2x" loading="lazy" class="chakra-image css-oguq8l" aria-hidden="true"></div><div class="css-qoklea"><div class="css-12dchmx"></div><div data-testid="price-product-tile" class="css-8atqhb"><p class="chakra-text css-0"><span class="chakra-text css-pwnbcb" data-testid="regular-price"><span class="css-idkz9h">$2.99</span>$2.99</span></p></div><a href="/lactose-free-plain-2-m-f-yogurt/p/20796737_EA?source=nspt" class="chakra-linkbox__overlay css-1hnz6hu"><div class="css-0"><p class="chakra-text css-1ecdp9w" data-testid="product-brand">President's Choice</p><h3 class="chakra-heading css-6qrhwc" id="20796737_EA" data-testid="product-title">Lactose Free Plain 2%  M.F. Yogurt</h3><p class="chakra-text css-1yftjin" data-testid="product-package-size">750 g, $0.40/100g</p></div></a><div class="css-8keand"></div></div><div class="css-1q5omjq"><div class="css-fcebb8"><div data-testid="atc-compact" class="css-y94ivq" style="width: 45px;"><button type="button" class="chakra-button css-mudsm6" data-testid="atc-button"><svg stroke="currentColor" fill="currentColor" stroke-width="0" viewBox="0 0 24 24" focusable="false" class="chakra-icon css-1g3sp7a" data-testid="btn-icon" aria-hidden="true" height="1em" width="1em" xmlns="http://www.w3.org/2000/svg"><path d="M19 13h-6v6h-2v-6H5v-2h6V5h2v6h6v2z"></path></svg><span class="css-idkz9h">Add Lactose Free Plain 2%  M.F. Yogurt to cart</span></button></div></div></div></div></div></div><div class="css-0"><div class="css-f5i5wc"><div class="chakra-linkbox css-vhnn8v"><div data-testid="product-image" class="css-16dr4ly"><img alt="Neilson Trutaste Lactose Free Skim Milk 2 l, $0.25/100ml" src="https://assets.shop.loblaws.ca/products/20188053002/b3/en/front/20188053002_front_a06_@2.png" srcset="https://assets.shop.loblaws.ca/products/20188053002/b3/en/front/20188053002_front_a06_@2.png 1x, https://assets.shop.loblaws.ca/products/20188053002/b3/en/front/20188053002_front_a06_@2.png 2x" loading="lazy" class="chakra-image css-oguq8l" aria-hidden="true"></div><div class="css-qoklea"><div class="css-12dchmx"></div><div data-testid="price-product-tile" class="css-8atqhb"><p class="chakra-text css-0"><span class="chakra-text css-o93gbd" data-testid="sale-price"><span class="css-idkz9h">$4.99</span>$4.99</span><span class="chakra-text css-623q5h" data-testid="was-price"><span class="css-idkz9h">$6.19</span>$6.19</span></p><p class="chakra-text css-1m5a6y8" data-testid="price-descriptor">SAVE $1.20</p></div><a href="/trutaste-lactose-free-skim-milk/p/20188053002_EA?source=nspt" class="chakra-linkbox__overlay css-1hnz6hu"><div class="css-0"><p class="chakra-text css-1ecdp9w" data-testid="product-brand">Neilson</p><h3 class="chakra-heading css-6qrhwc" id="20188053002_EA" data-testid="product-title">Trutaste Lactose Free Skim Milk</h3><p class="chakra-text css-1yftjin" data-testid="product-package-size">2 l, $0.25/100ml</p></div></a><div class="css-8keand"></div></div><div class="css-1q5omjq"><div class="css-fcebb8"><div data-testid="atc-compact" class="css-y94ivq" style="width: 45px;"><button type="button" class="chakra-button css-mudsm6" data-testid="atc-button"><svg stroke="currentColor" fill="currentColor" stroke-width="0" viewBox="0 0 24 24" focusable="false" class="chakra-icon css-1g3sp7a" data-testid="btn-icon" aria-hidden="true" height="1em" width="1em" xmlns="http://www.w3.org/2000/svg"><path d="M19 13h-6v6h-2v-6H5v-2h6V5h2v6h6v2z"></path></svg><span class="css-idkz9h">Add Trutaste Lactose Free Skim Milk to cart</span></button></div></div></div></div></div></div><div class="css-0"><div class="css-f5i5wc"><div class="chakra-linkbox css-vhnn8v"><div data-testid="product-image" class="css-16dr4ly"><img alt="Tre Stelle Tre Stelle Creamy Cheese Spread, Lactose Free 200 g, $2.40/100g" src="https://assets.shop.loblaws.ca/products/21002993/b3/en/front/21002993_front_a06_@2.png" srcset="https://assets.shop.loblaws.ca/products/21002993/b3/en/front/21002993_front_a06_@2.png 1x, https://assets.shop.loblaws.ca/products/21002993/b3/en/front/21002993_front_a06_@2.png 2x" loading="lazy" class="chakra-image css-oguq8l" aria-hidden="true"></div><div class="css-qoklea"><div class="css-12dchmx"></div><div data-testid="price-product-tile" class="css-8atqhb"><p class="chakra-text css-0"><span class="chakra-text css-pwnbcb" data-testid="regular-price"><span class="css-idkz9h">$4.79</span>$4.79</span></p></div><a href="/tre-stelle-creamy-cheese-spread-lactose-free/p/21002993_EA?source=nspt" class="chakra-linkbox__overlay css-1hnz6hu"><div class="css-0"><p class="chakra-text css-1ecdp9w" data-testid="product-brand">Tre Stelle</p><h3 class="chakra-heading css-6qrhwc" id="21002993_EA" data-testid="product-title">Tre Stelle Creamy Cheese Spread, Lactose Free</h3><p class="chakra-text css-1yftjin" data-testid="product-package-size">200 g, $2.40/100g</p></div></a><div class="css-8keand"></div></div><div class="css-1q5omjq"><div class="css-fcebb8"><div data-testid="atc-compact" class="css-y94ivq" style="width: 45px;"><button type="button" class="chakra-button css-mudsm6" data-testid="atc-button"><svg stroke="currentColor" fill="currentColor" stroke-width="0" viewBox="0 0 24 24" focusable="false" class="chakra-icon css-1g3sp7a" data-testid="btn-icon" aria-hidden="true" height="1em" width="1em" xmlns="http://www.w3.org/2000/svg"><path d="M19 13h-6v6h-2v-6H5v-2h6V5h2v6h6v2z"></path></svg><span class="css-idkz9h">Add Tre Stelle Creamy Cheese Spread, Lactose Free to cart</span></button></div></div></div></div></div></div><div class="css-0"><div class="css-f5i5wc"><div class="chakra-linkbox css-vhnn8v"><div data-testid="product-image" class="css-16dr4ly"><img alt="Neilson Trutaste Lactose Free 1% Milk 4 l, $0.27/100ml" src="https://assets.shop.loblaws.ca/products/20159579/b3/en/front/20159579_front_a06_@2.png" srcset="https://assets.shop.loblaws.ca/products/20159579/b3/en/front/20159579_front_a06_@2.png 1x, https://assets.shop.loblaws.ca/products/20159579/b3/en/front/20159579_front_a06_@2.png 2x" loading="lazy" class="chakra-image css-oguq8l" aria-hidden="true"></div><div class="css-qoklea"><div class="css-12dchmx"></div><div data-testid="price-product-tile" class="css-8atqhb"><p class="chakra-text css-0"><span class="chakra-text css-pwnbcb" data-testid="regular-price"><span class="css-idkz9h">$10.89</span>$10.89</span></p></div><a href="/trutaste-lactose-free-1-milk/p/20159579_EA?source=nspt" class="chakra-linkbox__overlay css-1hnz6hu"><div class="css-0"><p class="chakra-text css-1ecdp9w" data-testid="product-brand">Neilson</p><h3 class="chakra-heading css-6qrhwc" id="20159579_EA" data-testid="product-title">Trutaste Lactose Free 1% Milk</h3><p class="chakra-text css-1yftjin" data-testid="product-package-size">4 l, $0.27/100ml</p></div></a><div class="css-8keand"></div></div><div class="css-1q5omjq"><div class="css-fcebb8"><div data-testid="atc-compact" class="css-y94ivq" style="width: 45px;"><button type="button" class="chakra-button css-mudsm6" data-testid="atc-button"><svg stroke="currentColor" fill="currentColor" stroke-width="0" viewBox="0 0 24 24" focusable="false" class="chakra-icon css-1g3sp7a" data-testid="btn-icon" aria-hidden="true" height="1em" width="1em" xmlns="http://www.w3.org/2000/svg"><path d="M19 13h-6v6h-2v-6H5v-2h6V5h2v6h6v2z"></path></svg><span class="css-idkz9h">Add Trutaste Lactose Free 1% Milk to cart</span></button></div></div></div></div></div></div><div class="css-0"><div class="css-f5i5wc"><div class="chakra-linkbox css-vhnn8v"><div data-testid="product-image" class="css-16dr4ly"><img alt="Neilson Trutaste Lactose Free 2% Milk 1 l, $0.46/100ml" src="https://assets.shop.loblaws.ca/products/20025432002/b3/en/front/20025432002_front_a06_@2.png" srcset="https://assets.shop.loblaws.ca/products/20025432002/b3/en/front/20025432002_front_a06_@2.png 1x, https://assets.shop.loblaws.ca/products/20025432002/b3/en/front/20025432002_front_a06_@2.png 2x" loading="lazy" class="chakra-image css-oguq8l" aria-hidden="true"></div><div class="css-qoklea"><div class="css-12dchmx"></div><div data-testid="price-product-tile" class="css-8atqhb"><p class="chakra-text css-0"><span class="chakra-text css-pwnbcb" data-testid="regular-price"><span class="css-idkz9h">$4.59</span>$4.59</span></p></div><a href="/trutaste-lactose-free-2-milk/p/20025432002_EA?source=nspt" class="chakra-linkbox__overlay css-1hnz6hu"><div class="css-0"><p class="chakra-text css-1ecdp9w" data-testid="product-brand">Neilson</p><h3 class="chakra-heading css-6qrhwc" id="20025432002_EA" data-testid="product-title">Trutaste Lactose Free 2% Milk</h3><p class="chakra-text css-1yftjin" data-testid="product-package-size">1 l, $0.46/100ml</p></div></a><div class="css-8keand"></div></div><div class="css-1q5omjq"><div class="css-fcebb8"><div data-testid="atc-compact" class="css-y94ivq" style="width: 45px;"><button type="button" class="chakra-button css-mudsm6" data-testid="atc-button"><svg stroke="currentColor" fill="currentColor" stroke-width="0" viewBox="0 0 24 24" focusable="false" class="chakra-icon css-1g3sp7a" data-testid="btn-icon" aria-hidden="true" height="1em" width="1em" xmlns="http://www.w3.org/2000/svg"><path d="M19 13h-6v6h-2v-6H5v-2h6V5h2v6h6v2z"></path></svg><span class="css-idkz9h">Add Trutaste Lactose Free 2% Milk to cart</span></button></div></div></div></div></div></div><div class="css-0"><div class="css-f5i5wc"><div class="chakra-linkbox css-vhnn8v"><div data-testid="product-image" class="css-16dr4ly"><img alt="Neilson Trutaste No Lactose 3.25% Milk 2 l, $0.25/100ml" src="https://assets.shop.loblaws.ca/products/20909875/b3/en/front/20909875_front_a06_@2.png" srcset="https://assets.shop.loblaws.ca/products/20909875/b3/en/front/20909875_front_a06_@2.png 1x, https://assets.shop.loblaws.ca/products/20909875/b3/en/front/20909875_front_a06_@2.png 2x" loading="lazy" class="chakra-image css-oguq8l" aria-hidden="true"></div><div class="css-qoklea"><div class="css-12dchmx"></div><div data-testid="price-product-tile" class="css-8atqhb"><p class="chakra-text css-0"><span class="chakra-text css-o93gbd" data-testid="sale-price"><span class="css-idkz9h">$4.99</span>$4.99</span><span class="chakra-text css-623q5h" data-testid="was-price"><span class="css-idkz9h">$6.19</span>$6.19</span></p><p class="chakra-text css-1m5a6y8" data-testid="price-descriptor">SAVE $1.20</p></div><a href="/trutaste-no-lactose-3-25-milk/p/20909875_EA?source=nspt" class="chakra-linkbox__overlay css-1hnz6hu"><div class="css-0"><p class="chakra-text css-1ecdp9w" data-testid="product-brand">Neilson</p><h3 class="chakra-heading css-6qrhwc" id="20909875_EA" data-testid="product-title">Trutaste No Lactose 3.25% Milk</h3><p class="chakra-text css-1yftjin" data-testid="product-package-size">2 l, $0.25/100ml</p></div></a><div class="css-8keand"></div></div><div class="css-1q5omjq"><div class="css-fcebb8"><div data-testid="atc-compact" class="css-y94ivq" style="width: 45px;"><button type="button" class="chakra-button css-mudsm6" data-testid="atc-button"><svg stroke="currentColor" fill="currentColor" stroke-width="0" viewBox="0 0 24 24" focusable="false" class="chakra-icon css-1g3sp7a" data-testid="btn-icon" aria-hidden="true" height="1em" width="1em" xmlns="http://www.w3.org/2000/svg"><path d="M19 13h-6v6h-2v-6H5v-2h6V5h2v6h6v2z"></path></svg><span class="css-idkz9h">Add Trutaste No Lactose 3.25% Milk to cart</span></button></div></div></div></div></div></div><div class="css-0"><div class="css-f5i5wc"><div class="chakra-linkbox css-vhnn8v"><div data-testid="product-image" class="css-16dr4ly"><img alt="Gay Lea Lactose Free Cottage Cheese 450 g, $1.18/100g" src="https://assets.shop.loblaws.ca/products/21315439/b3/en/front/21315439_front_a06_@2.png" srcset="https://assets.shop.loblaws.ca/products/21315439/b3/en/front/21315439_front_a06_@2.png 1x, https://assets.shop.loblaws.ca/products/21315439/b3/en/front/21315439_front_a06_@2.png 2x" loading="lazy" class="chakra-image css-oguq8l" aria-hidden="true"></div><div class="css-qoklea"><div class="css-12dchmx"></div><div data-testid="price-product-tile" class="css-8atqhb"><p class="chakra-text css-0"><span class="chakra-text css-pwnbcb" data-testid="regular-price"><span class="css-idkz9h">$5.29</span>$5.29</span></p></div><a href="/lactose-free-cottage-cheese/p/21315439_EA?source=nspt" class="chakra-linkbox__overlay css-1hnz6hu"><div class="css-0"><p class="chakra-text css-1ecdp9w" data-testid="product-brand">Gay Lea</p><h3 class="chakra-heading css-6qrhwc" id="21315439_EA" data-testid="product-title">Lactose Free Cottage Cheese</h3><p class="chakra-text css-1yftjin" data-testid="product-package-size">450 g, $1.18/100g</p></div></a><div class="css-8keand"></div></div><div class="css-1q5omjq"><div class="css-fcebb8"><div data-testid="atc-compact" class="css-y94ivq" style="width: 45px;"><button type="button" class="chakra-button css-mudsm6" data-testid="atc-button"><svg stroke="currentColor" fill="currentColor" stroke-width="0" viewBox="0 0 24 24" focusable="false" class="chakra-icon css-1g3sp7a" data-testid="btn-icon" aria-hidden="true" height="1em" width="1em" xmlns="http://www.w3.org/2000/svg"><path d="M19 13h-6v6h-2v-6H5v-2h6V5h2v6h6v2z"></path></svg><span class="css-idkz9h">Add Lactose Free Cottage Cheese to cart</span></button></div></div></div></div></div></div><div class="css-0"><div class="css-f5i5wc"><div class="chakra-linkbox css-vhnn8v"><div data-testid="product-image" class="css-16dr4ly"><img alt="Neilson Trutaste Homogenized Milk Lactose Free 3.25% M.F. 4 l, $0.28/100ml" src="https://assets.shop.loblaws.ca/products/21107134/b3/en/front/21107134_front_a06_@2.png" srcset="https://assets.shop.loblaws.ca/products/21107134/b3/en/front/21107134_front_a06_@2.png 1x, https://assets.shop.loblaws.ca/products/21107134/b3/en/front/21107134_front_a06_@2.png 2x" loading="lazy" class="chakra-image css-oguq8l" aria-hidden="true"></div><div class="css-qoklea"><div class="css-12dchmx"></div><div data-testid="price-product-tile" class="css-8atqhb"><p class="chakra-text css-0"><span class="chakra-text css-pwnbcb" data-testid="regular-price"><span class="css-idkz9h">$11.19</span>$11.19</span></p></div><a href="/trutaste-homogenized-milk-lactose-free-3-25-m-f/p/21107134_EA?source=nspt" class="chakra-linkbox__overlay css-1hnz6hu"><div class="css-0"><p class="chakra-text css-1ecdp9w" data-testid="product-brand">Neilson</p><h3 class="chakra-heading css-6qrhwc" id="21107134_EA" data-testid="product-title">Trutaste Homogenized Milk Lactose Free 3.25% M.F.</h3><p class="chakra-text css-1yftjin" data-testid="product-package-size">4 l, $0.28/100ml</p></div></a><div class="css-8keand"></div></div><div class="css-1q5omjq"><div class="css-fcebb8"><div data-testid="atc-compact" class="css-y94ivq" style="width: 45px;"><button type="button" class="chakra-button css-mudsm6" data-testid="atc-button"><svg stroke="currentColor" fill="currentColor" stroke-width="0" viewBox="0 0 24 24" focusable="false" class="chakra-icon css-1g3sp7a" data-testid="btn-icon" aria-hidden="true" height="1em" width="1em" xmlns="http://www.w3.org/2000/svg"><path d="M19 13h-6v6h-2v-6H5v-2h6V5h2v6h6v2z"></path></svg><span class="css-idkz9h">Add Trutaste Homogenized Milk Lactose Free 3.25% M.F. to cart</span></button></div></div></div></div></div></div><div class="css-0"><div class="css-f5i5wc"><div class="chakra-linkbox css-vhnn8v"><div data-testid="product-image" class="css-16dr4ly"><img alt="Philadelphia Original Cream Cheese, Lactose Free 250 g, $2.60/100g" src="https://assets.shop.loblaws.ca/products/21314936/b3/en/front/21314936_front_a06_@2.png" srcset="https://assets.shop.loblaws.ca/products/21314936/b3/en/front/21314936_front_a06_@2.png 1x, https://assets.shop.loblaws.ca/products/21314936/b3/en/front/21314936_front_a06_@2.png 2x" loading="lazy" class="chakra-image css-oguq8l" aria-hidden="true"></div><div class="css-qoklea"><div class="css-12dchmx"></div><div data-testid="price-product-tile" class="css-8atqhb"><p class="chakra-text css-0"><span class="chakra-text css-pwnbcb" data-testid="regular-price"><span class="css-idkz9h">$6.49</span>$6.49</span></p></div><a href="/original-cream-cheese-lactose-free/p/21314936_EA?source=nspt" class="chakra-linkbox__overlay css-1hnz6hu"><div class="css-0"><p class="chakra-text css-1ecdp9w" data-testid="product-brand">Philadelphia</p><h3 class="chakra-heading css-6qrhwc" id="21314936_EA" data-testid="product-title">Original Cream Cheese, Lactose Free</h3><p class="chakra-text css-1yftjin" data-testid="product-package-size">250 g, $2.60/100g</p></div></a><div class="css-8keand"></div></div><div class="css-1q5omjq"><div class="css-fcebb8"><div data-testid="atc-compact" class="css-y94ivq" style="width: 45px;"><button type="button" class="chakra-button css-mudsm6" data-testid="atc-button"><svg stroke="currentColor" fill="currentColor" stroke-width="0" viewBox="0 0 24 24" focusable="false" class="chakra-icon css-1g3sp7a" data-testid="btn-icon" aria-hidden="true" height="1em" width="1em" xmlns="http://www.w3.org/2000/svg"><path d="M19 13h-6v6h-2v-6H5v-2h6V5h2v6h6v2z"></path></svg><span class="css-idkz9h">Add Original Cream Cheese, Lactose Free to cart</span></button></div></div></div></div></div></div><div class="css-0"><div class="css-f5i5wc"><div class="chakra-linkbox css-vhnn8v"><div data-testid="product-image" class="css-16dr4ly"><img alt="Neilson Trutaste Chocolate Partly Skimmed Milk 1% M.F. 2 l, $0.25/100ml" src="https://assets.shop.loblaws.ca/products/21040983/b3/en/front/21040983_front_a06_@2.png" srcset="https://assets.shop.loblaws.ca/products/21040983/b3/en/front/21040983_front_a06_@2.png 1x, https://assets.shop.loblaws.ca/products/21040983/b3/en/front/21040983_front_a06_@2.png 2x" loading="lazy" class="chakra-image css-oguq8l" aria-hidden="true"></div><div class="css-qoklea"><div class="css-12dchmx"></div><div data-testid="price-product-tile" class="css-8atqhb"><p class="chakra-text css-0"><span class="chakra-text css-o93gbd" data-testid="sale-price"><span class="css-idkz9h">$4.99</span>$4.99</span><span class="chakra-text css-623q5h" data-testid="was-price"><span class="css-idkz9h">$6.39</span>$6.39</span></p><p class="chakra-text css-1m5a6y8" data-testid="price-descriptor">SAVE $1.40</p></div><a href="/trutaste-chocolate-partly-skimmed-milk-1-m-f/p/21040983_EA?source=nspt" class="chakra-linkbox__overlay css-1hnz6hu"><div class="css-0"><p class="chakra-text css-1ecdp9w" data-testid="product-brand">Neilson</p><h3 class="chakra-heading css-6qrhwc" id="21040983_EA" data-testid="product-title">Trutaste Chocolate Partly Skimmed Milk 1% M.F.</h3><p class="chakra-text css-1yftjin" data-testid="product-package-size">2 l, $0.25/100ml</p></div></a><div class="css-8keand"></div></div><div class="css-1q5omjq"><div class="css-fcebb8"><div data-testid="atc-compact" class="css-y94ivq" style="width: 45px;"><button type="button" class="chakra-button css-mudsm6" data-testid="atc-button"><svg stroke="currentColor" fill="currentColor" stroke-width="0" viewBox="0 0 24 24" focusable="false" class="chakra-icon css-1g3sp7a" data-testid="btn-icon" aria-hidden="true" height="1em" width="1em" xmlns="http://www.w3.org/2000/svg"><path d="M19 13h-6v6h-2v-6H5v-2h6V5h2v6h6v2z"></path></svg><span class="css-idkz9h">Add Trutaste Chocolate Partly Skimmed Milk 1% M.F. to cart</span></button></div></div></div></div></div></div><div class="css-0"><div class="css-f5i5wc"><div class="chakra-linkbox css-vhnn8v"><div data-testid="product-image" class="css-16dr4ly"><img alt="Philadelphia Original Cream Cheese 227 g, $2.86/100g" src="https://assets.shop.loblaws.ca/products/21314933/b3/en/front/21314933_front_a06_@2.png" srcset="https://assets.shop.loblaws.ca/products/21314933/b3/en/front/21314933_front_a06_@2.png 1x, https://assets.shop.loblaws.ca/products/21314933/b3/en/front/21314933_front_a06_@2.png 2x" loading="lazy" class="chakra-image css-oguq8l" aria-hidden="true"></div><div class="css-qoklea"><div class="css-12dchmx"></div><div data-testid="price-product-tile" class="css-8atqhb"><p class="chakra-text css-0"><span class="chakra-text css-pwnbcb" data-testid="regular-price"><span class="css-idkz9h">$6.49</span>$6.49</span></p></div><a href="/original-cream-cheese/p/21314933_EA?source=nspt" class="chakra-linkbox__overlay css-1hnz6hu"><div class="css-0"><p class="chakra-text css-1ecdp9w" data-testid="product-brand">Philadelphia</p><h3 class="chakra-heading css-6qrhwc" id="21314933_EA" data-testid="product-title">Original Cream Cheese</h3><p class="chakra-text css-1yftjin" data-testid="product-package-size">227 g, $2.86/100g</p></div></a><div class="css-8keand"></div></div><div class="css-1q5omjq"><div class="css-fcebb8"><div data-testid="atc-compact" class="css-y94ivq" style="width: 45px;"><button type="button" class="chakra-button css-mudsm6" data-testid="atc-button"><svg stroke="currentColor" fill="currentColor" stroke-width="0" viewBox="0 0 24 24" focusable="false" class="chakra-icon css-1g3sp7a" data-testid="btn-icon" aria-hidden="true" height="1em" width="1em" xmlns="http://www.w3.org/2000/svg"><path d="M19 13h-6v6h-2v-6H5v-2h6V5h2v6h6v2z"></path></svg><span class="css-idkz9h">Add Original Cream Cheese to cart</span></button></div></div></div></div></div></div></div>