[
    {
        "id": 1,
        "name": "Marble Cheddar Cheese Slices",
        "price": "240 g, $2.70/100g",
        "brand": "Cracker Barrel",
        "image_url": "https://assets.shop.loblaws.ca/products/21290705/b3/en/front/21290705_front_a06_@2.png",
        "image_alt": "Cracker Barrel Marble Cheddar Cheese Slices 240 g, $2.70/100g",
        "price_product_tile": "$6.49$6.49"
    },
    {
        "id": 2,
        "name": "Singles Original Slices, 22 Slices",
        "price": "410 g, $1.41/100g",
        "brand": "Kraft",
        "image_url": "https://assets.shop.loblaws.ca/products/21188654/b3/en/front/21188654_front_a06_@2.png",
        "image_alt": "Kraft Singles Original Slices, 22 Slices 410 g, $1.41/100g",
        "price_product_tile": "$5.79$5.79"
    },
    {
        "id": 3,
        "name": "Original Brick Cream Cheese",
        "price": "250 g, $1.84/100g",
        "brand": "Philadelphia",
        "image_url": "https://assets.shop.loblaws.ca/products/20641267/b3/en/front/20641267_front_a06_@2.png",
        "image_alt": "Philadelphia Original Brick Cream Cheese 250 g, $1.84/100g",
        "price_product_tile": "$4.59$4.59"
    },
    {
        "id": 4,
        "name": "Farmer's Marble Cheese",
        "price": "700 g, $1.43/100g",
        "brand": "No Name",
        "image_url": "https://assets.shop.loblaws.ca/products/20975773/b3/en/front/20975773_front_a06_@2.png",
        "image_alt": "No Name Farmer's Marble Cheese 700 g, $1.43/100g",
        "price_product_tile": "$9.99$9.99"
    },
    {
        "id": 5,
        "name": "Medium Cheddar Cheese Slices, 12 units",
        "price": "240 g, $2.70/100g",
        "brand": "Cracker Barrel",
        "image_url": "https://assets.shop.loblaws.ca/products/21290684/b3/en/front/21290684_front_a06_@2.png",
        "image_alt": "Cracker Barrel Medium Cheddar Cheese Slices, 12 units 240 g, $2.70/100g",
        "price_product_tile": "$6.49$6.49"
    },
    {
        "id": 6,
        "name": "Farmer's Marble Cheese",
        "price": "400 g, $1.38/100g",
        "brand": "No Name",
        "image_url": "https://assets.shop.loblaws.ca/products/21289745/b3/en/front/21289745_front_a06_@2.png",
        "image_alt": "No Name Farmer's Marble Cheese 400 g, $1.38/100g",
        "price_product_tile": "$5.50$5.50"
    },
    {
        "id": 7,
        "name": "Processed cheddar cheese slices, 22 units",
        "price": "410 g, $0.61/100g",
        "brand": "Black Diamond",
        "image_url": "https://assets.shop.loblaws.ca/products/21252564/b3/en/front/21252564_front_a06_@2.png",
        "image_alt": "Black Diamond Processed cheddar cheese slices, 22 units 410 g, $0.61/100g",
        "price_product_tile": "$2.49$2.49$3.89$3.89SAVE $1.40"
    },
    {
        "id": 8,
        "name": "Original Cream Cheese Product",
        "price": "227 g, $2.02/100g",
        "brand": "Philadelphia",
        "image_url": "https://assets.shop.loblaws.ca/products/20866924010/b3/en/front/20866924010_front_a06_@2.png",
        "image_alt": "Philadelphia Original Cream Cheese Product 227 g, $2.02/100g",
        "price_product_tile": "$4.59$4.59"
    },
    {
        "id": 9,
        "name": "Pasteurized Cream Cheese",
        "price": "250 g, $1.20/100g",
        "brand": "No Name",
        "image_url": "https://assets.shop.loblaws.ca/products/20308105001/b3/en/front/20308105001_front_a06_@2.png",
        "image_alt": "No Name Pasteurized Cream Cheese 250 g, $1.20/100g",
        "price_product_tile": "$3.00$3.00"
    },
    {
        "id": 10,
        "name": "Triple Cheddar Shredded Cheese Blend",
        "price": "320 g, $1.97/100g",
        "brand": "President's Choice",
        "image_url": "https://assets.shop.loblaws.ca/products/21060183/b3/en/front/21060183_front_a06_@2.png",
        "image_alt": "President's Choice Triple Cheddar Shredded Cheese Blend 320 g, $1.97/100g",
        "price_product_tile": "$6.29$6.29"
    },
    {
        "id": 11,
        "name": "Cheestrings Marble Cheese, 16 units",
        "price": "336 g, $2.38/100g",
        "brand": "Black Diamond",
        "image_url": "https://assets.shop.loblaws.ca/products/20763661/b3/en/front/20763661_front_a06_@2.png",
        "image_alt": "Black Diamond Cheestrings Marble Cheese, 16 units 336 g, $2.38/100g",
        "price_product_tile": "$7.99$7.99"
    },
    {
        "id": 12,
        "name": "Swiss Cheese Slices, 11 units",
        "price": "220 g, $2.95/100g",
        "brand": "Cracker Barrel",
        "image_url": "https://assets.shop.loblaws.ca/products/21290689/b3/en/front/21290689_front_a06_@2.png",
        "image_alt": "Cracker Barrel Swiss Cheese Slices, 11 units 220 g, $2.95/100g",
        "price_product_tile": "$6.49$6.49"
    },
    {
        "id": 13,
        "name": "Old Cheddar Cheese",
        "price": "700 g, $1.43/100g",
        "brand": "No Name",
        "image_url": "https://assets.shop.loblaws.ca/products/20975873/b3/en/front/20975873_front_a06_@2.png",
        "image_alt": "No Name Old Cheddar Cheese 700 g, $1.43/100g",
        "price_product_tile": "$9.99$9.99"
    },
    {
        "id": 14,
        "name": "Singles Original Thick Slices",
        "price": "410 g, $1.41/100g",
        "brand": "Kraft",
        "image_url": "https://assets.shop.loblaws.ca/products/21189807/b3/en/front/21189807_front_a06_@2.png",
        "image_alt": "Kraft Singles Original Thick Slices 410 g, $1.41/100g",
        "price_product_tile": "$5.79$5.79"
    },
    {
        "id": 15,
        "name": "Pizza Mozzarella Shredded Cheese",
        "price": "320 g, $1.97/100g",
        "brand": "President's Choice",
        "image_url": "https://assets.shop.loblaws.ca/products/21060201/b3/en/front/21060201_front_a06_@2.png",
        "image_alt": "President's Choice Pizza Mozzarella Shredded Cheese 320 g, $1.97/100g",
        "price_product_tile": "$6.29$6.29"
    },
    {
        "id": 16,
        "name": "Mozzarellissima",
        "price": "500 g, $1.96/100g",
        "brand": "Saputo",
        "image_url": "https://assets.shop.loblaws.ca/products/20759241002/b3/en/front/20759241002_front_a06_@2.png",
        "image_alt": "Saputo Mozzarellissima 500 g, $1.96/100g",
        "price_product_tile": "$9.79$9.79"
    },
    {
        "id": 17,
        "name": "Pizza Mozzarella Cheese with 28% M.F.",
        "price": "400 g, $1.38/100g",
        "brand": "No Name",
        "image_url": "https://assets.shop.loblaws.ca/products/21289761/b3/en/front/21289761_front_a06_@2.png",
        "image_alt": "No Name Pizza Mozzarella Cheese with 28% M.F. 400 g, $1.38/100g",
        "price_product_tile": "$5.50$5.50"
    },
    {
        "id": 18,
        "name": "Cottage Cheese, 2% M.F.",
        "price": "500 g, $0.80/100g",
        "brand": "No Name",
        "image_url": "https://assets.shop.loblaws.ca/products/20183991002/b3/en/front/20183991002_front_a06_@2.png",
        "image_alt": "No Name Cottage Cheese, 2% M.F. 500 g, $0.80/100g",
        "price_product_tile": "$3.99$3.99"
    },
    {
        "id": 19,
        "name": "Old Cheddar Cheese",
        "price": "400 g, $1.38/100g",
        "brand": "No Name",
        "image_url": "https://assets.shop.loblaws.ca/products/21289751/b3/en/front/21289751_front_a06_@2.png",
        "image_alt": "No Name Old Cheddar Cheese 400 g, $1.38/100g",
        "price_product_tile": "$5.50$5.50"
    },
    {
        "id": 20,
        "name": "Pizza Mozzarella Cheese, 28% MF",
        "price": "700 g, $1.43/100g",
        "brand": "No Name",
        "image_url": "https://assets.shop.loblaws.ca/products/20975887/b3/en/front/20975887_front_a06_@2.png",
        "image_alt": "No Name Pizza Mozzarella Cheese, 28% MF 700 g, $1.43/100g",
        "price_product_tile": "$9.99$9.99"
    },
    {
        "id": 21,
        "name": "Marble Cheddar Cheese Slices",
        "price": "230 g, $1.96/100g",
        "brand": "No Name",
        "image_url": "https://assets.shop.loblaws.ca/products/20742315/b3/en/front/20742315_front_a06_@2.png",
        "image_alt": "No Name Marble Cheddar Cheese Slices 230 g, $1.96/100g",
        "price_product_tile": "$4.50$4.50"
    },
    {
        "id": 22,
        "name": "Lactose Free Marble Cheddar",
        "price": "400 g, $1.45/100g",
        "brand": "President's Choice",
        "image_url": "https://assets.shop.loblaws.ca/products/21289664/b3/en/front/21289664_front_a06_@2.png",
        "image_alt": "President's Choice Lactose Free Marble Cheddar  400 g, $1.45/100g",
        "price_product_tile": "$5.79$5.79$6.49$6.49SAVE $0.70"
    },
    {
        "id": 23,
        "name": "Extra Old White Cheddar",
        "price": "400 g, $1.45/100g",
        "brand": "President's Choice",
        "image_url": "https://assets.shop.loblaws.ca/products/21289689/b3/en/front/21289689_front_a06_@2.png",
        "image_alt": "President's Choice Extra Old White Cheddar 400 g, $1.45/100g",
        "price_product_tile": "$5.79$5.79$6.49$6.49SAVE $0.70"
    },
    {
        "id": 24,
        "name": "Original Cream Cheese Product",
        "price": "340 g, $2.06/100g",
        "brand": "Philadelphia",
        "image_url": "https://assets.shop.loblaws.ca/products/20866929002/b3/en/front/20866929002_front_a06_@2.png",
        "image_alt": "Philadelphia Original Cream Cheese Product 340 g, $2.06/100g",
        "price_product_tile": "$6.99$6.99"
    },
    {
        "id": 25,
        "name": "Shredded Mozzarella",
        "price": "320 g, $1.72/100g",
        "brand": "No Name",
        "image_url": "https://assets.shop.loblaws.ca/products/21082491/b3/en/front/21082491_front_a06_@2.png",
        "image_alt": "No Name Shredded Mozzarella 320 g, $1.72/100g",
        "price_product_tile": "$5.49$5.49"
    },
    {
        "id": 26,
        "name": "Tex Mex Shredded Cheese",
        "price": "320 g, $1.81/100g",
        "brand": "Cracker Barrel",
        "image_url": "https://assets.shop.loblaws.ca/products/21290616/b3/en/front/21290616_front_a06_@2.png",
        "image_alt": "Cracker Barrel Tex Mex Shredded Cheese 320 g, $1.81/100g",
        "price_product_tile": "$5.79$5.79$7.49$7.49SAVE $1.70"
    },
    {
        "id": 27,
        "name": "Herb & Garlic Cream Cheese Product",
        "price": "227 g, $2.02/100g",
        "brand": "Philadelphia",
        "image_url": "https://assets.shop.loblaws.ca/products/20866924007/b3/en/front/20866924007_front_a06_@2.png",
        "image_alt": "Philadelphia Herb & Garlic Cream Cheese Product 227 g, $2.02/100g",
        "price_product_tile": "$4.59$4.59"
    },
    {
        "id": 28,
        "name": "Tex Mex Shredded Cheese Blend",
        "price": "320 g, $1.97/100g",
        "brand": "President's Choice",
        "image_url": "https://assets.shop.loblaws.ca/products/21060207/b3/en/front/21060207_front_a06_@2.png",
        "image_alt": "President's Choice Tex Mex Shredded Cheese Blend 320 g, $1.97/100g",
        "price_product_tile": "$6.29$6.29"
    },
    {
        "id": 29,
        "name": "Old White Cheddar Cheese Slices, 11 units",
        "price": "200 g, $3.25/100g",
        "brand": "Cracker Barrel",
        "image_url": "https://assets.shop.loblaws.ca/products/21290704/b3/en/front/21290704_front_a06_@2.png",
        "image_alt": "Cracker Barrel Old White Cheddar Cheese Slices, 11 units 200 g, $3.25/100g",
        "price_product_tile": "$6.49$6.49"
    },
    {
        "id": 30,
        "name": "Grated Cheese Parmesan 31% M.F.",
        "price": "250 g, $3.12/100g",
        "brand": "Kraft",
        "image_url": "https://assets.shop.loblaws.ca/products/21528135/b3/en/front/21528135_front_a06_@2.png",
        "image_alt": "Kraft Grated Cheese Parmesan 31% M.F. 250 g, $3.12/100g",
        "price_product_tile": "$7.79$7.79"
    },
    {
        "id": 31,
        "name": "Double Cheddar Shredded Cheese",
        "price": "320 g, $1.81/100g",
        "brand": "Cracker Barrel",
        "image_url": "https://assets.shop.loblaws.ca/products/21290613/b3/en/front/21290613_front_a06_@2.png",
        "image_alt": "Cracker Barrel Double Cheddar Shredded Cheese 320 g, $1.81/100g",
        "price_product_tile": "$5.79$5.79$7.49$7.49SAVE $1.70"
    },
    {
        "id": 32,
        "name": "Shredded Nacho Cheese Blend",
        "price": "320 g, $1.72/100g",
        "brand": "No Name",
        "image_url": "https://assets.shop.loblaws.ca/products/21082795/b3/en/front/21082795_front_a06_@2.png",
        "image_alt": "No Name Shredded Nacho Cheese Blend 320 g, $1.72/100g",
        "price_product_tile": "$5.49$5.49"
    },
    {
        "id": 33,
        "name": "Light Medium Cheddar Cheese Slices, 12 units",
        "price": "240 g, $2.70/100g",
        "brand": "Cracker Barrel",
        "image_url": "https://assets.shop.loblaws.ca/products/21290691/b3/en/front/21290691_front_a06_@2.png",
        "image_alt": "Cracker Barrel Light Medium Cheddar Cheese Slices, 12 units 240 g, $2.70/100g",
        "price_product_tile": "$6.49$6.49"
    },
    {
        "id": 34,
        "name": "Whipped Original Cream Cheese Product",
        "price": "227 g, $2.02/100g",
        "brand": "Philadelphia",
        "image_url": "https://assets.shop.loblaws.ca/products/20866816002/b3/en/front/20866816002_front_a06_@2.png",
        "image_alt": "Philadelphia Whipped Original Cream Cheese Product 227 g, $2.02/100g",
        "price_product_tile": "$4.59$4.59"
    },
    {
        "id": 35,
        "name": "Monterey Jack Cheese With Jalape\u00f1o",
        "price": "400 g, $1.45/100g",
        "brand": "President's Choice",
        "image_url": "https://assets.shop.loblaws.ca/products/21289763/b3/en/front/21289763_front_a06_@2.png",
        "image_alt": "President's Choice Monterey Jack Cheese With Jalape\u00f1o 400 g, $1.45/100g",
        "price_product_tile": "$5.79$5.79$6.49$6.49SAVE $0.70"
    },
    {
        "id": 36,
        "name": "Swiss Cheese Slices",
        "price": "210 g, $2.14/100g",
        "brand": "No Name",
        "image_url": "https://assets.shop.loblaws.ca/products/20742893/b3/en/front/20742893_front_a06_@2.png",
        "image_alt": "No Name Swiss Cheese Slices 210 g, $2.14/100g",
        "price_product_tile": "$4.50$4.50"
    },
    {
        "id": 37,
        "name": "Shredded Farmer's Marble Cheese",
        "price": "320 g, $1.72/100g",
        "brand": "No Name",
        "image_url": "https://assets.shop.loblaws.ca/products/21200684/b3/en/front/21200684_front_a06_@2.png",
        "image_alt": "No Name Shredded Farmer's Marble Cheese 320 g, $1.72/100g",
        "price_product_tile": "$5.49$5.49"
    },
    {
        "id": 38,
        "name": "Thick Processed Cheddar Cheese Slices",
        "price": "410 g, $0.61/100g",
        "brand": "Black Diamond",
        "image_url": "https://assets.shop.loblaws.ca/products/21278710/b3/en/front/21278710_front_a06_@2.png",
        "image_alt": "Black Diamond Thick Processed Cheddar Cheese Slices 410 g, $0.61/100g",
        "price_product_tile": "$2.49$2.49$3.89$3.89SAVE $1.40"
    },
    {
        "id": 39,
        "name": "Medium Cheddar Cheese Slices",
        "price": "230 g, $1.96/100g",
        "brand": "No Name",
        "image_url": "https://assets.shop.loblaws.ca/products/20742451/b3/en/front/20742451_front_a06_@2.png",
        "image_alt": "No Name Medium Cheddar Cheese Slices 230 g, $1.96/100g",
        "price_product_tile": "$4.50$4.50"
    },
    {
        "id": 40,
        "name": "Mozzarella and cheddar cheese stix, 22% M.F, 12 units",
        "price": "228 g, $3.07/100g",
        "brand": "Amooza",
        "image_url": "https://assets.shop.loblaws.ca/products/21403514/b3/en/front/21403514_front_a06_@2.png",
        "image_alt": "Amooza Mozzarella and cheddar cheese stix, 22% M.F, 12 units 228 g, $3.07/100g",
        "price_product_tile": "$6.99$6.99"
    },
    {
        "id": 41,
        "name": "Herb & Garlic Cream Cheese Product",
        "price": "340 g, $2.06/100g",
        "brand": "Philadelphia",
        "image_url": "https://assets.shop.loblaws.ca/products/20866929001/b3/en/front/20866929001_front_a06_@2.png",
        "image_alt": "Philadelphia Herb & Garlic Cream Cheese Product 340 g, $2.06/100g",
        "price_product_tile": "$6.99$6.99"
    },
    {
        "id": 42,
        "name": "Nordica Cottage Cheese, 2%",
        "price": "500 g, $1.06/100g",
        "brand": "Gay Lea",
        "image_url": "https://assets.shop.loblaws.ca/products/20319458001/b3/en/front/20319458001_front_a06_@2.png",
        "image_alt": "Gay Lea Nordica Cottage Cheese, 2% 500 g, $1.06/100g",
        "price_product_tile": "$5.29$5.29"
    },
    {
        "id": 43,
        "name": "Cheddar Style Slices",
        "price": "200 g, $3.00/100g",
        "brand": "Violife",
        "image_url": "https://assets.shop.loblaws.ca/products/21339330/b3/en/front/21339330_front_a06_@2.png",
        "image_alt": "Violife Cheddar Style Slices  200 g, $3.00/100g",
        "price_product_tile": "$5.99$5.99"
    },
    {
        "id": 44,
        "name": "Cream Cheese Product With Strawberries",
        "price": "227 g, $1.32/100g",
        "brand": "No Name",
        "image_url": "https://assets.shop.loblaws.ca/products/21047871/b3/en/front/21047871_front_a06_@2.png",
        "image_alt": "No Name Cream Cheese Product With Strawberries 227 g, $1.32/100g",
        "price_product_tile": "$3.00$3.00"
    },
    {
        "id": 45,
        "name": "Whipped Jalapeno Cheddar Cream Cheese Product",
        "price": "227 g, $2.02/100g",
        "brand": "Philadelphia",
        "image_url": "https://assets.shop.loblaws.ca/products/21023126/b3/en/front/21023126_front_a06_@2.png",
        "image_alt": "Philadelphia Whipped Jalapeno Cheddar Cream Cheese Product 227 g, $2.02/100g",
        "price_product_tile": "$4.59$4.59"
    },
    {
        "id": 46,
        "name": "1% M.F. Light Cottage Cheese",
        "price": "500 g, $0.80/100g",
        "brand": "No Name",
        "image_url": "https://assets.shop.loblaws.ca/products/20183991001/b3/en/front/20183991001_front_a06_@2.png",
        "image_alt": "No Name 1% M.F. Light Cottage Cheese 500 g, $0.80/100g",
        "price_product_tile": "$3.99$3.99"
    },
    {
        "id": 47,
        "name": "Paneer",
        "price": "350 g, $1.57/100g",
        "brand": "Tre Stelle",
        "image_url": "https://assets.shop.loblaws.ca/products/21099328/b3/en/front/21099328_front_a06_@2.png",
        "image_alt": "Tre Stelle Paneer 350 g, $1.57/100g",
        "price_product_tile": "$5.49$5.49"
    },
    {
        "id": 48,
        "name": "Original Light Cream Cheese Product",
        "price": "340 g, $2.06/100g",
        "brand": "Philadelphia",
        "image_url": "https://assets.shop.loblaws.ca/products/20866929003/b3/en/front/20866929003_front_a06_@2.png",
        "image_alt": "Philadelphia Original Light Cream Cheese Product 340 g, $2.06/100g",
        "price_product_tile": "$6.99$6.99"
    },
    {
        "id": 49,
        "name": "Smoke Flavoured Provolone Style Slices",
        "price": "200 g, $3.00/100g",
        "brand": "Violife",
        "image_url": "https://assets.shop.loblaws.ca/products/21339317/b3/en/front/21339317_front_a06_@2.png",
        "image_alt": "Violife Smoke Flavoured Provolone Style Slices 200 g, $3.00/100g",
        "price_product_tile": "$5.99$5.99"
    },
    {
        "id": 50,
        "name": "Cream Cheese Spread with Everything Bagel Seasoning",
        "price": "227 g, $1.32/100g",
        "brand": "No Name",
        "image_url": "https://assets.shop.loblaws.ca/products/21216994/b3/en/front/21216994_front_a06_@2.png",
        "image_alt": "No Name Cream Cheese Spread with Everything Bagel Seasoning 227 g, $1.32/100g",
        "price_product_tile": "$3.00$3.00"
    },
    {
        "id": 51,
        "name": "Lactose Free Cottage Cheese",
        "price": "450 g, $1.18/100g",
        "brand": "Gay Lea",
        "image_url": "https://assets.shop.loblaws.ca/products/21315439/b3/en/front/21315439_front_a06_@2.png",
        "image_alt": "Gay Lea Lactose Free Cottage Cheese 450 g, $1.18/100g",
        "price_product_tile": "$5.29$5.29"
    },
    {
        "id": 52,
        "name": "Mozzarella Cheese Slices, 12 units",
        "price": "240 g, $2.70/100g",
        "brand": "Cracker Barrel",
        "image_url": "https://assets.shop.loblaws.ca/products/21290682/b3/en/front/21290682_front_a06_@2.png",
        "image_alt": "Cracker Barrel Mozzarella Cheese Slices, 12 units 240 g, $2.70/100g",
        "price_product_tile": "$6.49$6.49"
    },
    {
        "id": 53,
        "name": "Mozzarella Style Shreds",
        "price": "200 g, $3.00/100g",
        "brand": "Violife",
        "image_url": "https://assets.shop.loblaws.ca/products/21591969/b3/en/front/21591969_front_a06_@2.png",
        "image_alt": "Violife Mozzarella Style Shreds 200 g, $3.00/100g",
        "price_product_tile": "$5.99$5.99"
    },
    {
        "id": 54,
        "name": "Malai Paneer 20% M.F.",
        "price": "375 g, $1.60/100g",
        "brand": "Brar's",
        "image_url": "https://assets.shop.loblaws.ca/products/20283164/b3/en/front/20283164_front_a06_@2.png",
        "image_alt": "Brar's Malai Paneer 20% M.F. 375 g, $1.60/100g",
        "price_product_tile": "$5.99$5.99"
    },
    {
        "id": 55,
        "name": "Tre Stelle Creamy Cheese Spread, Lactose Free",
        "price": "200 g, $2.40/100g",
        "brand": "Tre Stelle",
        "image_url": "https://assets.shop.loblaws.ca/products/21002993/b3/en/front/21002993_front_a06_@2.png",
        "image_alt": "Tre Stelle Tre Stelle Creamy Cheese Spread, Lactose Free 200 g, $2.40/100g",
        "price_product_tile": "$4.79$4.79"
    },
    {
        "id": 56,
        "name": "Cream Cheese Spread, Original",
        "price": "450 g, $1.29/100g",
        "brand": "No Name",
        "image_url": "https://assets.shop.loblaws.ca/products/21397475/b3/en/front/21397475_front_a06_@2.png",
        "image_alt": "No Name Cream Cheese Spread, Original 450 g, $1.29/100g",
        "price_product_tile": "$5.79$5.79"
    },
    {
        "id": 57,
        "name": "1% M.F. Light Cottage Cheese",
        "price": "500 g, $0.80/100g",
        "brand": "No Name",
        "image_url": "https://assets.shop.loblaws.ca/products/20183991001/b3/en/front/20183991001_front_a06_@2.png",
        "image_alt": "No Name 1% M.F. Light Cottage Cheese 500 g, $0.80/100g",
        "price_product_tile": "$3.99$3.99"
    },
    {
        "id": 58,
        "name": "Cheestrings Marble Cheese, 28 units",
        "price": "588 g, $2.12/100g",
        "brand": "Black Diamond",
        "image_url": "https://assets.shop.loblaws.ca/products/20765883/b3/en/front/20765883_front_a06_@2.png",
        "image_alt": "Black Diamond Cheestrings Marble Cheese, 28 units 588 g, $2.12/100g",
        "price_product_tile": "$12.49$12.49"
    },
    {
        "id": 59,
        "name": "Nordica Cottage Cheese, 2%",
        "price": "750 g, $1.04/100g",
        "brand": "Gay Lea",
        "image_url": "https://assets.shop.loblaws.ca/products/20021992002/b3/en/front/20021992002_front_a06_@2.png",
        "image_alt": "Gay Lea Nordica Cottage Cheese, 2% 750 g, $1.04/100g",
        "price_product_tile": "$7.79$7.79"
    },
    {
        "id": 60,
        "name": "Shreded Old Cheddar",
        "price": "320 g, $2.18/100g",
        "brand": "Armstrong",
        "image_url": "https://assets.shop.loblaws.ca/products/21286212/b3/en/front/21286212_front_a06_@2.png",
        "image_alt": "Armstrong Shreded Old Cheddar 320 g, $2.18/100g",
        "price_product_tile": "$6.99$6.99"
    },
    {
        "id": 61,
        "name": "Light Original Cream Cheese Product",
        "price": "227 g, $2.02/100g",
        "brand": "Philadelphia",
        "image_url": "https://assets.shop.loblaws.ca/products/20866924005/b3/en/front/20866924005_front_a06_@2.png",
        "image_alt": "Philadelphia Light Original Cream Cheese Product 227 g, $2.02/100g",
        "price_product_tile": "$4.59$4.59"
    },
    {
        "id": 62,
        "name": "Grated Cheese, 100% Parmesan",
        "price": "200 g, $3.65/100g",
        "brand": "Tre Stelle",
        "image_url": "https://assets.shop.loblaws.ca/products/20126049/b3/en/front/20126049_front_a06_@2.png",
        "image_alt": "Tre Stelle Grated Cheese, 100% Parmesan 200 g, $3.65/100g",
        "price_product_tile": "$7.29$7.29"
    },
    {
        "id": 63,
        "name": "Monterey Jack Sliced Cheese",
        "price": "210 g, $2.61/100g",
        "brand": "President's Choice",
        "image_url": "https://assets.shop.loblaws.ca/products/21406181/b3/en/front/21406181_front_a06_@2.png",
        "image_alt": "President's Choice Monterey Jack Sliced Cheese 210 g, $2.61/100g",
        "price_product_tile": "$5.49$5.49"
    },
    {
        "id": 64,
        "name": "Light Medium Cheddar Cheese",
        "price": "400 g, $1.38/100g",
        "brand": "No Name",
        "image_url": "https://assets.shop.loblaws.ca/products/21289738/b3/en/front/21289738_front_a06_@2.png",
        "image_alt": "No Name Light Medium Cheddar Cheese 400 g, $1.38/100g",
        "price_product_tile": "$5.50$5.50"
    },
    {
        "id": 65,
        "name": "Havarti Sliced Cheese",
        "price": "210 g, $2.61/100g",
        "brand": "President's Choice",
        "image_url": "https://assets.shop.loblaws.ca/products/21405953/b3/en/front/21405953_front_a06_@2.png",
        "image_alt": "President's Choice Havarti Sliced Cheese 210 g, $2.61/100g",
        "price_product_tile": "$5.49$5.49"
    },
    {
        "id": 66,
        "name": "Bar Pizza Mozzerella 28%",
        "price": "400 g, $1.95/100g",
        "brand": "Armstrong",
        "image_url": "https://assets.shop.loblaws.ca/products/21347040/b3/en/front/21347040_front_a06_@2.png",
        "image_alt": "Armstrong Bar Pizza Mozzerella 28% 400 g, $1.95/100g",
        "price_product_tile": "$7.79$7.79"
    },
    {
        "id": 67,
        "name": "Gouda Cheese",
        "price": "400 g, $1.45/100g",
        "brand": "President's Choice",
        "image_url": "https://assets.shop.loblaws.ca/products/21289708/b3/en/front/21289708_front_a06_@2.png",
        "image_alt": "President's Choice Gouda Cheese 400 g, $1.45/100g",
        "price_product_tile": "$5.79$5.79$6.49$6.49SAVE $0.70"
    },
    {
        "id": 68,
        "name": "Havarti Cheese",
        "price": "400 g, $1.45/100g",
        "brand": "President's Choice",
        "image_url": "https://assets.shop.loblaws.ca/products/21289722/b3/en/front/21289722_front_a06_@2.png",
        "image_alt": "President's Choice Havarti Cheese 400 g, $1.45/100g",
        "price_product_tile": "$5.79$5.79$6.49$6.49SAVE $0.70"
    },
    {
        "id": 69,
        "name": "Cheestrings Mozzarella Cheese, 16 units",
        "price": "336 g, $2.38/100g",
        "brand": "Black Diamond",
        "image_url": "https://assets.shop.loblaws.ca/products/20763300/b3/en/front/20763300_front_a06_@2.png",
        "image_alt": "Black Diamond Cheestrings Mozzarella Cheese, 16 units 336 g, $2.38/100g",
        "price_product_tile": "$7.99$7.99"
    },
    {
        "id": 70,
        "name": "Cheestrings Cheddar Cheese, 16 units",
        "price": "336 g, $2.38/100g",
        "brand": "Black Diamond",
        "image_url": "https://assets.shop.loblaws.ca/products/20763298/b3/en/front/20763298_front_a06_@2.png",
        "image_alt": "Black Diamond Cheestrings Cheddar Cheese, 16 units 336 g, $2.38/100g",
        "price_product_tile": "$7.99$7.99"
    },
    {
        "id": 71,
        "name": "Herb & Garlic Cheddar Cheese Slices, 11 units",
        "price": "200 g, $3.25/100g",
        "brand": "Cracker Barrel",
        "image_url": "https://assets.shop.loblaws.ca/products/21290680/b3/en/front/21290680_front_a06_@2.png",
        "image_alt": "Cracker Barrel Herb & Garlic Cheddar Cheese Slices, 11 units 200 g, $3.25/100g",
        "price_product_tile": "$6.49$6.49"
    },
    {
        "id": 72,
        "name": "Gouda Sliced Cheese",
        "price": "210 g, $2.61/100g",
        "brand": "President's Choice",
        "image_url": "https://assets.shop.loblaws.ca/products/21406184/b3/en/front/21406184_front_a06_@2.png",
        "image_alt": "President's Choice Gouda Sliced Cheese 210 g, $2.61/100g",
        "price_product_tile": "$5.49$5.49"
    },
    {
        "id": 73,
        "name": "Organic Cheese, Old Cheddar",
        "price": "200 g, $3.50/100g",
        "brand": "PC Organics",
        "image_url": "https://assets.shop.loblaws.ca/products/20324449/b3/en/front/20324449_front_a06_@2.png",
        "image_alt": "PC Organics Organic Cheese, Old Cheddar 200 g, $3.50/100g",
        "price_product_tile": "$6.99$6.99"
    },
    {
        "id": 74,
        "name": "Light Cream Cheese Spread",
        "price": "250 g, $1.84/100g",
        "brand": "Philadelphia",
        "image_url": "https://assets.shop.loblaws.ca/products/20324286002/b3/en/front/20324286002_front_a06_@2.png",
        "image_alt": "Philadelphia Light Cream Cheese Spread 250 g, $1.84/100g",
        "price_product_tile": "$4.59$4.59"
    },
    {
        "id": 75,
        "name": "Chive Whipped Cream Cheese Product",
        "price": "227 g, $2.02/100g",
        "brand": "Philadelphia",
        "image_url": "https://assets.shop.loblaws.ca/products/20866816001/b3/en/front/20866816001_front_a06_@2.png",
        "image_alt": "Philadelphia Chive Whipped Cream Cheese Product 227 g, $2.02/100g",
        "price_product_tile": "$4.59$4.59"
    },
    {
        "id": 76,
        "name": "Port Span Quesofresco Wheel",
        "price": "$2.19/100g $21.90/1kg",
        "brand": "Portuguese Cheese",
        "image_url": null,
        "image_alt": "Portuguese Cheese Port Span Quesofresco Wheel $2.19/100g $21.90/1kg",
        "price_product_tile": "about $3.94about $3.94"
    },
    {
        "id": 77,
        "name": "Cheese",
        "price": "$51.90/1kg $23.55/1lb",
        "brand": "St. Jorge",
        "image_url": "https://assets.shop.loblaws.ca/products/20007745/b3/en/front/20007745_front_a06_@2.png",
        "image_alt": "St. Jorge Cheese $51.90/1kg $23.55/1lb",
        "price_product_tile": "about $16.61about $16.61"
    },
    {
        "id": 78,
        "name": "Wedge Cheese",
        "price": "$2.29/100g $22.90/1kg",
        "brand": "Portuguese Cheese",
        "image_url": null,
        "image_alt": "Portuguese Cheese Wedge Cheese $2.29/100g $22.90/1kg",
        "price_product_tile": "about $6.32about $6.32"
    },
    {
        "id": 79,
        "name": "Port Graciosa Goat Cheese Wedge",
        "price": "$2.79/100g",
        "brand": "Portuguese Cheese",
        "image_url": "https://assets.shop.loblaws.ca/products/20067807/b3/en/front/20067807_front_a06_@2.png",
        "image_alt": "Portuguese Cheese Port Graciosa Goat Cheese Wedge $2.79/100g",
        "price_product_tile": "about $7.29about $7.29"
    },
    {
        "id": 80,
        "name": "Sour Cream Dip Nacho Queso Supreme",
        "price": "250 g, $1.60/100g",
        "brand": "Heluva",
        "image_url": "https://assets.shop.loblaws.ca/products/21505153/b3/en/front/21505153_front_a06_@2.png",
        "image_alt": "Heluva Sour Cream Dip Nacho Queso Supreme 250 g, $1.60/100g",
        "price_product_tile": "$3.99$3.99"
    },
    {
        "id": 81,
        "name": "Cheese Spread",
        "price": "230 g, $3.82/100g",
        "brand": "MacLarens",
        "image_url": "https://assets.shop.loblaws.ca/products/20769381/b3/en/front/20769381_front_a06_@2.png",
        "image_alt": "MacLarens Cheese Spread 230 g, $3.82/100g",
        "price_product_tile": "$8.79$8.79"
    },
    {
        "id": 82,
        "name": "Paneer",
        "price": "341 g, $1.76/100g",
        "brand": "Nanak",
        "image_url": "https://assets.shop.loblaws.ca/products/21286158/b3/en/front/21286158_front_a06_@2.png",
        "image_alt": "Nanak Paneer 341 g, $1.76/100g",
        "price_product_tile": "$5.99$5.99"
    },
    {
        "id": 83,
        "name": "Plant Based Coconut Cream Cheese-Style Spread",
        "price": "227 g, $1.41/100g",
        "brand": "President's Choice",
        "image_url": "https://assets.shop.loblaws.ca/products/21203935/b3/en/front/21203935_front_a06_@2.png",
        "image_alt": "President's Choice Plant Based Coconut Cream Cheese-Style Spread 227 g, $1.41/100g",
        "price_product_tile": "$3.19$3.19"
    },
    {
        "id": 84,
        "name": "Light Cream Cheese Product with Herbs & Roasted Garlic",
        "price": "227 g, $1.32/100g",
        "brand": "No Name",
        "image_url": "https://assets.shop.loblaws.ca/products/21047797/b3/en/front/21047797_front_a06_@2.png",
        "image_alt": "No Name Light Cream Cheese Product with Herbs & Roasted Garlic  227 g, $1.32/100g",
        "price_product_tile": "$3.00$3.00"
    },
    {
        "id": 85,
        "name": "Cream Cheese Spread with Herbs & Roasted Garlic",
        "price": "340 g, $1.38/100g",
        "brand": "No Name",
        "image_url": "https://assets.shop.loblaws.ca/products/20911282/b3/en/front/20911282_front_a06_@2.png",
        "image_alt": "No Name Cream Cheese Spread with Herbs & Roasted Garlic 340 g, $1.38/100g",
        "price_product_tile": "$4.69$4.69"
    },
    {
        "id": 86,
        "name": "Natural Cheese Sticks Marble Cheddar, 12 units",
        "price": "252 g, $2.97/100g",
        "brand": "Black Diamond",
        "image_url": "https://assets.shop.loblaws.ca/products/20986474/b3/en/front/20986474_front_a06_@2.png",
        "image_alt": "Black Diamond Natural Cheese Sticks Marble Cheddar, 12 units 252 g, $2.97/100g",
        "price_product_tile": "$7.49$7.49"
    },
    {
        "id": 87,
        "name": "Fat-Free Cottage Cheese",
        "price": "500 g, $0.80/100g",
        "brand": "No Name",
        "image_url": "https://assets.shop.loblaws.ca/products/20183991003/b3/en/front/20183991003_front_a06_@2.png",
        "image_alt": "No Name Fat-Free Cottage Cheese 500 g, $0.80/100g",
        "price_product_tile": "$3.99$3.99"
    },
    {
        "id": 88,
        "name": "Tre Stelle Cream Cheese Original",
        "price": "200 g, $2.40/100g",
        "brand": "Tre Stelle",
        "image_url": "https://assets.shop.loblaws.ca/products/21316018/b3/en/front/21316018_front_a06_@2.png",
        "image_alt": "Tre Stelle Tre Stelle Cream Cheese Original     200 g, $2.40/100g",
        "price_product_tile": "$4.79$4.79"
    },
    {
        "id": 89,
        "name": "Tre Stelle Cream Cheese with Herbs and Spices",
        "price": "200 g, $2.40/100g",
        "brand": "Tre Stelle",
        "image_url": "https://assets.shop.loblaws.ca/products/21177728/b3/en/front/21177728_front_a06_@2.png",
        "image_alt": "Tre Stelle Tre Stelle Cream Cheese with Herbs and Spices 200 g, $2.40/100g",
        "price_product_tile": "$4.79$4.79"
    },
    {
        "id": 90,
        "name": "Light Original Cream Cheese Product",
        "price": "227 g, $1.32/100g",
        "brand": "No Name",
        "image_url": "https://assets.shop.loblaws.ca/products/21035629/b3/en/front/21035629_front_a06_@2.png",
        "image_alt": "No Name Light Original Cream Cheese Product 227 g, $1.32/100g",
        "price_product_tile": "$3.00$3.00"
    },
    {
        "id": 91,
        "name": "Original Cream Cheese, Lactose Free",
        "price": "250 g, $2.60/100g",
        "brand": "Philadelphia",
        "image_url": "https://assets.shop.loblaws.ca/products/21314936/b3/en/front/21314936_front_a06_@2.png",
        "image_alt": "Philadelphia Original Cream Cheese, Lactose Free 250 g, $2.60/100g",
        "price_product_tile": "$6.49$6.49"
    },
    {
        "id": 92,
        "name": "Old Cheddar Light",
        "price": "400 g, $1.95/100g",
        "brand": "Armstrong",
        "image_url": "https://assets.shop.loblaws.ca/products/21347105/b3/en/front/21347105_front_a06_@2.png",
        "image_alt": "Armstrong Old Cheddar Light 400 g, $1.95/100g",
        "price_product_tile": "$7.79$7.79"
    },
    {
        "id": 93,
        "name": "Habanero Monterey Jack Cheese Slices, 11 units",
        "price": "200 g, $3.25/100g",
        "brand": "Cracker Barrel",
        "image_url": "https://assets.shop.loblaws.ca/products/21290683/b3/en/front/21290683_front_a06_@2.png",
        "image_alt": "Cracker Barrel Habanero Monterey Jack Cheese Slices, 11 units 200 g, $3.25/100g",
        "price_product_tile": "$6.49$6.49"
    },
    {
        "id": 94,
        "name": "Smoke Flavoured Cheddar Cheese",
        "price": "400 g, $1.45/100g",
        "brand": "President's Choice",
        "image_url": "https://assets.shop.loblaws.ca/products/21289577/b3/en/front/21289577_front_a06_@2.png",
        "image_alt": "President's Choice Smoke Flavoured Cheddar Cheese 400 g, $1.45/100g",
        "price_product_tile": "$5.79$5.79$6.49$6.49SAVE $0.70"
    },
    {
        "id": 95,
        "name": "Medium Cheddar Light",
        "price": "400 g, $1.95/100g",
        "brand": "Armstrong",
        "image_url": "https://assets.shop.loblaws.ca/products/21347136/b3/en/front/21347136_front_a06_@2.png",
        "image_alt": "Armstrong Medium Cheddar Light 400 g, $1.95/100g",
        "price_product_tile": "$7.79$7.79"
    },
    {
        "id": 96,
        "name": "Monterey Jack Cheese",
        "price": "400 g, $1.45/100g",
        "brand": "President's Choice",
        "image_url": "https://assets.shop.loblaws.ca/products/21289775/b3/en/front/21289775_front_a06_@2.png",
        "image_alt": "President's Choice Monterey Jack Cheese 400 g, $1.45/100g",
        "price_product_tile": "$5.79$5.79$6.49$6.49SAVE $0.70"
    },
    {
        "id": 97,
        "name": "Shredded Natural Cheese Triple Cheddar, 31 % M.F.",
        "price": "320 g, $2.18/100g",
        "brand": "Armstrong",
        "image_url": "https://assets.shop.loblaws.ca/products/21286215/b3/en/front/21286215_front_a06_@2.png",
        "image_alt": "Armstrong Shredded Natural Cheese Triple Cheddar, 31 % M.F. 320 g, $2.18/100g",
        "price_product_tile": "$6.99$6.99"
    },
    {
        "id": 98,
        "name": "Mixed Berry Whipped Cream Cheese Product",
        "price": "227 g, $2.02/100g",
        "brand": "Philadelphia",
        "image_url": "https://assets.shop.loblaws.ca/products/20866971/b3/en/front/20866971_front_a06_@2.png",
        "image_alt": "Philadelphia Mixed Berry Whipped Cream Cheese Product 227 g, $2.02/100g",
        "price_product_tile": "$4.59$4.59"
    },
    {
        "id": 99,
        "name": "Fat Free Processed Cheddar Cheese Slices, 22 units",
        "price": "410 g, $0.61/100g",
        "brand": "Black Diamond",
        "image_url": "https://assets.shop.loblaws.ca/products/21278720/b3/en/front/21278720_front_a06_@2.png",
        "image_alt": "Black Diamond Fat Free Processed Cheddar Cheese Slices, 22 units  410 g, $0.61/100g",
        "price_product_tile": "$2.49$2.49$3.89$3.89SAVE $1.40"
    },
    {
        "id": 100,
        "name": "Processed Light Cheddar Cheese Slices, 22 units",
        "price": "410 g, $0.61/100g",
        "brand": "Black Diamond",
        "image_url": "https://assets.shop.loblaws.ca/products/21278703/b3/en/front/21278703_front_a06_@2.png",
        "image_alt": "Black Diamond Processed Light Cheddar Cheese Slices, 22 units 410 g, $0.61/100g",
        "price_product_tile": "$2.49$2.49$3.89$3.89SAVE $1.40"
    },
    {
        "id": 101,
        "name": "Light Marble Cheddar Cheese",
        "price": "200 g, $1.80/100g",
        "brand": "No Name",
        "image_url": "https://assets.shop.loblaws.ca/products/20298441001/b3/en/front/20298441001_front_a06_@2.png",
        "image_alt": "No Name Light Marble Cheddar Cheese 200 g, $1.80/100g",
        "price_product_tile": "$3.59$3.59"
    },
    {
        "id": 102,
        "name": "Cheddar Flavour Processed Cheese Product Thick Slices",
        "price": "400 g, $0.97/100g",
        "brand": "No Name",
        "image_url": "https://assets.shop.loblaws.ca/products/21221009/b3/en/front/21221009_front_a06_@2.png",
        "image_alt": "No Name Cheddar Flavour Processed Cheese Product Thick Slices 400 g, $0.97/100g",
        "price_product_tile": "$3.89$3.89"
    },
    {
        "id": 103,
        "name": "Mozzarella 100% Real Cheese Slices",
        "price": "230 g, $1.96/100g",
        "brand": "No Name",
        "image_url": "https://assets.shop.loblaws.ca/products/20742372/b3/en/front/20742372_front_a06_@2.png",
        "image_alt": "No Name Mozzarella 100% Real Cheese Slices  230 g, $1.96/100g",
        "price_product_tile": "$4.50$4.50"
    },
    {
        "id": 104,
        "name": "Medium Cheddar Cheese",
        "price": "200 g, $1.80/100g",
        "brand": "No Name",
        "image_url": "https://assets.shop.loblaws.ca/products/20316127/b3/en/front/20316127_front_a06_@2.png",
        "image_alt": "No Name Medium Cheddar Cheese 200 g, $1.80/100g",
        "price_product_tile": "$3.59$3.59"
    },
    {
        "id": 105,
        "name": "Pizza Mozzarella Cheese",
        "price": "200 g, $1.80/100g",
        "brand": "No Name",
        "image_url": "https://assets.shop.loblaws.ca/products/20329874/b3/en/front/20329874_front_a06_@2.png",
        "image_alt": "No Name Pizza Mozzarella Cheese 200 g, $1.80/100g",
        "price_product_tile": "$3.59$3.59"
    },
    {
        "id": 106,
        "name": "Light Medium Cheddar Cheese",
        "price": "200 g, $1.80/100g",
        "brand": "No Name",
        "image_url": "https://assets.shop.loblaws.ca/products/20307399/b3/en/front/20307399_front_a06_@2.png",
        "image_alt": "No Name Light Medium Cheddar Cheese 200 g, $1.80/100g",
        "price_product_tile": "$3.59$3.59"
    },
    {
        "id": 107,
        "name": "Shredded Mozzarella Cheese",
        "price": "900 g, $1.67/100g",
        "brand": "No Name",
        "image_url": "https://assets.shop.loblaws.ca/products/20317943/b3/en/front/20317943_front_a06_@2.png",
        "image_alt": "No Name Shredded Mozzarella Cheese 900 g, $1.67/100g",
        "price_product_tile": "$14.99$14.99"
    },
    {
        "id": 108,
        "name": "Stringable Cheese Marble",
        "price": "336 g, $2.32/100g",
        "brand": "No Name",
        "image_url": "https://assets.shop.loblaws.ca/products/20765349/b3/en/front/20765349_front_a06_@2.png",
        "image_alt": "No Name Stringable Cheese Marble 336 g, $2.32/100g",
        "price_product_tile": "$7.79$7.79"
    },
    {
        "id": 109,
        "name": "Lactose Free Sour Cream",
        "price": "450 ml, $0.71/100ml",
        "brand": "Gay Lea",
        "image_url": "https://assets.shop.loblaws.ca/products/21315430/b3/en/front/21315430_front_a06_@2.png",
        "image_alt": "Gay Lea Lactose Free Sour Cream 450 ml, $0.71/100ml",
        "price_product_tile": "$3.19$3.19"
    },
    {
        "id": 110,
        "name": "2% M.F. Cottage Cheese",
        "price": "750 g, $0.71/100g",
        "brand": "No Name",
        "image_url": "https://assets.shop.loblaws.ca/products/20823988/b3/en/front/20823988_front_a06_@2.png",
        "image_alt": "No Name 2% M.F. Cottage Cheese  750 g, $0.71/100g",
        "price_product_tile": "$5.29$5.29"
    },
    {
        "id": 111,
        "name": "Shredded Nacho Cheese Blend",
        "price": "900 g, $1.67/100g",
        "brand": "No Name",
        "image_url": "https://assets.shop.loblaws.ca/products/20142980/b3/en/front/20142980_front_a06_@2.png",
        "image_alt": "No Name Shredded Nacho Cheese Blend 900 g, $1.67/100g",
        "price_product_tile": "$14.99$14.99"
    },
    {
        "id": 112,
        "name": "Nordica On-The-Go Cottage Cheese, Plain",
        "price": "4x113.0 g, $1.33/100g",
        "brand": "Gay Lea",
        "image_url": "https://assets.shop.loblaws.ca/products/20317107002/b3/en/front/20317107002_front_a06_@2.png",
        "image_alt": "Gay Lea Nordica On-The-Go Cottage Cheese, Plain 4x113.0 g, $1.33/100g",
        "price_product_tile": "$5.99$5.99"
    },
    {
        "id": 113,
        "name": "Pasteurized Light Cream Cheese Spread",
        "price": "250 g, $1.20/100g",
        "brand": "No Name",
        "image_url": "https://assets.shop.loblaws.ca/products/20308105002/b3/en/front/20308105002_front_a06_@2.png",
        "image_alt": "No Name Pasteurized Light Cream Cheese Spread 250 g, $1.20/100g",
        "price_product_tile": "$3.00$3.00"
    },
    {
        "id": 114,
        "name": "Organic Cheese, Marble Cheddar",
        "price": "200 g, $3.50/100g",
        "brand": "PC Organics",
        "image_url": "https://assets.shop.loblaws.ca/products/20320775001/b3/en/front/20320775001_front_a06_@2.png",
        "image_alt": "PC Organics Organic Cheese, Marble Cheddar 200 g, $3.50/100g",
        "price_product_tile": "$6.99$6.99"
    },
    {
        "id": 115,
        "name": "Mozzarella cheddar Shredded Cheese",
        "price": "320 g, $1.81/100g",
        "brand": "Cracker Barrel",
        "image_url": "https://assets.shop.loblaws.ca/products/21290620/b3/en/front/21290620_front_a06_@2.png",
        "image_alt": "Cracker Barrel Mozzarella cheddar Shredded Cheese 320 g, $1.81/100g",
        "price_product_tile": "$5.79$5.79$7.49$7.49SAVE $1.70"
    },
    {
        "id": 116,
        "name": "Lactose Free Old Yellow Cheddar Cheese",
        "price": "400 g, $1.45/100g",
        "brand": "President's Choice",
        "image_url": "https://assets.shop.loblaws.ca/products/21289645/b3/en/front/21289645_front_a06_@2.png",
        "image_alt": "President's Choice Lactose Free Old Yellow Cheddar Cheese 400 g, $1.45/100g",
        "price_product_tile": "$5.79$5.79$6.49$6.49SAVE $0.70"
    },
    {
        "id": 117,
        "name": "Shredded Cheese Parmesan 27% M.F.",
        "price": "0.2 kg, $5.00/100g",
        "brand": "Kraft",
        "image_url": "https://assets.shop.loblaws.ca/products/21529152/b3/en/front/21529152_front_a06_@2.png",
        "image_alt": "Kraft Shredded Cheese Parmesan 27% M.F. 0.2 kg, $5.00/100g",
        "price_product_tile": "$9.99$9.99"
    },
    {
        "id": 118,
        "name": "Medium cheddar natural cheese sticks, 12 units",
        "price": "252 g, $2.97/100g",
        "brand": "Black Diamond",
        "image_url": "https://assets.shop.loblaws.ca/products/20986479/b3/en/front/20986479_front_a06_@2.png",
        "image_alt": "Black Diamond Medium cheddar natural cheese sticks, 12 units 252 g, $2.97/100g",
        "price_product_tile": "$7.49$7.49"
    },
    {
        "id": 119,
        "name": "Light Cream Cheese",
        "price": "450 g, $1.78/100g",
        "brand": "Philadelphia",
        "image_url": "https://assets.shop.loblaws.ca/products/20866923002/b3/en/front/20866923002_front_a06_@2.png",
        "image_alt": "Philadelphia Light Cream Cheese 450 g, $1.78/100g",
        "price_product_tile": "$7.99$7.99"
    },
    {
        "id": 120,
        "name": "Cheddar Cheese with Habanero",
        "price": "400 g, $1.45/100g",
        "brand": "President's Choice",
        "image_url": "https://assets.shop.loblaws.ca/products/21289756/b3/en/front/21289756_front_a06_@2.png",
        "image_alt": "President's Choice Cheddar Cheese with Habanero 400 g, $1.45/100g",
        "price_product_tile": "$5.79$5.79$6.49$6.49SAVE $0.70"
    },
    {
        "id": 121,
        "name": "Marble Cheddar Cheese Light",
        "price": "400 g, $1.38/100g",
        "brand": "No Name",
        "image_url": "https://assets.shop.loblaws.ca/products/21289734/b3/en/front/21289734_front_a06_@2.png",
        "image_alt": "No Name Marble Cheddar Cheese Light 400 g, $1.38/100g",
        "price_product_tile": "$5.50$5.50"
    },
    {
        "id": 122,
        "name": "Light Cream Cheese Spread, Original",
        "price": "450 g, $1.29/100g",
        "brand": "No Name",
        "image_url": "https://assets.shop.loblaws.ca/products/21397192/b3/en/front/21397192_front_a06_@2.png",
        "image_alt": "No Name Light Cream Cheese Spread, Original 450 g, $1.29/100g",
        "price_product_tile": "$5.79$5.79"
    },
    {
        "id": 123,
        "name": "Shredded Natural Cheese Pizza Mozzarella",
        "price": "320 g, $2.18/100g",
        "brand": "Armstrong",
        "image_url": "https://assets.shop.loblaws.ca/products/21286208/b3/en/front/21286208_front_a06_@2.png",
        "image_alt": "Armstrong Shredded Natural Cheese Pizza Mozzarella 320 g, $2.18/100g",
        "price_product_tile": "$6.99$6.99"
    },
    {
        "id": 124,
        "name": "Old Cheddar Cheese Slices",
        "price": "210 g, $2.14/100g",
        "brand": "No Name",
        "image_url": "https://assets.shop.loblaws.ca/products/20742858/b3/en/front/20742858_front_a06_@2.png",
        "image_alt": "No Name Old Cheddar Cheese Slices  210 g, $2.14/100g",
        "price_product_tile": "$4.50$4.50"
    },
    {
        "id": 125,
        "name": "Old Cheddar Cheese",
        "price": "200 g, $1.80/100g",
        "brand": "No Name",
        "image_url": "https://assets.shop.loblaws.ca/products/20305854/b3/en/front/20305854_front_a06_@2.png",
        "image_alt": "No Name Old Cheddar Cheese 200 g, $1.80/100g",
        "price_product_tile": "$3.59$3.59"
    },
    {
        "id": 126,
        "name": "Fresh Cow Cheese",
        "price": "500 g, $1.76/100g",
        "brand": "Portuguese Cheese",
        "image_url": "https://assets.shop.loblaws.ca/products/20075967/b3/en/front/20075967_front_a06_@2.png",
        "image_alt": "Portuguese Cheese Fresh Cow Cheese 500 g, $1.76/100g",
        "price_product_tile": "$8.79$8.79"
    },
    {
        "id": 127,
        "name": "Topo Cheese",
        "price": "$44.90/1kg $20.37/1lb",
        "brand": "St. Jorge",
        "image_url": "https://assets.shop.loblaws.ca/products/20114860/b3/en/front/20114860_front_a06_@2.png",
        "image_alt": "St. Jorge Topo Cheese $44.90/1kg $20.37/1lb",
        "price_product_tile": "about $13.47about $13.47"
    },
    {
        "id": 128,
        "name": "Serra Semi Soft Cheese",
        "price": "$2.19/100g $21.90/1kg",
        "brand": "Portuguese Cheese",
        "image_url": "https://assets.shop.loblaws.ca/products/20127219/b3/en/front/20127219_front_a06_@2.png",
        "image_alt": "Portuguese Cheese Serra Semi Soft Cheese $2.19/100g $21.90/1kg",
        "price_product_tile": "about $10.82about $10.82"
    },
    {
        "id": 129,
        "name": "Processed Mozarella Cheese Slices, 22 units",
        "price": "410 g, $0.61/100g",
        "brand": "Black Diamond",
        "image_url": "https://assets.shop.loblaws.ca/products/21278776/b3/en/front/21278776_front_a06_@2.png",
        "image_alt": "Black Diamond Processed Mozarella Cheese Slices, 22 units 410 g, $0.61/100g",
        "price_product_tile": "$2.49$2.49$3.89$3.89SAVE $1.40"
    },
    {
        "id": 130,
        "name": "Nacho Cheese Blend Shredded Mild Light 20% M.F.",
        "price": "320 g, $1.72/100g",
        "brand": "No Name",
        "image_url": "https://assets.shop.loblaws.ca/products/21060189/b3/en/front/21060189_front_a06_@2.png",
        "image_alt": "No Name Nacho Cheese Blend Shredded Mild Light 20% M.F. 320 g, $1.72/100g",
        "price_product_tile": "$5.49$5.49"
    },
    {
        "id": 131,
        "name": "Light Herb & Garlic Cream Cheese",
        "price": "227 g, $2.02/100g",
        "brand": "Philadelphia",
        "image_url": "https://assets.shop.loblaws.ca/products/20866924006/b3/en/front/20866924006_front_a06_@2.png",
        "image_alt": "Philadelphia Light Herb & Garlic Cream Cheese 227 g, $2.02/100g",
        "price_product_tile": "$4.59$4.59"
    },
    {
        "id": 132,
        "name": "Lactose-Free Marble Cheese Sticks, 9 units",
        "price": "189 g, $3.96/100g",
        "brand": "Black Diamond",
        "image_url": "https://assets.shop.loblaws.ca/products/21537373/b3/en/front/21537373_front_a06_@2.png",
        "image_alt": "Black Diamond Lactose-Free Marble Cheese Sticks, 9 units 189 g, $3.96/100g",
        "price_product_tile": "$7.49$7.49"
    },
    {
        "id": 133,
        "name": "Cream Cheese Spread",
        "price": "227 g, $1.32/100g",
        "brand": "No Name",
        "image_url": "https://assets.shop.loblaws.ca/products/21036106/b3/en/front/21036106_front_a06_@2.png",
        "image_alt": "No Name Cream Cheese Spread  227 g, $1.32/100g",
        "price_product_tile": "$3.00$3.00"
    },
    {
        "id": 134,
        "name": "Lactose Free Plain Cream Cheese",
        "price": "250 g, $1.56/100g",
        "brand": "President's Choice",
        "image_url": "https://assets.shop.loblaws.ca/products/21184727/b3/en/front/21184727_front_a06_@2.png",
        "image_alt": "President's Choice Lactose Free Plain Cream Cheese  250 g, $1.56/100g",
        "price_product_tile": "$3.89$3.89"
    },
    {
        "id": 135,
        "name": "Original Cream Cheese Product",
        "price": "450 g, $1.78/100g",
        "brand": "Philadelphia",
        "image_url": "https://assets.shop.loblaws.ca/products/20866923001/b3/en/front/20866923001_front_a06_@2.png",
        "image_alt": "Philadelphia Original Cream Cheese Product 450 g, $1.78/100g",
        "price_product_tile": "$7.99$7.99"
    },
    {
        "id": 136,
        "name": "Shredded Part Skimmed Mozzarella",
        "price": "320 g, $1.72/100g",
        "brand": "No Name",
        "image_url": "https://assets.shop.loblaws.ca/products/21060319/b3/en/front/21060319_front_a06_@2.png",
        "image_alt": "No Name Shredded Part Skimmed Mozzarella 320 g, $1.72/100g",
        "price_product_tile": "$5.49$5.49"
    },
    {
        "id": 137,
        "name": "Low Fat 3 % M.F. Sour Cream",
        "price": "250 ml, $1.04/100ml",
        "brand": "Gay Lea",
        "image_url": "https://assets.shop.loblaws.ca/products/21315484/b3/en/front/21315484_front_a06_@2.png",
        "image_alt": "Gay Lea Low Fat 3 % M.F. Sour Cream 250 ml, $1.04/100ml",
        "price_product_tile": "$2.59$2.59"
    },
    {
        "id": 138,
        "name": "Lactose Free Nacho Shredded Cheese Blend",
        "price": "320 g, $1.97/100g",
        "brand": "President's Choice",
        "image_url": "https://assets.shop.loblaws.ca/products/21475500/b3/en/front/21475500_front_a06_@2.png",
        "image_alt": "President's Choice Lactose Free Nacho Shredded Cheese Blend 320 g, $1.97/100g",
        "price_product_tile": "$6.29$6.29"
    },
    {
        "id": 139,
        "name": "Shredded Cheddar & Monterey Jack Cheese Blend",
        "price": "900 g, $1.67/100g",
        "brand": "No Name",
        "image_url": "https://assets.shop.loblaws.ca/products/20309769/b3/en/front/20309769_front_a06_@2.png",
        "image_alt": "No Name Shredded Cheddar & Monterey Jack Cheese Blend 900 g, $1.67/100g",
        "price_product_tile": "$14.99$14.99"
    },
    {
        "id": 140,
        "name": "Original Cream Cheese Spread",
        "price": "340 g, $1.38/100g",
        "brand": "No Name",
        "image_url": "https://assets.shop.loblaws.ca/products/20911023/b3/en/front/20911023_front_a06_@2.png",
        "image_alt": "No Name Original Cream Cheese Spread  340 g, $1.38/100g",
        "price_product_tile": "$4.69$4.69"
    },
    {
        "id": 141,
        "name": "1% M.F. Cottage Cheese",
        "price": "750 g, $0.71/100g",
        "brand": "No Name",
        "image_url": "https://assets.shop.loblaws.ca/products/20833357/b3/en/front/20833357_front_a06_@2.png",
        "image_alt": "No Name 1% M.F. Cottage Cheese 750 g, $0.71/100g",
        "price_product_tile": "$5.29$5.29"
    },
    {
        "id": 142,
        "name": "Light Grated Parmesan Cheese 23% M.F.",
        "price": "250 g, $3.12/100g",
        "brand": "Kraft",
        "image_url": "https://assets.shop.loblaws.ca/products/21528156/b3/en/front/21528156_front_a06_@2.png",
        "image_alt": "Kraft Light Grated Parmesan Cheese 23% M.F. 250 g, $3.12/100g",
        "price_product_tile": "$7.79$7.79"
    },
    {
        "id": 143,
        "name": "Mature Cheddar Style Slices",
        "price": "200 g, $3.00/100g",
        "brand": "Violife",
        "image_url": "https://assets.shop.loblaws.ca/products/21339319/b3/en/front/21339319_front_a06_@2.png",
        "image_alt": "Violife Mature Cheddar Style Slices 200 g, $3.00/100g",
        "price_product_tile": "$5.99$5.99"
    },
    {
        "id": 144,
        "name": "Cheddar Style Shreds",
        "price": "200 g, $3.00/100g",
        "brand": "Violife",
        "image_url": "https://assets.shop.loblaws.ca/products/21592030/b3/en/front/21592030_front_a06_@2.png",
        "image_alt": "Violife Cheddar Style Shreds 200 g, $3.00/100g",
        "price_product_tile": "$5.99$5.99"
    },
    {
        "id": 145,
        "name": "Light Grated Parmesan Cheese 23% M.F.",
        "price": "250 g, $3.12/100g",
        "brand": "Kraft",
        "image_url": "https://assets.shop.loblaws.ca/products/21528156/b3/en/front/21528156_front_a06_@2.png",
        "image_alt": "Kraft Light Grated Parmesan Cheese 23% M.F. 250 g, $3.12/100g",
        "price_product_tile": "$7.79$7.79"
    },
    {
        "id": 146,
        "name": "Nordica Cottage Cheese, Light 1%",
        "price": "500 g, $1.06/100g",
        "brand": "Gay Lea",
        "image_url": "https://assets.shop.loblaws.ca/products/20319458003/b3/en/front/20319458003_front_a06_@2.png",
        "image_alt": "Gay Lea Nordica Cottage Cheese, Light 1% 500 g, $1.06/100g",
        "price_product_tile": "$5.29$5.29"
    },
    {
        "id": 147,
        "name": "Original Cream Cheese",
        "price": "227 g, $2.86/100g",
        "brand": "Philadelphia",
        "image_url": "https://assets.shop.loblaws.ca/products/21314933/b3/en/front/21314933_front_a06_@2.png",
        "image_alt": "Philadelphia Original Cream Cheese 227 g, $2.86/100g",
        "price_product_tile": "$6.49$6.49"
    },
    {
        "id": 148,
        "name": "Shredded Cheddar & Monterey Jack Cheese Blend",
        "price": "900 g, $1.67/100g",
        "brand": "No Name",
        "image_url": "https://assets.shop.loblaws.ca/products/20309769/b3/en/front/20309769_front_a06_@2.png",
        "image_alt": "No Name Shredded Cheddar & Monterey Jack Cheese Blend 900 g, $1.67/100g",
        "price_product_tile": "$14.99$14.99"
    },
    {
        "id": 149,
        "name": "Cheddar Flavour Processed Cheese Product Slices",
        "price": "800 g, $1.06/100g",
        "brand": "No Name",
        "image_url": "https://assets.shop.loblaws.ca/products/21221013/b3/en/front/21221013_front_a06_@2.png",
        "image_alt": "No Name Cheddar Flavour Processed Cheese Product Slices 800 g, $1.06/100g",
        "price_product_tile": "$8.49$8.49"
    },
    {
        "id": 150,
        "name": "Shredded Natural Cheese Tex Mex",
        "price": "320 g, $2.18/100g",
        "brand": "Armstrong",
        "image_url": "https://assets.shop.loblaws.ca/products/21286240/b3/en/front/21286240_front_a06_@2.png",
        "image_alt": "Armstrong Shredded Natural Cheese Tex Mex 320 g, $2.18/100g",
        "price_product_tile": "$6.99$6.99"
    },
    {
        "id": 151,
        "name": "Light Part Skim Mozzarella Cheese",
        "price": "400 g, $1.38/100g",
        "brand": "No Name",
        "image_url": "https://assets.shop.loblaws.ca/products/21289706/b3/en/front/21289706_front_a06_@2.png",
        "image_alt": "No Name Light Part Skim Mozzarella Cheese 400 g, $1.38/100g",
        "price_product_tile": "$5.50$5.50"
    },
    {
        "id": 152,
        "name": "Cheestrings Marble Lactose-Free Cheese, 12 units",
        "price": "252 g, $3.17/100g",
        "brand": "Black Diamond",
        "image_url": "https://assets.shop.loblaws.ca/products/21041750/b3/en/front/21041750_front_a06_@2.png",
        "image_alt": "Black Diamond Cheestrings Marble Lactose-Free Cheese, 12 units 252 g, $3.17/100g",
        "price_product_tile": "$7.99$7.99"
    },
    {
        "id": 153,
        "name": "Mild Cheddar Cheese",
        "price": "400 g, $1.38/100g",
        "brand": "No Name",
        "image_url": "https://assets.shop.loblaws.ca/products/21289765/b3/en/front/21289765_front_a06_@2.png",
        "image_alt": "No Name Mild Cheddar Cheese 400 g, $1.38/100g",
        "price_product_tile": "$5.50$5.50"
    },
    {
        "id": 154,
        "name": "Medium Cheddar Cheese",
        "price": "400 g, $1.95/100g",
        "brand": "Armstrong",
        "image_url": "https://assets.shop.loblaws.ca/products/21347244/b3/en/front/21347244_front_a06_@2.png",
        "image_alt": "Armstrong Medium Cheddar Cheese 400 g, $1.95/100g",
        "price_product_tile": "$7.79$7.79"
    },
    {
        "id": 155,
        "name": "Singles Original Slices, 44 Slices",
        "price": "825 g, $0.88/100g",
        "brand": "Kraft",
        "image_url": "https://assets.shop.loblaws.ca/products/21188312/b3/en/front/21188312_front_a06_@2.png",
        "image_alt": "Kraft Singles Original Slices, 44 Slices 825 g, $0.88/100g",
        "price_product_tile": "$7.29$7.29$10.99$10.99SAVE $3.70"
    },
    {
        "id": 156,
        "name": "Farmer's Marble Cheese",
        "price": "200 g, $1.80/100g",
        "brand": "No Name",
        "image_url": "https://assets.shop.loblaws.ca/products/20331973/b3/en/front/20331973_front_a06_@2.png",
        "image_alt": "No Name Farmer's Marble Cheese  200 g, $1.80/100g",
        "price_product_tile": "$3.59$3.59"
    },
    {
        "id": 157,
        "name": "Old Cheddar Cheese, Cashews & Cranberries Combo, 3 units",
        "price": "127.6 g, $4.30/100g",
        "brand": "Black Diamond",
        "image_url": "https://assets.shop.loblaws.ca/products/21208897/b3/en/front/21208897_front_a06_@2.png",
        "image_alt": "Black Diamond Old Cheddar Cheese, Cashews & Cranberries Combo, 3 units 127.6 g, $4.30/100g",
        "price_product_tile": "$5.49$5.49"
    },
    {
        "id": 158,
        "name": "Smoked Salmon Cream Cheese Product",
        "price": "227 g, $2.02/100g",
        "brand": "Philadelphia",
        "image_url": "https://assets.shop.loblaws.ca/products/20866924001/b3/en/front/20866924001_front_a06_@2.png",
        "image_alt": "Philadelphia Smoked Salmon Cream Cheese Product 227 g, $2.02/100g",
        "price_product_tile": "$4.59$4.59"
    },
    {
        "id": 159,
        "name": "Fresh Goat Cheese",
        "price": "350 g, $2.45/100g",
        "brand": "Portuguese Cheese",
        "image_url": "https://assets.shop.loblaws.ca/products/20123686/b3/en/front/20123686_front_a06_@2.png",
        "image_alt": "Portuguese Cheese Fresh Goat Cheese 350 g, $2.45/100g",
        "price_product_tile": "$8.59$8.59"
    },
    {
        "id": 160,
        "name": "Port Span Quesofresco Wedge (By Weight)",
        "price": "$2.29/100g $22.90/1kg",
        "brand": "Portuguese Cheese",
        "image_url": "https://assets.shop.loblaws.ca/products/20046700/b3/en/front/20046700_front_a06_@2.png",
        "image_alt": "Portuguese Cheese Port Span Quesofresco Wedge (By Weight) $2.29/100g $22.90/1kg",
        "price_product_tile": "about $7.33about $7.33"
    },
    {
        "id": 161,
        "name": "Queijo do Pico",
        "price": "$21.90/1kg",
        "brand": "Portuguese Cheese",
        "image_url": null,
        "image_alt": "Portuguese Cheese Queijo do Pico $21.90/1kg",
        "price_product_tile": "$21.90$21.90"
    },
    {
        "id": 162,
        "name": "Montreal Steak Spice Seasoned Pizza Mozzarella and Cheddar Cheese Blend",
        "price": "320 g, $1.97/100g",
        "brand": "President's Choice",
        "image_url": "https://assets.shop.loblaws.ca/products/21575868/b3/en/front/21575868_front_a06_@2.png",
        "image_alt": "President's Choice Montreal Steak Spice Seasoned Pizza Mozzarella and Cheddar Cheese Blend 320 g, $1.97/100g",
        "price_product_tile": "$6.29$6.29"
    },
    {
        "id": 163,
        "name": "Shredded Marble Farmer's Cheese",
        "price": "900 g, $1.67/100g",
        "brand": "No Name",
        "image_url": "https://assets.shop.loblaws.ca/products/21200683/b3/en/front/21200683_front_a06_@2.png",
        "image_alt": "No Name Shredded Marble Farmer's Cheese 900 g, $1.67/100g",
        "price_product_tile": "$14.99$14.99"
    },
    {
        "id": 164,
        "name": "Pizza Mozzarella and Cheddar Shredded Cheese Blend",
        "price": "320 g, $1.97/100g",
        "brand": "President's Choice",
        "image_url": "https://assets.shop.loblaws.ca/products/21475493/b3/en/front/21475493_front_a06_@2.png",
        "image_alt": "President's Choice Pizza Mozzarella and Cheddar Shredded Cheese Blend 320 g, $1.97/100g",
        "price_product_tile": "$6.29$6.29"
    },
    {
        "id": 165,
        "name": "Nordica Cottage Cheese, Creamed 4%",
        "price": "500 g, $1.06/100g",
        "brand": "Gay Lea",
        "image_url": "https://assets.shop.loblaws.ca/products/20319458002/b3/en/front/20319458002_front_a06_@2.png",
        "image_alt": "Gay Lea Nordica Cottage Cheese, Creamed 4% 500 g, $1.06/100g",
        "price_product_tile": "$5.29$5.29"
    },
    {
        "id": 166,
        "name": "Light Original Cream Cheese Spread",
        "price": "340 g, $1.38/100g",
        "brand": "No Name",
        "image_url": "https://assets.shop.loblaws.ca/products/20911060/b3/en/front/20911060_front_a06_@2.png",
        "image_alt": "No Name Light Original Cream Cheese Spread 340 g, $1.38/100g",
        "price_product_tile": "$4.69$4.69"
    },
    {
        "id": 167,
        "name": "Non-Melting Cheese Paneer 20% M.F.",
        "price": "300 g, $1.33/100g",
        "brand": "Happy Dairy",
        "image_url": "https://assets.shop.loblaws.ca/products/21343632/b3/en/front/21343632_front_a06_@2.png",
        "image_alt": "Happy Dairy Non-Melting Cheese Paneer 20% M.F. 300 g, $1.33/100g",
        "price_product_tile": "$4.00$4.00"
    },
    {
        "id": 168,
        "name": "Nordica Cottage Cheese, Fat Free",
        "price": "500 g, $1.06/100g",
        "brand": "Gay Lea",
        "image_url": "https://assets.shop.loblaws.ca/products/20166239001/b3/en/front/20166239001_front_a06_@2.png",
        "image_alt": "Gay Lea Nordica Cottage Cheese, Fat Free 500 g, $1.06/100g",
        "price_product_tile": "$5.29$5.29"
    },
    {
        "id": 169,
        "name": "Cream Cheese Product With Jalape\u00f1o",
        "price": "227 g, $1.32/100g",
        "brand": "No Name",
        "image_url": "https://assets.shop.loblaws.ca/products/21047867/b3/en/front/21047867_front_a06_@2.png",
        "image_alt": "No Name Cream Cheese Product With Jalape\u00f1o  227 g, $1.32/100g",
        "price_product_tile": "$3.00$3.00"
    },
    {
        "id": 170,
        "name": "Port Salut Cheese",
        "price": "150 g, $4.46/100g",
        "brand": "Balderson",
        "image_url": "https://assets.shop.loblaws.ca/products/20007160/b3/en/front/20007160_front_a06_@2.png",
        "image_alt": "Balderson Port Salut Cheese 150 g, $4.46/100g",
        "price_product_tile": "$6.69$6.69"
    },
    {
        "id": 171,
        "name": "Cream Cheese Spread with Herbs & Roasted Garlic",
        "price": "227 g, $1.32/100g",
        "brand": "No Name",
        "image_url": "https://assets.shop.loblaws.ca/products/21035622/b3/en/front/21035622_front_a06_@2.png",
        "image_alt": "No Name Cream Cheese Spread with Herbs & Roasted Garlic 227 g, $1.32/100g",
        "price_product_tile": "$3.00$3.00"
    },
    {
        "id": 172,
        "name": "Marble Cheddar Cheese, Almonds & Cranberries Combo, 3 units",
        "price": "127.6 g, $4.30/100g",
        "brand": "Black Diamond",
        "image_url": "https://assets.shop.loblaws.ca/products/21208641/b3/en/front/21208641_front_a06_@2.png",
        "image_alt": "Black Diamond Marble Cheddar Cheese, Almonds & Cranberries Combo, 3 units 127.6 g, $4.30/100g",
        "price_product_tile": "$5.49$5.49"
    },
    {
        "id": 173,
        "name": "Pizza Mozz Light 18%",
        "price": "400 g, $1.95/100g",
        "brand": "Armstrong",
        "image_url": "https://assets.shop.loblaws.ca/products/21347152/b3/en/front/21347152_front_a06_@2.png",
        "image_alt": "Armstrong Pizza Mozz Light 18% 400 g, $1.95/100g",
        "price_product_tile": "$7.79$7.79"
    },
    {
        "id": 174,
        "name": "Marble Cheddar Light",
        "price": "400 g, $1.95/100g",
        "brand": "Armstrong",
        "image_url": "https://assets.shop.loblaws.ca/products/21347070/b3/en/front/21347070_front_a06_@2.png",
        "image_alt": "Armstrong Marble Cheddar Light 400 g, $1.95/100g",
        "price_product_tile": "$7.79$7.79"
    },
    {
        "id": 175,
        "name": "Marble Cheddar",
        "price": "400 g, $1.95/100g",
        "brand": "Armstrong",
        "image_url": "https://assets.shop.loblaws.ca/products/21346749/b3/en/front/21346749_front_a06_@2.png",
        "image_alt": "Armstrong Marble Cheddar 400 g, $1.95/100g",
        "price_product_tile": "$7.79$7.79"
    },
    {
        "id": 176,
        "name": "Processed Cheese Loaf",
        "price": "450 g, $2.18/100g",
        "brand": "Kraft",
        "image_url": "https://assets.shop.loblaws.ca/products/20076573/b3/en/front/20076573_front_a06_@2.png",
        "image_alt": "Kraft Processed Cheese Loaf 450 g, $2.18/100g",
        "price_product_tile": "$9.79$9.79"
    },
    {
        "id": 177,
        "name": "Cheese, Cheddar with Jalape\u00f1o Mexican Fiesta 31 % M.F. 400 g",
        "price": "400 g, $1.95/100g",
        "brand": "Armstrong",
        "image_url": "https://assets.shop.loblaws.ca/products/21346690/b3/en/front/21346690_front_a06_@2.png",
        "image_alt": "Armstrong Cheese, Cheddar with Jalape\u00f1o Mexican Fiesta 31 % M.F. 400 g 400 g, $1.95/100g",
        "price_product_tile": "$7.79$7.79"
    },
    {
        "id": 178,
        "name": "Mozzarellissima",
        "price": "500 g, $1.96/100g",
        "brand": "Saputo",
        "image_url": "https://assets.shop.loblaws.ca/products/21023058/b3/en/front/21023058_front_a06_@2.png",
        "image_alt": "Saputo Mozzarellissima 500 g, $1.96/100g",
        "price_product_tile": "$9.79$9.79"
    },
    {
        "id": 179,
        "name": "Singles Original Light",
        "price": "410 g, $1.41/100g",
        "brand": "Kraft",
        "image_url": "https://assets.shop.loblaws.ca/products/21188390/b3/en/front/21188390_front_a06_@2.png",
        "image_alt": "Kraft Singles Original Light 410 g, $1.41/100g",
        "price_product_tile": "$5.79$5.79"
    },
    {
        "id": 180,
        "name": "Medium Cheddar Cheese",
        "price": "400 g, $1.38/100g",
        "brand": "No Name",
        "image_url": "https://assets.shop.loblaws.ca/products/21289764/b3/en/front/21289764_front_a06_@2.png",
        "image_alt": "No Name Medium Cheddar Cheese 400 g, $1.38/100g",
        "price_product_tile": "$5.50$5.50"
    },
    {
        "id": 181,
        "name": "Strawberry Cream Cheese Product",
        "price": "227 g, $2.02/100g",
        "brand": "Philadelphia",
        "image_url": "https://assets.shop.loblaws.ca/products/20867073004/b3/en/front/20867073004_front_a06_@2.png",
        "image_alt": "Philadelphia Strawberry Cream Cheese Product 227 g, $2.02/100g",
        "price_product_tile": "$4.59$4.59"
    },
    {
        "id": 182,
        "name": "Cheddar Flavour Processed Cheese Product Slices",
        "price": "400 g, $0.97/100g",
        "brand": "No Name",
        "image_url": "https://assets.shop.loblaws.ca/products/21220995/b3/en/front/21220995_front_a06_@2.png",
        "image_alt": "No Name Cheddar Flavour Processed Cheese Product Slices 400 g, $0.97/100g",
        "price_product_tile": "$3.89$3.89"
    },
    {
        "id": 183,
        "name": "Bar Old Cheddar",
        "price": "400 g, $1.95/100g",
        "brand": "Armstrong",
        "image_url": "https://assets.shop.loblaws.ca/products/21346757/b3/en/front/21346757_front_a06_@2.png",
        "image_alt": "Armstrong Bar Old Cheddar 400 g, $1.95/100g",
        "price_product_tile": "$7.79$7.79"
    },
    {
        "id": 184,
        "name": "Old Cheddar Cheese, Light",
        "price": "400 g, $1.38/100g",
        "brand": "No Name",
        "image_url": "https://assets.shop.loblaws.ca/products/21289729/b3/en/front/21289729_front_a06_@2.png",
        "image_alt": "No Name Old Cheddar Cheese, Light 400 g, $1.38/100g",
        "price_product_tile": "$5.50$5.50"
    },
    {
        "id": 185,
        "name": "Naturally Lactose-Free Swiss Cheese",
        "price": "300 g, $1.93/100g",
        "brand": "President's Choice",
        "image_url": "https://assets.shop.loblaws.ca/products/20922823/b3/en/front/20922823_front_a06_@2.png",
        "image_alt": "President's Choice Naturally Lactose-Free Swiss Cheese  300 g, $1.93/100g",
        "price_product_tile": "$5.79$5.79$6.49$6.49SAVE $0.70"
    }
]