<div data-testid="product-grid" class="css-epcqr3"><div class="css-0"><div class="css-f5i5wc"><div class="chakra-linkbox css-vhnn8v"><div data-testid="product-image" class="css-16dr4ly"><img alt="President's Choice Hummus  227 g, $1.32/100g" src="https://assets.shop.loblaws.ca/products/20584097/b3/en/front/20584097_front_a06_@2.png" srcset="https://assets.shop.loblaws.ca/products/20584097/b3/en/front/20584097_front_a06_@2.png 1x, https://assets.shop.loblaws.ca/products/20584097/b3/en/front/20584097_front_a06_@2.png 2x" loading="lazy" class="chakra-image css-oguq8l" aria-hidden="true"></div><div class="css-qoklea"><div class="css-12dchmx"></div><div data-testid="price-product-tile" class="css-8atqhb"><p class="chakra-text css-0"><span class="chakra-text css-o93gbd" data-testid="sale-price"><span class="css-idkz9h">$2.99</span>$2.99</span><span class="chakra-text css-623q5h" data-testid="was-price"><span class="css-idkz9h">$3.49</span>$3.49</span></p><p class="chakra-text css-1m5a6y8" data-testid="price-descriptor">SAVE $0.50</p></div><a href="/hummus/p/20584097_EA?source=nspt" class="chakra-linkbox__overlay css-1hnz6hu"><div class="css-0"><p class="chakra-text css-1ecdp9w" data-testid="product-brand">President's Choice</p><h3 class="chakra-heading css-6qrhwc" id="20584097_EA" data-testid="product-title">Hummus </h3><p class="chakra-text css-1yftjin" data-testid="product-package-size">227 g, $1.32/100g</p></div></a><div class="css-8keand"></div></div><div class="css-1q5omjq"><div class="css-fcebb8"><div data-testid="atc-compact" class="css-y94ivq" style="width: 45px;"><button type="button" class="chakra-button css-mudsm6" data-testid="atc-button"><svg stroke="currentColor" fill="currentColor" stroke-width="0" viewBox="0 0 24 24" focusable="false" class="chakra-icon css-1g3sp7a" data-testid="btn-icon" aria-hidden="true" height="1em" width="1em" xmlns="http://www.w3.org/2000/svg"><path d="M19 13h-6v6h-2v-6H5v-2h6V5h2v6h6v2z"></path></svg><span class="css-idkz9h">Add Hummus  to cart</span></button></div></div></div></div></div></div><div class="css-0"><div class="css-f5i5wc"><div class="chakra-linkbox css-vhnn8v"><div data-testid="product-image" class="css-16dr4ly"><img alt="President's Choice Roasted Garlic Hummus Chickpea Dip &amp; Spread 227 g, $1.32/100g" src="https://assets.shop.loblaws.ca/products/20584212/b3/en/front/20584212_front_a06_@2.png" srcset="https://assets.shop.loblaws.ca/products/20584212/b3/en/front/20584212_front_a06_@2.png 1x, https://assets.shop.loblaws.ca/products/20584212/b3/en/front/20584212_front_a06_@2.png 2x" loading="lazy" class="chakra-image css-oguq8l" aria-hidden="true"></div><div class="css-qoklea"><div class="css-12dchmx"></div><div data-testid="price-product-tile" class="css-8atqhb"><p class="chakra-text css-0"><span class="chakra-text css-o93gbd" data-testid="sale-price"><span class="css-idkz9h">$2.99</span>$2.99</span><span class="chakra-text css-623q5h" data-testid="was-price"><span class="css-idkz9h">$3.49</span>$3.49</span></p><p class="chakra-text css-1m5a6y8" data-testid="price-descriptor">SAVE $0.50</p></div><a href="/roasted-garlic-hummus-chickpea-dip-spread/p/20584212_EA?source=nspt" class="chakra-linkbox__overlay css-1hnz6hu"><div class="css-0"><p class="chakra-text css-1ecdp9w" data-testid="product-brand">President's Choice</p><h3 class="chakra-heading css-6qrhwc" id="20584212_EA" data-testid="product-title">Roasted Garlic Hummus Chickpea Dip &amp; Spread</h3><p class="chakra-text css-1yftjin" data-testid="product-package-size">227 g, $1.32/100g</p></div></a><div class="css-8keand"></div></div><div class="css-1q5omjq"><div class="css-fcebb8"><div data-testid="atc-compact" class="css-y94ivq" style="width: 45px;"><button type="button" class="chakra-button css-mudsm6" data-testid="atc-button"><svg stroke="currentColor" fill="currentColor" stroke-width="0" viewBox="0 0 24 24" focusable="false" class="chakra-icon css-1g3sp7a" data-testid="btn-icon" aria-hidden="true" height="1em" width="1em" xmlns="http://www.w3.org/2000/svg"><path d="M19 13h-6v6h-2v-6H5v-2h6V5h2v6h6v2z"></path></svg><span class="css-idkz9h">Add Roasted Garlic Hummus Chickpea Dip &amp; Spread to cart</span></button></div></div></div></div></div></div><div class="css-0"><div class="css-f5i5wc"><div class="chakra-linkbox css-vhnn8v"><div data-testid="product-image" class="css-16dr4ly"><img alt="President's Choice Tzatziki Yogurt Dip&nbsp;&nbsp; 227 g, $1.32/100g" src="https://assets.shop.loblaws.ca/products/20574522/b3/en/front/20574522_front_a06_@2.png" srcset="https://assets.shop.loblaws.ca/products/20574522/b3/en/front/20574522_front_a06_@2.png 1x, https://assets.shop.loblaws.ca/products/20574522/b3/en/front/20574522_front_a06_@2.png 2x" loading="lazy" class="chakra-image css-oguq8l" aria-hidden="true"></div><div class="css-qoklea"><div class="css-12dchmx"></div><div data-testid="price-product-tile" class="css-8atqhb"><p class="chakra-text css-0"><span class="chakra-text css-o93gbd" data-testid="sale-price"><span class="css-idkz9h">$2.99</span>$2.99</span><span class="chakra-text css-623q5h" data-testid="was-price"><span class="css-idkz9h">$3.49</span>$3.49</span></p><p class="chakra-text css-1m5a6y8" data-testid="price-descriptor">SAVE $0.50</p></div><a href="/tzatziki-yogurt-dip/p/20574522_EA?source=nspt" class="chakra-linkbox__overlay css-1hnz6hu"><div class="css-0"><p class="chakra-text css-1ecdp9w" data-testid="product-brand">President's Choice</p><h3 class="chakra-heading css-6qrhwc" id="20574522_EA" data-testid="product-title">Tzatziki Yogurt Dip&nbsp;&nbsp;</h3><p class="chakra-text css-1yftjin" data-testid="product-package-size">227 g, $1.32/100g</p></div></a><div class="css-8keand"></div></div><div class="css-1q5omjq"><div class="css-fcebb8"><div data-testid="atc-compact" class="css-y94ivq" style="width: 45px;"><button type="button" class="chakra-button css-mudsm6" data-testid="atc-button"><svg stroke="currentColor" fill="currentColor" stroke-width="0" viewBox="0 0 24 24" focusable="false" class="chakra-icon css-1g3sp7a" data-testid="btn-icon" aria-hidden="true" height="1em" width="1em" xmlns="http://www.w3.org/2000/svg"><path d="M19 13h-6v6h-2v-6H5v-2h6V5h2v6h6v2z"></path></svg><span class="css-idkz9h">Add Tzatziki Yogurt Dip&nbsp;&nbsp; to cart</span></button></div></div></div></div></div></div><div class="css-0"><div class="css-f5i5wc"><div class="chakra-linkbox css-vhnn8v"><div data-testid="product-image" class="css-16dr4ly"><img alt="President's Choice Hummus Chickpea Dip And Spread 454 g, $1.43/100g" src="https://assets.shop.loblaws.ca/products/20584098/b3/en/front/20584098_front_a06_@2.png" srcset="https://assets.shop.loblaws.ca/products/20584098/b3/en/front/20584098_front_a06_@2.png 1x, https://assets.shop.loblaws.ca/products/20584098/b3/en/front/20584098_front_a06_@2.png 2x" loading="lazy" class="chakra-image css-oguq8l" aria-hidden="true"></div><div class="css-qoklea"><div class="css-12dchmx"></div><div data-testid="price-product-tile" class="css-8atqhb"><p class="chakra-text css-0"><span class="chakra-text css-pwnbcb" data-testid="regular-price"><span class="css-idkz9h">$6.49</span>$6.49</span></p></div><a href="/hummus-chickpea-dip-and-spread/p/20584098_EA?source=nspt" class="chakra-linkbox__overlay css-1hnz6hu"><div class="css-0"><p class="chakra-text css-1ecdp9w" data-testid="product-brand">President's Choice</p><h3 class="chakra-heading css-6qrhwc" id="20584098_EA" data-testid="product-title">Hummus Chickpea Dip And Spread</h3><p class="chakra-text css-1yftjin" data-testid="product-package-size">454 g, $1.43/100g</p></div></a><div class="css-8keand"></div></div><div class="css-1q5omjq"><div class="css-fcebb8"><div data-testid="atc-compact" class="css-y94ivq" style="width: 45px;"><button type="button" class="chakra-button css-mudsm6" data-testid="atc-button"><svg stroke="currentColor" fill="currentColor" stroke-width="0" viewBox="0 0 24 24" focusable="false" class="chakra-icon css-1g3sp7a" data-testid="btn-icon" aria-hidden="true" height="1em" width="1em" xmlns="http://www.w3.org/2000/svg"><path d="M19 13h-6v6h-2v-6H5v-2h6V5h2v6h6v2z"></path></svg><span class="css-idkz9h">Add Hummus Chickpea Dip And Spread to cart</span></button></div></div></div></div></div></div><div class="css-0"><div class="css-f5i5wc"><div class="chakra-linkbox css-vhnn8v"><div data-testid="product-image" class="css-16dr4ly"><img alt="President's Choice Traditional Tzatziki Yogurt Dip 454 g, $1.43/100g" src="https://assets.shop.loblaws.ca/products/20584001/b3/en/front/20584001_front_a06_@2.png" srcset="https://assets.shop.loblaws.ca/products/20584001/b3/en/front/20584001_front_a06_@2.png 1x, https://assets.shop.loblaws.ca/products/20584001/b3/en/front/20584001_front_a06_@2.png 2x" loading="lazy" class="chakra-image css-oguq8l" aria-hidden="true"></div><div class="css-qoklea"><div class="css-12dchmx"></div><div data-testid="price-product-tile" class="css-8atqhb"><p class="chakra-text css-0"><span class="chakra-text css-pwnbcb" data-testid="regular-price"><span class="css-idkz9h">$6.49</span>$6.49</span></p></div><a href="/traditional-tzatziki-yogurt-dip/p/20584001_EA?source=nspt" class="chakra-linkbox__overlay css-1hnz6hu"><div class="css-0"><p class="chakra-text css-1ecdp9w" data-testid="product-brand">President's Choice</p><h3 class="chakra-heading css-6qrhwc" id="20584001_EA" data-testid="product-title">Traditional Tzatziki Yogurt Dip</h3><p class="chakra-text css-1yftjin" data-testid="product-package-size">454 g, $1.43/100g</p></div></a><div class="css-8keand"></div></div><div class="css-1q5omjq"><div class="css-fcebb8"><div data-testid="atc-compact" class="css-y94ivq" style="width: 45px;"><button type="button" class="chakra-button css-mudsm6" data-testid="atc-button"><svg stroke="currentColor" fill="currentColor" stroke-width="0" viewBox="0 0 24 24" focusable="false" class="chakra-icon css-1g3sp7a" data-testid="btn-icon" aria-hidden="true" height="1em" width="1em" xmlns="http://www.w3.org/2000/svg"><path d="M19 13h-6v6h-2v-6H5v-2h6V5h2v6h6v2z"></path></svg><span class="css-idkz9h">Add Traditional Tzatziki Yogurt Dip to cart</span></button></div></div></div></div></div></div><div class="css-0"><div class="css-f5i5wc"><div class="chakra-linkbox css-vhnn8v"><div data-testid="product-image" class="css-16dr4ly"><img alt="President's Choice Roasted Red Pepper Dip 227 g, $1.32/100g" src="https://assets.shop.loblaws.ca/products/20584005/b3/en/front/20584005_front_a06_@2.png" srcset="https://assets.shop.loblaws.ca/products/20584005/b3/en/front/20584005_front_a06_@2.png 1x, https://assets.shop.loblaws.ca/products/20584005/b3/en/front/20584005_front_a06_@2.png 2x" loading="lazy" class="chakra-image css-oguq8l" aria-hidden="true"></div><div class="css-qoklea"><div class="css-12dchmx"></div><div data-testid="price-product-tile" class="css-8atqhb"><p class="chakra-text css-0"><span class="chakra-text css-o93gbd" data-testid="sale-price"><span class="css-idkz9h">$2.99</span>$2.99</span><span class="chakra-text css-623q5h" data-testid="was-price"><span class="css-idkz9h">$3.49</span>$3.49</span></p><p class="chakra-text css-1m5a6y8" data-testid="price-descriptor">SAVE $0.50</p></div><a href="/roasted-red-pepper-dip/p/20584005_EA?source=nspt" class="chakra-linkbox__overlay css-1hnz6hu"><div class="css-0"><p class="chakra-text css-1ecdp9w" data-testid="product-brand">President's Choice</p><h3 class="chakra-heading css-6qrhwc" id="20584005_EA" data-testid="product-title">Roasted Red Pepper Dip</h3><p class="chakra-text css-1yftjin" data-testid="product-package-size">227 g, $1.32/100g</p></div></a><div class="css-8keand"></div></div><div class="css-1q5omjq"><div class="css-fcebb8"><div data-testid="atc-compact" class="css-y94ivq" style="width: 45px;"><button type="button" class="chakra-button css-mudsm6" data-testid="atc-button"><svg stroke="currentColor" fill="currentColor" stroke-width="0" viewBox="0 0 24 24" focusable="false" class="chakra-icon css-1g3sp7a" data-testid="btn-icon" aria-hidden="true" height="1em" width="1em" xmlns="http://www.w3.org/2000/svg"><path d="M19 13h-6v6h-2v-6H5v-2h6V5h2v6h6v2z"></path></svg><span class="css-idkz9h">Add Roasted Red Pepper Dip to cart</span></button></div></div></div></div></div></div><div class="css-0"><div class="css-f5i5wc"><div class="chakra-linkbox css-vhnn8v"><div data-testid="product-image" class="css-16dr4ly"><img alt="President's Choice Artichoke &amp; Asiago Dip 227 g, $1.32/100g" src="https://assets.shop.loblaws.ca/products/20584040/b3/en/front/20584040_front_a06_@2.png" srcset="https://assets.shop.loblaws.ca/products/20584040/b3/en/front/20584040_front_a06_@2.png 1x, https://assets.shop.loblaws.ca/products/20584040/b3/en/front/20584040_front_a06_@2.png 2x" loading="lazy" class="chakra-image css-oguq8l" aria-hidden="true"></div><div class="css-qoklea"><div class="css-12dchmx"></div><div data-testid="price-product-tile" class="css-8atqhb"><p class="chakra-text css-0"><span class="chakra-text css-o93gbd" data-testid="sale-price"><span class="css-idkz9h">$2.99</span>$2.99</span><span class="chakra-text css-623q5h" data-testid="was-price"><span class="css-idkz9h">$3.49</span>$3.49</span></p><p class="chakra-text css-1m5a6y8" data-testid="price-descriptor">SAVE $0.50</p></div><a href="/artichoke-asiago-dip/p/20584040_EA?source=nspt" class="chakra-linkbox__overlay css-1hnz6hu"><div class="css-0"><p class="chakra-text css-1ecdp9w" data-testid="product-brand">President's Choice</p><h3 class="chakra-heading css-6qrhwc" id="20584040_EA" data-testid="product-title">Artichoke &amp; Asiago Dip</h3><p class="chakra-text css-1yftjin" data-testid="product-package-size">227 g, $1.32/100g</p></div></a><div class="css-8keand"></div></div><div class="css-1q5omjq"><div class="css-fcebb8"><div data-testid="atc-compact" class="css-y94ivq" style="width: 45px;"><button type="button" class="chakra-button css-mudsm6" data-testid="atc-button"><svg stroke="currentColor" fill="currentColor" stroke-width="0" viewBox="0 0 24 24" focusable="false" class="chakra-icon css-1g3sp7a" data-testid="btn-icon" aria-hidden="true" height="1em" width="1em" xmlns="http://www.w3.org/2000/svg"><path d="M19 13h-6v6h-2v-6H5v-2h6V5h2v6h6v2z"></path></svg><span class="css-idkz9h">Add Artichoke &amp; Asiago Dip to cart</span></button></div></div></div></div></div></div><div class="css-0"><div class="css-f5i5wc"><div class="chakra-linkbox css-vhnn8v"><div data-testid="product-image" class="css-16dr4ly"><img alt="President's Choice Spinach Dip 227 g, $1.32/100g" src="https://assets.shop.loblaws.ca/products/20584012/b3/en/front/20584012_front_a06_@2.png" srcset="https://assets.shop.loblaws.ca/products/20584012/b3/en/front/20584012_front_a06_@2.png 1x, https://assets.shop.loblaws.ca/products/20584012/b3/en/front/20584012_front_a06_@2.png 2x" loading="lazy" class="chakra-image css-oguq8l" aria-hidden="true"></div><div class="css-qoklea"><div class="css-12dchmx"></div><div data-testid="price-product-tile" class="css-8atqhb"><p class="chakra-text css-0"><span class="chakra-text css-o93gbd" data-testid="sale-price"><span class="css-idkz9h">$2.99</span>$2.99</span><span class="chakra-text css-623q5h" data-testid="was-price"><span class="css-idkz9h">$3.49</span>$3.49</span></p><p class="chakra-text css-1m5a6y8" data-testid="price-descriptor">SAVE $0.50</p></div><a href="/spinach-dip/p/20584012_EA?source=nspt" class="chakra-linkbox__overlay css-1hnz6hu"><div class="css-0"><p class="chakra-text css-1ecdp9w" data-testid="product-brand">President's Choice</p><h3 class="chakra-heading css-6qrhwc" id="20584012_EA" data-testid="product-title">Spinach Dip</h3><p class="chakra-text css-1yftjin" data-testid="product-package-size">227 g, $1.32/100g</p></div></a><div class="css-8keand"></div></div><div class="css-1q5omjq"><div class="css-fcebb8"><div data-testid="atc-compact" class="css-y94ivq" style="width: 45px;"><button type="button" class="chakra-button css-mudsm6" data-testid="atc-button"><svg stroke="currentColor" fill="currentColor" stroke-width="0" viewBox="0 0 24 24" focusable="false" class="chakra-icon css-1g3sp7a" data-testid="btn-icon" aria-hidden="true" height="1em" width="1em" xmlns="http://www.w3.org/2000/svg"><path d="M19 13h-6v6h-2v-6H5v-2h6V5h2v6h6v2z"></path></svg><span class="css-idkz9h">Add Spinach Dip to cart</span></button></div></div></div></div></div></div><div class="css-0"><div class="css-f5i5wc"><div class="chakra-linkbox css-vhnn8v"><div data-testid="product-image" class="css-16dr4ly"><img alt="President's Choice Everything Bagel Hummus 227 g, $1.32/100g" src="https://assets.shop.loblaws.ca/products/21474403/b3/en/front/21474403_front_a06_@2.png" srcset="https://assets.shop.loblaws.ca/products/21474403/b3/en/front/21474403_front_a06_@2.png 1x, https://assets.shop.loblaws.ca/products/21474403/b3/en/front/21474403_front_a06_@2.png 2x" loading="lazy" class="chakra-image css-oguq8l" aria-hidden="true"></div><div class="css-qoklea"><div class="css-12dchmx"></div><div data-testid="price-product-tile" class="css-8atqhb"><p class="chakra-text css-0"><span class="chakra-text css-o93gbd" data-testid="sale-price"><span class="css-idkz9h">$2.99</span>$2.99</span><span class="chakra-text css-623q5h" data-testid="was-price"><span class="css-idkz9h">$3.49</span>$3.49</span></p><p class="chakra-text css-1m5a6y8" data-testid="price-descriptor">SAVE $0.50</p></div><a href="/everything-bagel-hummus/p/21474403_EA?source=nspt" class="chakra-linkbox__overlay css-1hnz6hu"><div class="css-0"><p class="chakra-text css-1ecdp9w" data-testid="product-brand">President's Choice</p><h3 class="chakra-heading css-6qrhwc" id="21474403_EA" data-testid="product-title">Everything Bagel Hummus</h3><p class="chakra-text css-1yftjin" data-testid="product-package-size">227 g, $1.32/100g</p></div></a><div class="css-8keand"></div></div><div class="css-1q5omjq"><div class="css-fcebb8"><div data-testid="atc-compact" class="css-y94ivq" style="width: 45px;"><button type="button" class="chakra-button css-mudsm6" data-testid="atc-button"><svg stroke="currentColor" fill="currentColor" stroke-width="0" viewBox="0 0 24 24" focusable="false" class="chakra-icon css-1g3sp7a" data-testid="btn-icon" aria-hidden="true" height="1em" width="1em" xmlns="http://www.w3.org/2000/svg"><path d="M19 13h-6v6h-2v-6H5v-2h6V5h2v6h6v2z"></path></svg><span class="css-idkz9h">Add Everything Bagel Hummus to cart</span></button></div></div></div></div></div></div><div class="css-0"><div class="css-f5i5wc"><div class="chakra-linkbox css-vhnn8v"><div data-testid="product-image" class="css-16dr4ly"><img alt="President's Choice Garlic Toum Dip 200 g, $2.25/100g" src="https://assets.shop.loblaws.ca/products/21588774/b3/en/front/21588774_front_a06_@2.png" srcset="https://assets.shop.loblaws.ca/products/21588774/b3/en/front/21588774_front_a06_@2.png 1x, https://assets.shop.loblaws.ca/products/21588774/b3/en/front/21588774_front_a06_@2.png 2x" loading="lazy" class="chakra-image css-oguq8l" aria-hidden="true"></div><div class="css-qoklea"><div class="css-12dchmx"><div class="chakra-badge css-34x0wr" data-testid="product-badge"><div class="css-u4p24i">New</div></div></div><div data-testid="price-product-tile" class="css-8atqhb"><p class="chakra-text css-0"><span class="chakra-text css-pwnbcb" data-testid="regular-price"><span class="css-idkz9h">$4.49</span>$4.49</span></p></div><a href="/garlic-toum-dip/p/21588774_EA?source=nspt" class="chakra-linkbox__overlay css-1hnz6hu"><div class="css-0"><p class="chakra-text css-1ecdp9w" data-testid="product-brand">President's Choice</p><h3 class="chakra-heading css-6qrhwc" id="21588774_EA" data-testid="product-title">Garlic Toum Dip</h3><p class="chakra-text css-1yftjin" data-testid="product-package-size">200 g, $2.25/100g</p></div></a><div class="css-8keand"></div></div><div class="css-1q5omjq"><div class="css-fcebb8"><div data-testid="atc-compact" class="css-y94ivq" style="width: 45px;"><button type="button" class="chakra-button css-mudsm6" data-testid="atc-button"><svg stroke="currentColor" fill="currentColor" stroke-width="0" viewBox="0 0 24 24" focusable="false" class="chakra-icon css-1g3sp7a" data-testid="btn-icon" aria-hidden="true" height="1em" width="1em" xmlns="http://www.w3.org/2000/svg"><path d="M19 13h-6v6h-2v-6H5v-2h6V5h2v6h6v2z"></path></svg><span class="css-idkz9h">Add Garlic Toum Dip to cart</span></button></div></div></div></div></div></div><div class="css-0"><div class="css-f5i5wc"><div class="chakra-linkbox css-vhnn8v"><div data-testid="product-image" class="css-16dr4ly"><img alt="President's Choice Pico De Gallo Mild Salsa 300 g, $2.00/100g" src="https://assets.shop.loblaws.ca/products/20959575/b3/en/front/20959575_front_a06_@2.png" srcset="https://assets.shop.loblaws.ca/products/20959575/b3/en/front/20959575_front_a06_@2.png 1x, https://assets.shop.loblaws.ca/products/20959575/b3/en/front/20959575_front_a06_@2.png 2x" loading="lazy" class="chakra-image css-oguq8l" aria-hidden="true"></div><div class="css-qoklea"><div class="css-12dchmx"></div><div data-testid="price-product-tile" class="css-8atqhb"><p class="chakra-text css-0"><span class="chakra-text css-pwnbcb" data-testid="regular-price"><span class="css-idkz9h">$5.99</span>$5.99</span></p></div><a href="/pico-de-gallo-mild-salsa/p/20959575_EA?source=nspt" class="chakra-linkbox__overlay css-1hnz6hu"><div class="css-0"><p class="chakra-text css-1ecdp9w" data-testid="product-brand">President's Choice</p><h3 class="chakra-heading css-6qrhwc" id="20959575_EA" data-testid="product-title">Pico De Gallo Mild Salsa</h3><p class="chakra-text css-1yftjin" data-testid="product-package-size">300 g, $2.00/100g</p></div></a><div class="css-8keand"></div></div><div class="css-1q5omjq"><div class="css-fcebb8"><div data-testid="atc-compact" class="css-y94ivq" style="width: 45px;"><button type="button" class="chakra-button css-mudsm6" data-testid="atc-button"><svg stroke="currentColor" fill="currentColor" stroke-width="0" viewBox="0 0 24 24" focusable="false" class="chakra-icon css-1g3sp7a" data-testid="btn-icon" aria-hidden="true" height="1em" width="1em" xmlns="http://www.w3.org/2000/svg"><path d="M19 13h-6v6h-2v-6H5v-2h6V5h2v6h6v2z"></path></svg><span class="css-idkz9h">Add Pico De Gallo Mild Salsa to cart</span></button></div></div></div></div></div></div><div class="css-0"><div class="css-f5i5wc"><div class="chakra-linkbox css-vhnn8v"><div data-testid="product-image" class="css-16dr4ly"><img alt="President's Choice Roasted Garlic Hummus 454 g, $1.43/100g" src="https://assets.shop.loblaws.ca/products/20584213/b3/en/front/20584213_front_a06_@2.png" srcset="https://assets.shop.loblaws.ca/products/20584213/b3/en/front/20584213_front_a06_@2.png 1x, https://assets.shop.loblaws.ca/products/20584213/b3/en/front/20584213_front_a06_@2.png 2x" loading="lazy" class="chakra-image css-oguq8l" aria-hidden="true"></div><div class="css-qoklea"><div class="css-12dchmx"></div><div data-testid="price-product-tile" class="css-8atqhb"><p class="chakra-text css-0"><span class="chakra-text css-pwnbcb" data-testid="regular-price"><span class="css-idkz9h">$6.49</span>$6.49</span></p></div><a href="/roasted-garlic-hummus/p/20584213_EA?source=nspt" class="chakra-linkbox__overlay css-1hnz6hu"><div class="css-0"><p class="chakra-text css-1ecdp9w" data-testid="product-brand">President's Choice</p><h3 class="chakra-heading css-6qrhwc" id="20584213_EA" data-testid="product-title">Roasted Garlic Hummus</h3><p class="chakra-text css-1yftjin" data-testid="product-package-size">454 g, $1.43/100g</p></div></a><div class="css-8keand"></div></div><div class="css-1q5omjq"><div class="css-fcebb8"><div data-testid="atc-compact" class="css-y94ivq" style="width: 45px;"><button type="button" class="chakra-button css-mudsm6" data-testid="atc-button"><svg stroke="currentColor" fill="currentColor" stroke-width="0" viewBox="0 0 24 24" focusable="false" class="chakra-icon css-1g3sp7a" data-testid="btn-icon" aria-hidden="true" height="1em" width="1em" xmlns="http://www.w3.org/2000/svg"><path d="M19 13h-6v6h-2v-6H5v-2h6V5h2v6h6v2z"></path></svg><span class="css-idkz9h">Add Roasted Garlic Hummus to cart</span></button></div></div></div></div></div></div><div class="css-0"><div class="css-f5i5wc"><div class="chakra-linkbox css-vhnn8v"><div data-testid="product-image" class="css-16dr4ly"><img alt="PC Blue Menu Tzatziki 227 g, $1.32/100g" src="https://assets.shop.loblaws.ca/products/20583408/b3/en/front/20583408_front_a06_@2.png" srcset="https://assets.shop.loblaws.ca/products/20583408/b3/en/front/20583408_front_a06_@2.png 1x, https://assets.shop.loblaws.ca/products/20583408/b3/en/front/20583408_front_a06_@2.png 2x" loading="lazy" class="chakra-image css-oguq8l" aria-hidden="true"></div><div class="css-qoklea"><div class="css-12dchmx"></div><div data-testid="price-product-tile" class="css-8atqhb"><p class="chakra-text css-0"><span class="chakra-text css-o93gbd" data-testid="sale-price"><span class="css-idkz9h">$2.99</span>$2.99</span><span class="chakra-text css-623q5h" data-testid="was-price"><span class="css-idkz9h">$3.49</span>$3.49</span></p><p class="chakra-text css-1m5a6y8" data-testid="price-descriptor">SAVE $0.50</p></div><a href="/tzatziki/p/20583408_EA?source=nspt" class="chakra-linkbox__overlay css-1hnz6hu"><div class="css-0"><p class="chakra-text css-1ecdp9w" data-testid="product-brand">PC Blue Menu</p><h3 class="chakra-heading css-6qrhwc" id="20583408_EA" data-testid="product-title">Tzatziki</h3><p class="chakra-text css-1yftjin" data-testid="product-package-size">227 g, $1.32/100g</p></div></a><div class="css-8keand"></div></div><div class="css-1q5omjq"><div class="css-fcebb8"><div data-testid="atc-compact" class="css-y94ivq" style="width: 45px;"><button type="button" class="chakra-button css-mudsm6" data-testid="atc-button"><svg stroke="currentColor" fill="currentColor" stroke-width="0" viewBox="0 0 24 24" focusable="false" class="chakra-icon css-1g3sp7a" data-testid="btn-icon" aria-hidden="true" height="1em" width="1em" xmlns="http://www.w3.org/2000/svg"><path d="M19 13h-6v6h-2v-6H5v-2h6V5h2v6h6v2z"></path></svg><span class="css-idkz9h">Add Tzatziki to cart</span></button></div></div></div></div></div></div><div class="css-0"><div class="css-f5i5wc"><div class="chakra-linkbox css-vhnn8v"><div data-testid="product-image" class="css-16dr4ly"><img alt="Sabra Classic hummus      283 g, $1.76/100g" src="https://assets.shop.loblaws.ca/products/20005858/b3/en/front/20005858_front_a06_@2.png" srcset="https://assets.shop.loblaws.ca/products/20005858/b3/en/front/20005858_front_a06_@2.png 1x, https://assets.shop.loblaws.ca/products/20005858/b3/en/front/20005858_front_a06_@2.png 2x" loading="lazy" class="chakra-image css-oguq8l" aria-hidden="true"></div><div class="css-qoklea"><div class="css-12dchmx"></div><div data-testid="price-product-tile" class="css-8atqhb"><p class="chakra-text css-0"><span class="chakra-text css-pwnbcb" data-testid="regular-price"><span class="css-idkz9h">$4.99</span>$4.99</span></p></div><a href="/classic-hummus/p/20005858_EA?source=nspt" class="chakra-linkbox__overlay css-1hnz6hu"><div class="css-0"><p class="chakra-text css-1ecdp9w" data-testid="product-brand">Sabra</p><h3 class="chakra-heading css-6qrhwc" id="20005858_EA" data-testid="product-title">Classic hummus     </h3><p class="chakra-text css-1yftjin" data-testid="product-package-size">283 g, $1.76/100g</p></div></a><div class="css-8keand"></div></div><div class="css-1q5omjq"><div class="css-fcebb8"><div data-testid="atc-compact" class="css-y94ivq" style="width: 45px;"><button type="button" class="chakra-button css-mudsm6" data-testid="atc-button"><svg stroke="currentColor" fill="currentColor" stroke-width="0" viewBox="0 0 24 24" focusable="false" class="chakra-icon css-1g3sp7a" data-testid="btn-icon" aria-hidden="true" height="1em" width="1em" xmlns="http://www.w3.org/2000/svg"><path d="M19 13h-6v6h-2v-6H5v-2h6V5h2v6h6v2z"></path></svg><span class="css-idkz9h">Add Classic hummus      to cart</span></button></div></div></div></div></div></div><div class="css-0"><div class="css-f5i5wc"><div class="chakra-linkbox css-vhnn8v"><div data-testid="product-image" class="css-16dr4ly"><img alt="President's Choice Olive Tapenade Hummus Chickpea Dip &amp; Spread 280 g, $1.60/100g" src="https://assets.shop.loblaws.ca/products/20811328/b3/en/front/20811328_front_a06_@2.png" srcset="https://assets.shop.loblaws.ca/products/20811328/b3/en/front/20811328_front_a06_@2.png 1x, https://assets.shop.loblaws.ca/products/20811328/b3/en/front/20811328_front_a06_@2.png 2x" loading="lazy" class="chakra-image css-oguq8l" aria-hidden="true"></div><div class="css-qoklea"><div class="css-12dchmx"></div><div data-testid="price-product-tile" class="css-8atqhb"><p class="chakra-text css-0"><span class="chakra-text css-pwnbcb" data-testid="regular-price"><span class="css-idkz9h">$4.49</span>$4.49</span></p></div><a href="/olive-tapenade-hummus-chickpea-dip-spread/p/20811328_EA?source=nspt" class="chakra-linkbox__overlay css-1hnz6hu"><div class="css-0"><p class="chakra-text css-1ecdp9w" data-testid="product-brand">President's Choice</p><h3 class="chakra-heading css-6qrhwc" id="20811328_EA" data-testid="product-title">Olive Tapenade Hummus Chickpea Dip &amp; Spread</h3><p class="chakra-text css-1yftjin" data-testid="product-package-size">280 g, $1.60/100g</p></div></a><div class="css-8keand"></div></div><div class="css-1q5omjq"><div class="css-fcebb8"><div data-testid="atc-compact" class="css-y94ivq" style="width: 45px;"><button type="button" class="chakra-button css-mudsm6" data-testid="atc-button"><svg stroke="currentColor" fill="currentColor" stroke-width="0" viewBox="0 0 24 24" focusable="false" class="chakra-icon css-1g3sp7a" data-testid="btn-icon" aria-hidden="true" height="1em" width="1em" xmlns="http://www.w3.org/2000/svg"><path d="M19 13h-6v6h-2v-6H5v-2h6V5h2v6h6v2z"></path></svg><span class="css-idkz9h">Add Olive Tapenade Hummus Chickpea Dip &amp; Spread to cart</span></button></div></div></div></div></div></div><div class="css-0"><div class="css-f5i5wc"><div class="chakra-linkbox css-vhnn8v"><div data-testid="product-image" class="css-16dr4ly"><img alt="President's Choice Baba Ghanouj 227 g, $1.32/100g" src="https://assets.shop.loblaws.ca/products/20584033/b3/en/front/20584033_front_a06_@2.png" srcset="https://assets.shop.loblaws.ca/products/20584033/b3/en/front/20584033_front_a06_@2.png 1x, https://assets.shop.loblaws.ca/products/20584033/b3/en/front/20584033_front_a06_@2.png 2x" loading="lazy" class="chakra-image css-oguq8l" aria-hidden="true"></div><div class="css-qoklea"><div class="css-12dchmx"></div><div data-testid="price-product-tile" class="css-8atqhb"><p class="chakra-text css-0"><span class="chakra-text css-o93gbd" data-testid="sale-price"><span class="css-idkz9h">$2.99</span>$2.99</span><span class="chakra-text css-623q5h" data-testid="was-price"><span class="css-idkz9h">$3.49</span>$3.49</span></p><p class="chakra-text css-1m5a6y8" data-testid="price-descriptor">SAVE $0.50</p></div><a href="/baba-ghanouj/p/20584033_EA?source=nspt" class="chakra-linkbox__overlay css-1hnz6hu"><div class="css-0"><p class="chakra-text css-1ecdp9w" data-testid="product-brand">President's Choice</p><h3 class="chakra-heading css-6qrhwc" id="20584033_EA" data-testid="product-title">Baba Ghanouj</h3><p class="chakra-text css-1yftjin" data-testid="product-package-size">227 g, $1.32/100g</p></div></a><div class="css-8keand"></div></div><div class="css-1q5omjq"><div class="css-fcebb8"><div data-testid="atc-compact" class="css-y94ivq" style="width: 45px;"><button type="button" class="chakra-button css-mudsm6" data-testid="atc-button"><svg stroke="currentColor" fill="currentColor" stroke-width="0" viewBox="0 0 24 24" focusable="false" class="chakra-icon css-1g3sp7a" data-testid="btn-icon" aria-hidden="true" height="1em" width="1em" xmlns="http://www.w3.org/2000/svg"><path d="M19 13h-6v6h-2v-6H5v-2h6V5h2v6h6v2z"></path></svg><span class="css-idkz9h">Add Baba Ghanouj to cart</span></button></div></div></div></div></div></div><div class="css-0"><div class="css-f5i5wc"><div class="chakra-linkbox css-vhnn8v"><div data-testid="product-image" class="css-16dr4ly"><img alt="President's Choice Chunky Guacamole 227 g, $2.33/100g" src="https://assets.shop.loblaws.ca/products/21448079/b3/en/front/21448079_front_a06_@2.png" srcset="https://assets.shop.loblaws.ca/products/21448079/b3/en/front/21448079_front_a06_@2.png 1x, https://assets.shop.loblaws.ca/products/21448079/b3/en/front/21448079_front_a06_@2.png 2x" loading="lazy" class="chakra-image css-oguq8l" aria-hidden="true"></div><div class="css-qoklea"><div class="css-12dchmx"></div><div data-testid="price-product-tile" class="css-8atqhb"><p class="chakra-text css-0"><span class="chakra-text css-pwnbcb" data-testid="regular-price"><span class="css-idkz9h">$5.29</span>$5.29</span></p></div><a href="/chunky-guacamole/p/21448079_EA?source=nspt" class="chakra-linkbox__overlay css-1hnz6hu"><div class="css-0"><p class="chakra-text css-1ecdp9w" data-testid="product-brand">President's Choice</p><h3 class="chakra-heading css-6qrhwc" id="21448079_EA" data-testid="product-title">Chunky Guacamole</h3><p class="chakra-text css-1yftjin" data-testid="product-package-size">227 g, $2.33/100g</p></div></a><div class="css-8keand"></div></div><div class="css-1q5omjq"><div class="css-fcebb8"><div data-testid="atc-compact" class="css-y94ivq" style="width: 45px;"><button type="button" class="chakra-button css-mudsm6" data-testid="atc-button"><svg stroke="currentColor" fill="currentColor" stroke-width="0" viewBox="0 0 24 24" focusable="false" class="chakra-icon css-1g3sp7a" data-testid="btn-icon" aria-hidden="true" height="1em" width="1em" xmlns="http://www.w3.org/2000/svg"><path d="M19 13h-6v6h-2v-6H5v-2h6V5h2v6h6v2z"></path></svg><span class="css-idkz9h">Add Chunky Guacamole to cart</span></button></div></div></div></div></div></div><div class="css-0"><div class="css-f5i5wc"><div class="chakra-linkbox css-vhnn8v"><div data-testid="product-image" class="css-16dr4ly"><img alt="President's Choice Spinach Dip 454 g, $1.43/100g" src="https://assets.shop.loblaws.ca/products/20583725/b3/en/front/20583725_front_a06_@2.png" srcset="https://assets.shop.loblaws.ca/products/20583725/b3/en/front/20583725_front_a06_@2.png 1x, https://assets.shop.loblaws.ca/products/20583725/b3/en/front/20583725_front_a06_@2.png 2x" loading="lazy" class="chakra-image css-oguq8l" aria-hidden="true"></div><div class="css-qoklea"><div class="css-12dchmx"></div><div data-testid="price-product-tile" class="css-8atqhb"><p class="chakra-text css-0"><span class="chakra-text css-pwnbcb" data-testid="regular-price"><span class="css-idkz9h">$6.49</span>$6.49</span></p></div><a href="/spinach-dip/p/20583725_EA?source=nspt" class="chakra-linkbox__overlay css-1hnz6hu"><div class="css-0"><p class="chakra-text css-1ecdp9w" data-testid="product-brand">President's Choice</p><h3 class="chakra-heading css-6qrhwc" id="20583725_EA" data-testid="product-title">Spinach Dip</h3><p class="chakra-text css-1yftjin" data-testid="product-package-size">454 g, $1.43/100g</p></div></a><div class="css-8keand"></div></div><div class="css-1q5omjq"><div class="css-fcebb8"><div data-testid="atc-compact" class="css-y94ivq" style="width: 45px;"><button type="button" class="chakra-button css-mudsm6" data-testid="atc-button"><svg stroke="currentColor" fill="currentColor" stroke-width="0" viewBox="0 0 24 24" focusable="false" class="chakra-icon css-1g3sp7a" data-testid="btn-icon" aria-hidden="true" height="1em" width="1em" xmlns="http://www.w3.org/2000/svg"><path d="M19 13h-6v6h-2v-6H5v-2h6V5h2v6h6v2z"></path></svg><span class="css-idkz9h">Add Spinach Dip to cart</span></button></div></div></div></div></div></div><div class="css-0"><div class="css-f5i5wc"><div class="chakra-linkbox css-vhnn8v"><div data-testid="product-image" class="css-16dr4ly"><img alt="President's Choice Spicy Garlic Toum Dip 200 g, $2.90/100g" src="https://assets.shop.loblaws.ca/products/21589448/b3/en/front/21589448_front_a06_@2.png" srcset="https://assets.shop.loblaws.ca/products/21589448/b3/en/front/21589448_front_a06_@2.png 1x, https://assets.shop.loblaws.ca/products/21589448/b3/en/front/21589448_front_a06_@2.png 2x" loading="lazy" class="chakra-image css-oguq8l" aria-hidden="true"></div><div class="css-qoklea"><div class="css-12dchmx"><div class="chakra-badge css-34x0wr" data-testid="product-badge"><div class="css-u4p24i">New</div></div></div><div data-testid="price-product-tile" class="css-8atqhb"><p class="chakra-text css-0"><span class="chakra-text css-pwnbcb" data-testid="regular-price"><span class="css-idkz9h">$5.79</span>$5.79</span></p></div><a href="/spicy-garlic-toum-dip/p/21589448_EA?source=nspt" class="chakra-linkbox__overlay css-1hnz6hu"><div class="css-0"><p class="chakra-text css-1ecdp9w" data-testid="product-brand">President's Choice</p><h3 class="chakra-heading css-6qrhwc" id="21589448_EA" data-testid="product-title">Spicy Garlic Toum Dip</h3><p class="chakra-text css-1yftjin" data-testid="product-package-size">200 g, $2.90/100g</p></div></a><div class="css-8keand"></div></div><div class="css-1q5omjq"><div class="css-fcebb8"><div data-testid="atc-compact" class="css-y94ivq" style="width: 45px;"><button type="button" class="chakra-button css-mudsm6" data-testid="atc-button"><svg stroke="currentColor" fill="currentColor" stroke-width="0" viewBox="0 0 24 24" focusable="false" class="chakra-icon css-1g3sp7a" data-testid="btn-icon" aria-hidden="true" height="1em" width="1em" xmlns="http://www.w3.org/2000/svg"><path d="M19 13h-6v6h-2v-6H5v-2h6V5h2v6h6v2z"></path></svg><span class="css-idkz9h">Add Spicy Garlic Toum Dip to cart</span></button></div></div><div class="css-4saf4a"><p class="chakra-text css-py8788" data-testid="inventory-badge-text">Low Stock</p></div></div></div></div></div><div class="css-0"><div class="css-f5i5wc"><div class="chakra-linkbox css-vhnn8v"><div data-testid="product-image" class="css-16dr4ly"><img alt="President's Choice Chunky Guacamole 425 g, $1.64/100g" src="https://assets.shop.loblaws.ca/products/21448102/b3/en/front/21448102_front_a06_@2.png" srcset="https://assets.shop.loblaws.ca/products/21448102/b3/en/front/21448102_front_a06_@2.png 1x, https://assets.shop.loblaws.ca/products/21448102/b3/en/front/21448102_front_a06_@2.png 2x" loading="lazy" class="chakra-image css-oguq8l" aria-hidden="true"></div><div class="css-qoklea"><div class="css-12dchmx"></div><div data-testid="price-product-tile" class="css-8atqhb"><p class="chakra-text css-0"><span class="chakra-text css-pwnbcb" data-testid="regular-price"><span class="css-idkz9h">$6.99</span>$6.99</span></p></div><a href="/chunky-guacamole/p/21448102_EA?source=nspt" class="chakra-linkbox__overlay css-1hnz6hu"><div class="css-0"><p class="chakra-text css-1ecdp9w" data-testid="product-brand">President's Choice</p><h3 class="chakra-heading css-6qrhwc" id="21448102_EA" data-testid="product-title">Chunky Guacamole</h3><p class="chakra-text css-1yftjin" data-testid="product-package-size">425 g, $1.64/100g</p></div></a><div class="css-8keand"></div></div><div class="css-1q5omjq"><div class="css-fcebb8"><div data-testid="atc-compact" class="css-y94ivq" style="width: 45px;"><button type="button" class="chakra-button css-mudsm6" data-testid="atc-button"><svg stroke="currentColor" fill="currentColor" stroke-width="0" viewBox="0 0 24 24" focusable="false" class="chakra-icon css-1g3sp7a" data-testid="btn-icon" aria-hidden="true" height="1em" width="1em" xmlns="http://www.w3.org/2000/svg"><path d="M19 13h-6v6h-2v-6H5v-2h6V5h2v6h6v2z"></path></svg><span class="css-idkz9h">Add Chunky Guacamole to cart</span></button></div></div></div></div></div></div><div class="css-0"><div class="css-f5i5wc"><div class="chakra-linkbox css-vhnn8v"><div data-testid="product-image" class="css-16dr4ly"><img alt="President's Choice Hummus, Mini 228 g, $1.88/100g" src="https://assets.shop.loblaws.ca/products/20754856/b3/en/front/20754856_front_a06_@2.png" srcset="https://assets.shop.loblaws.ca/products/20754856/b3/en/front/20754856_front_a06_@2.png 1x, https://assets.shop.loblaws.ca/products/20754856/b3/en/front/20754856_front_a06_@2.png 2x" loading="lazy" class="chakra-image css-oguq8l" aria-hidden="true"></div><div class="css-qoklea"><div class="css-12dchmx"></div><div data-testid="price-product-tile" class="css-8atqhb"><p class="chakra-text css-0"><span class="chakra-text css-pwnbcb" data-testid="regular-price"><span class="css-idkz9h">$4.29</span>$4.29</span></p></div><a href="/hummus-mini/p/20754856_EA?source=nspt" class="chakra-linkbox__overlay css-1hnz6hu"><div class="css-0"><p class="chakra-text css-1ecdp9w" data-testid="product-brand">President's Choice</p><h3 class="chakra-heading css-6qrhwc" id="20754856_EA" data-testid="product-title">Hummus, Mini</h3><p class="chakra-text css-1yftjin" data-testid="product-package-size">228 g, $1.88/100g</p></div></a><div class="css-8keand"></div></div><div class="css-1q5omjq"><div class="css-fcebb8"><div data-testid="atc-compact" class="css-y94ivq" style="width: 45px;"><button type="button" class="chakra-button css-mudsm6" data-testid="atc-button"><svg stroke="currentColor" fill="currentColor" stroke-width="0" viewBox="0 0 24 24" focusable="false" class="chakra-icon css-1g3sp7a" data-testid="btn-icon" aria-hidden="true" height="1em" width="1em" xmlns="http://www.w3.org/2000/svg"><path d="M19 13h-6v6h-2v-6H5v-2h6V5h2v6h6v2z"></path></svg><span class="css-idkz9h">Add Hummus, Mini to cart</span></button></div></div></div></div></div></div><div class="css-0"><div class="css-f5i5wc"><div class="chakra-linkbox css-vhnn8v"><div data-testid="product-image" class="css-16dr4ly"><img alt="President's Choice Roasted Garlic, Red Pepper &amp; Cumin Hummus Chickpea Dip And Spread 280 g, $1.60/100g" src="https://assets.shop.loblaws.ca/products/20811384/b3/en/front/20811384_front_a06_@2.png" srcset="https://assets.shop.loblaws.ca/products/20811384/b3/en/front/20811384_front_a06_@2.png 1x, https://assets.shop.loblaws.ca/products/20811384/b3/en/front/20811384_front_a06_@2.png 2x" loading="lazy" class="chakra-image css-oguq8l" aria-hidden="true"></div><div class="css-qoklea"><div class="css-12dchmx"></div><div data-testid="price-product-tile" class="css-8atqhb"><p class="chakra-text css-0"><span class="chakra-text css-pwnbcb" data-testid="regular-price"><span class="css-idkz9h">$4.49</span>$4.49</span></p></div><a href="/roasted-garlic-red-pepper-cumin-hummus-chickpea-di/p/20811384_EA?source=nspt" class="chakra-linkbox__overlay css-1hnz6hu"><div class="css-0"><p class="chakra-text css-1ecdp9w" data-testid="product-brand">President's Choice</p><h3 class="chakra-heading css-6qrhwc" id="20811384_EA" data-testid="product-title">Roasted Garlic, Red Pepper &amp; Cumin Hummus Chickpea Dip And Spread</h3><p class="chakra-text css-1yftjin" data-testid="product-package-size">280 g, $1.60/100g</p></div></a><div class="css-8keand"></div></div><div class="css-1q5omjq"><div class="css-fcebb8"><div data-testid="atc-compact" class="css-y94ivq" style="width: 45px;"><button type="button" class="chakra-button css-mudsm6" data-testid="atc-button"><svg stroke="currentColor" fill="currentColor" stroke-width="0" viewBox="0 0 24 24" focusable="false" class="chakra-icon css-1g3sp7a" data-testid="btn-icon" aria-hidden="true" height="1em" width="1em" xmlns="http://www.w3.org/2000/svg"><path d="M19 13h-6v6h-2v-6H5v-2h6V5h2v6h6v2z"></path></svg><span class="css-idkz9h">Add Roasted Garlic, Red Pepper &amp; Cumin Hummus Chickpea Dip And Spread to cart</span></button></div></div></div></div></div></div><div class="css-0"><div class="css-f5i5wc"><div class="chakra-linkbox css-vhnn8v"><div data-testid="product-image" class="css-16dr4ly"><img alt="Sabra Hummus Roasted Garlic 283 g, $1.76/100g" src="https://assets.shop.loblaws.ca/products/20103342/b3/en/front/20103342_front_a06_@2.png" srcset="https://assets.shop.loblaws.ca/products/20103342/b3/en/front/20103342_front_a06_@2.png 1x, https://assets.shop.loblaws.ca/products/20103342/b3/en/front/20103342_front_a06_@2.png 2x" loading="lazy" class="chakra-image css-oguq8l" aria-hidden="true"></div><div class="css-qoklea"><div class="css-12dchmx"></div><div data-testid="price-product-tile" class="css-8atqhb"><p class="chakra-text css-0"><span class="chakra-text css-pwnbcb" data-testid="regular-price"><span class="css-idkz9h">$4.99</span>$4.99</span></p></div><a href="/hummus-roasted-garlic/p/20103342_EA?source=nspt" class="chakra-linkbox__overlay css-1hnz6hu"><div class="css-0"><p class="chakra-text css-1ecdp9w" data-testid="product-brand">Sabra</p><h3 class="chakra-heading css-6qrhwc" id="20103342_EA" data-testid="product-title">Hummus Roasted Garlic</h3><p class="chakra-text css-1yftjin" data-testid="product-package-size">283 g, $1.76/100g</p></div></a><div class="css-8keand"></div></div><div class="css-1q5omjq"><div class="css-fcebb8"><div data-testid="atc-compact" class="css-y94ivq" style="width: 45px;"><button type="button" class="chakra-button css-mudsm6" data-testid="atc-button"><svg stroke="currentColor" fill="currentColor" stroke-width="0" viewBox="0 0 24 24" focusable="false" class="chakra-icon css-1g3sp7a" data-testid="btn-icon" aria-hidden="true" height="1em" width="1em" xmlns="http://www.w3.org/2000/svg"><path d="M19 13h-6v6h-2v-6H5v-2h6V5h2v6h6v2z"></path></svg><span class="css-idkz9h">Add Hummus Roasted Garlic to cart</span></button></div></div></div></div></div></div><div class="css-0"><div class="css-f5i5wc"><div class="chakra-linkbox css-vhnn8v"><div data-testid="product-image" class="css-16dr4ly"><img alt="President's Choice Mini Roasted Garlic Hummus Chickpea Dip And Spread 228 g, $1.75/100g" src="https://assets.shop.loblaws.ca/products/20754859/b3/en/front/20754859_front_a06_@2.png" srcset="https://assets.shop.loblaws.ca/products/20754859/b3/en/front/20754859_front_a06_@2.png 1x, https://assets.shop.loblaws.ca/products/20754859/b3/en/front/20754859_front_a06_@2.png 2x" loading="lazy" class="chakra-image css-oguq8l" aria-hidden="true"></div><div class="css-qoklea"><div class="css-12dchmx"></div><div data-testid="price-product-tile" class="css-8atqhb"><p class="chakra-text css-0"><span class="chakra-text css-pwnbcb" data-testid="regular-price"><span class="css-idkz9h">$3.99</span>$3.99</span></p></div><a href="/mini-roasted-garlic-hummus-chickpea-dip-and-spread/p/20754859_EA?source=nspt" class="chakra-linkbox__overlay css-1hnz6hu"><div class="css-0"><p class="chakra-text css-1ecdp9w" data-testid="product-brand">President's Choice</p><h3 class="chakra-heading css-6qrhwc" id="20754859_EA" data-testid="product-title">Mini Roasted Garlic Hummus Chickpea Dip And Spread</h3><p class="chakra-text css-1yftjin" data-testid="product-package-size">228 g, $1.75/100g</p></div></a><div class="css-8keand"></div></div><div class="css-1q5omjq"><div class="css-fcebb8"><div data-testid="atc-compact" class="css-y94ivq" style="width: 45px;"><button type="button" class="chakra-button css-mudsm6" data-testid="atc-button"><svg stroke="currentColor" fill="currentColor" stroke-width="0" viewBox="0 0 24 24" focusable="false" class="chakra-icon css-1g3sp7a" data-testid="btn-icon" aria-hidden="true" height="1em" width="1em" xmlns="http://www.w3.org/2000/svg"><path d="M19 13h-6v6h-2v-6H5v-2h6V5h2v6h6v2z"></path></svg><span class="css-idkz9h">Add Mini Roasted Garlic Hummus Chickpea Dip And Spread to cart</span></button></div></div></div></div></div></div><div class="css-0"><div class="css-f5i5wc"><div class="chakra-linkbox css-vhnn8v"><div data-testid="product-image" class="css-16dr4ly"><img alt="President's Choice Fiesta 5-Layer Dip 454 g, $1.76/100g" src="https://assets.shop.loblaws.ca/products/20590024/b3/en/front/20590024_front_a06_@2.png" srcset="https://assets.shop.loblaws.ca/products/20590024/b3/en/front/20590024_front_a06_@2.png 1x, https://assets.shop.loblaws.ca/products/20590024/b3/en/front/20590024_front_a06_@2.png 2x" loading="lazy" class="chakra-image css-oguq8l" aria-hidden="true"></div><div class="css-qoklea"><div class="css-12dchmx"></div><div data-testid="price-product-tile" class="css-8atqhb"><p class="chakra-text css-0"><span class="chakra-text css-pwnbcb" data-testid="regular-price"><span class="css-idkz9h">$7.99</span>$7.99</span></p></div><a href="/fiesta-5-layer-dip/p/20590024_EA?source=nspt" class="chakra-linkbox__overlay css-1hnz6hu"><div class="css-0"><p class="chakra-text css-1ecdp9w" data-testid="product-brand">President's Choice</p><h3 class="chakra-heading css-6qrhwc" id="20590024_EA" data-testid="product-title">Fiesta 5-Layer Dip</h3><p class="chakra-text css-1yftjin" data-testid="product-package-size">454 g, $1.76/100g</p></div></a><div class="css-8keand"></div></div><div class="css-1q5omjq"><div class="css-fcebb8"><div data-testid="atc-compact" class="css-y94ivq" style="width: 45px;"><button type="button" class="chakra-button css-mudsm6" data-testid="atc-button"><svg stroke="currentColor" fill="currentColor" stroke-width="0" viewBox="0 0 24 24" focusable="false" class="chakra-icon css-1g3sp7a" data-testid="btn-icon" aria-hidden="true" height="1em" width="1em" xmlns="http://www.w3.org/2000/svg"><path d="M19 13h-6v6h-2v-6H5v-2h6V5h2v6h6v2z"></path></svg><span class="css-idkz9h">Add Fiesta 5-Layer Dip to cart</span></button></div></div></div></div></div></div><div class="css-0"><div class="css-f5i5wc"><div class="chakra-linkbox css-vhnn8v"><div data-testid="product-image" class="css-16dr4ly"><img alt="President's Choice Za'atar Hummus 280 g, $1.60/100g" src="https://assets.shop.loblaws.ca/products/21446583/b3/en/front/21446583_front_a06_@2.png" srcset="https://assets.shop.loblaws.ca/products/21446583/b3/en/front/21446583_front_a06_@2.png 1x, https://assets.shop.loblaws.ca/products/21446583/b3/en/front/21446583_front_a06_@2.png 2x" loading="lazy" class="chakra-image css-oguq8l" aria-hidden="true"></div><div class="css-qoklea"><div class="css-12dchmx"></div><div data-testid="price-product-tile" class="css-8atqhb"><p class="chakra-text css-0"><span class="chakra-text css-pwnbcb" data-testid="regular-price"><span class="css-idkz9h">$4.49</span>$4.49</span></p></div><a href="/za-atar-hummus/p/21446583_EA?source=nspt" class="chakra-linkbox__overlay css-1hnz6hu"><div class="css-0"><p class="chakra-text css-1ecdp9w" data-testid="product-brand">President's Choice</p><h3 class="chakra-heading css-6qrhwc" id="21446583_EA" data-testid="product-title">Za'atar Hummus</h3><p class="chakra-text css-1yftjin" data-testid="product-package-size">280 g, $1.60/100g</p></div></a><div class="css-8keand"></div></div><div class="css-1q5omjq"><div class="css-fcebb8"><div data-testid="atc-compact" class="css-y94ivq" style="width: 45px;"><button type="button" class="chakra-button css-mudsm6" data-testid="atc-button"><svg stroke="currentColor" fill="currentColor" stroke-width="0" viewBox="0 0 24 24" focusable="false" class="chakra-icon css-1g3sp7a" data-testid="btn-icon" aria-hidden="true" height="1em" width="1em" xmlns="http://www.w3.org/2000/svg"><path d="M19 13h-6v6h-2v-6H5v-2h6V5h2v6h6v2z"></path></svg><span class="css-idkz9h">Add Za'atar Hummus to cart</span></button></div></div></div></div></div></div><div class="css-0"><div class="css-f5i5wc"><div class="chakra-linkbox css-vhnn8v"><div data-testid="product-image" class="css-16dr4ly"><img alt="PC Organics Organic Hummus Chickpea Dip &amp; Spread 190 g, $1.84/100g" src="https://assets.shop.loblaws.ca/products/20944429/b3/en/front/20944429_front_a06_@2.png" srcset="https://assets.shop.loblaws.ca/products/20944429/b3/en/front/20944429_front_a06_@2.png 1x, https://assets.shop.loblaws.ca/products/20944429/b3/en/front/20944429_front_a06_@2.png 2x" loading="lazy" class="chakra-image css-oguq8l" aria-hidden="true"></div><div class="css-qoklea"><div class="css-12dchmx"></div><div data-testid="price-product-tile" class="css-8atqhb"><p class="chakra-text css-0"><span class="chakra-text css-pwnbcb" data-testid="regular-price"><span class="css-idkz9h">$3.49</span>$3.49</span></p></div><a href="/organic-hummus-chickpea-dip-spread/p/20944429_EA?source=nspt" class="chakra-linkbox__overlay css-1hnz6hu"><div class="css-0"><p class="chakra-text css-1ecdp9w" data-testid="product-brand">PC Organics</p><h3 class="chakra-heading css-6qrhwc" id="20944429_EA" data-testid="product-title">Organic Hummus Chickpea Dip &amp; Spread</h3><p class="chakra-text css-1yftjin" data-testid="product-package-size">190 g, $1.84/100g</p></div></a><div class="css-8keand"></div></div><div class="css-1q5omjq"><div class="css-fcebb8"><div data-testid="atc-compact" class="css-y94ivq" style="width: 45px;"><button type="button" class="chakra-button css-mudsm6" data-testid="atc-button"><svg stroke="currentColor" fill="currentColor" stroke-width="0" viewBox="0 0 24 24" focusable="false" class="chakra-icon css-1g3sp7a" data-testid="btn-icon" aria-hidden="true" height="1em" width="1em" xmlns="http://www.w3.org/2000/svg"><path d="M19 13h-6v6h-2v-6H5v-2h6V5h2v6h6v2z"></path></svg><span class="css-idkz9h">Add Organic Hummus Chickpea Dip &amp; Spread to cart</span></button></div></div></div></div></div></div><div class="css-0"><div class="css-f5i5wc"><div class="chakra-linkbox css-vhnn8v"><div data-testid="product-image" class="css-16dr4ly"><img alt="President's Choice Samosa Layered Dip 350 g, $1.14/100g" src="https://assets.shop.loblaws.ca/products/21588729/b3/en/front/21588729_front_a06_@2.png" srcset="https://assets.shop.loblaws.ca/products/21588729/b3/en/front/21588729_front_a06_@2.png 1x, https://assets.shop.loblaws.ca/products/21588729/b3/en/front/21588729_front_a06_@2.png 2x" loading="lazy" class="chakra-image css-oguq8l" aria-hidden="true"></div><div class="css-qoklea"><div class="css-12dchmx"><div class="chakra-badge css-34x0wr" data-testid="product-badge"><div class="css-u4p24i">New</div></div></div><div data-testid="price-product-tile" class="css-8atqhb"><p class="chakra-text css-0"><span class="chakra-text css-pwnbcb" data-testid="regular-price"><span class="css-idkz9h">$4.00</span>$4.00</span></p></div><a href="/samosa-layered-dip/p/21588729_EA?source=nspt" class="chakra-linkbox__overlay css-1hnz6hu"><div class="css-0"><p class="chakra-text css-1ecdp9w" data-testid="product-brand">President's Choice</p><h3 class="chakra-heading css-6qrhwc" id="21588729_EA" data-testid="product-title">Samosa Layered Dip</h3><p class="chakra-text css-1yftjin" data-testid="product-package-size">350 g, $1.14/100g</p></div></a><div class="css-8keand"></div></div><div class="css-1q5omjq"><div class="css-fcebb8"><div data-testid="atc-compact" class="css-y94ivq" style="width: 45px;"><button disabled="" type="button" class="chakra-button css-mudsm6" data-testid="atc-button"><svg stroke="currentColor" fill="currentColor" stroke-width="0" viewBox="0 0 24 24" focusable="false" class="chakra-icon css-1g3sp7a" data-testid="btn-icon" aria-hidden="true" height="1em" width="1em" xmlns="http://www.w3.org/2000/svg"><path d="M19 13h-6v6h-2v-6H5v-2h6V5h2v6h6v2z"></path></svg><span class="css-idkz9h">Add Samosa Layered Dip to cart</span></button></div></div><div class="css-4saf4a"><p class="chakra-text css-py8788" data-testid="inventory-badge-text">Out of Stock</p></div></div></div></div></div><div class="css-0"><div class="css-f5i5wc"><div class="chakra-linkbox css-vhnn8v"><div data-testid="product-image" class="css-16dr4ly"><img alt="Ziggy's Olive Medley 500 ml, $1.20/100ml" src="https://assets.shop.loblaws.ca/products/20501268/b3/en/front/20501268_front_a06_@2.png" srcset="https://assets.shop.loblaws.ca/products/20501268/b3/en/front/20501268_front_a06_@2.png 1x, https://assets.shop.loblaws.ca/products/20501268/b3/en/front/20501268_front_a06_@2.png 2x" loading="lazy" class="chakra-image css-oguq8l" aria-hidden="true"></div><div class="css-qoklea"><div class="css-12dchmx"></div><div data-testid="price-product-tile" class="css-8atqhb"><p class="chakra-text css-0"><span class="chakra-text css-pwnbcb" data-testid="regular-price"><span class="css-idkz9h">$6.00</span>$6.00</span></p></div><a href="/olive-medley/p/20501268_EA?source=nspt" class="chakra-linkbox__overlay css-1hnz6hu"><div class="css-0"><p class="chakra-text css-1ecdp9w" data-testid="product-brand">Ziggy's</p><h3 class="chakra-heading css-6qrhwc" id="20501268_EA" data-testid="product-title">Olive Medley</h3><p class="chakra-text css-1yftjin" data-testid="product-package-size">500 ml, $1.20/100ml</p></div></a><div class="css-8keand"></div></div><div class="css-1q5omjq"><div class="css-fcebb8"><div data-testid="atc-compact" class="css-y94ivq" style="width: 45px;"><button type="button" class="chakra-button css-mudsm6" data-testid="atc-button"><svg stroke="currentColor" fill="currentColor" stroke-width="0" viewBox="0 0 24 24" focusable="false" class="chakra-icon css-1g3sp7a" data-testid="btn-icon" aria-hidden="true" height="1em" width="1em" xmlns="http://www.w3.org/2000/svg"><path d="M19 13h-6v6h-2v-6H5v-2h6V5h2v6h6v2z"></path></svg><span class="css-idkz9h">Add Olive Medley to cart</span></button></div></div></div></div></div></div><div class="css-0"><div class="css-f5i5wc"><div class="chakra-linkbox css-vhnn8v"><div data-testid="product-image" class="css-16dr4ly"><img alt="Sabra Guacamole Classic 198 g, $3.03/100g" src="https://assets.shop.loblaws.ca/products/21586063/b3/en/front/21586063_front_a06_@2.png" srcset="https://assets.shop.loblaws.ca/products/21586063/b3/en/front/21586063_front_a06_@2.png 1x, https://assets.shop.loblaws.ca/products/21586063/b3/en/front/21586063_front_a06_@2.png 2x" loading="lazy" class="chakra-image css-oguq8l" aria-hidden="true"></div><div class="css-qoklea"><div class="css-12dchmx"></div><div data-testid="price-product-tile" class="css-8atqhb"><p class="chakra-text css-0"><span class="chakra-text css-pwnbcb" data-testid="regular-price"><span class="css-idkz9h">$5.99</span>$5.99</span></p></div><a href="/guacamole-classic/p/21586063_EA?source=nspt" class="chakra-linkbox__overlay css-1hnz6hu"><div class="css-0"><p class="chakra-text css-1ecdp9w" data-testid="product-brand">Sabra</p><h3 class="chakra-heading css-6qrhwc" id="21586063_EA" data-testid="product-title">Guacamole Classic</h3><p class="chakra-text css-1yftjin" data-testid="product-package-size">198 g, $3.03/100g</p></div></a><div class="css-8keand"></div></div><div class="css-1q5omjq"><div class="css-fcebb8"><div data-testid="atc-compact" class="css-y94ivq" style="width: 45px;"><button type="button" class="chakra-button css-mudsm6" data-testid="atc-button"><svg stroke="currentColor" fill="currentColor" stroke-width="0" viewBox="0 0 24 24" focusable="false" class="chakra-icon css-1g3sp7a" data-testid="btn-icon" aria-hidden="true" height="1em" width="1em" xmlns="http://www.w3.org/2000/svg"><path d="M19 13h-6v6h-2v-6H5v-2h6V5h2v6h6v2z"></path></svg><span class="css-idkz9h">Add Guacamole Classic to cart</span></button></div></div></div></div></div></div><div class="css-0"><div class="css-f5i5wc"><div class="chakra-linkbox css-vhnn8v"><div data-testid="product-image" class="css-16dr4ly"><img alt="Ziggy's Kalamata Olives 500 ml, $1.20/100ml" src="https://assets.shop.loblaws.ca/products/20501267/b3/en/front/20501267_front_a06_@2.png" srcset="https://assets.shop.loblaws.ca/products/20501267/b3/en/front/20501267_front_a06_@2.png 1x, https://assets.shop.loblaws.ca/products/20501267/b3/en/front/20501267_front_a06_@2.png 2x" loading="lazy" class="chakra-image css-oguq8l" aria-hidden="true"></div><div class="css-qoklea"><div class="css-12dchmx"></div><div data-testid="price-product-tile" class="css-8atqhb"><p class="chakra-text css-0"><span class="chakra-text css-pwnbcb" data-testid="regular-price"><span class="css-idkz9h">$6.00</span>$6.00</span></p></div><a href="/kalamata-olives/p/20501267_EA?source=nspt" class="chakra-linkbox__overlay css-1hnz6hu"><div class="css-0"><p class="chakra-text css-1ecdp9w" data-testid="product-brand">Ziggy's</p><h3 class="chakra-heading css-6qrhwc" id="20501267_EA" data-testid="product-title">Kalamata Olives</h3><p class="chakra-text css-1yftjin" data-testid="product-package-size">500 ml, $1.20/100ml</p></div></a><div class="css-8keand"></div></div><div class="css-1q5omjq"><div class="css-fcebb8"><div data-testid="atc-compact" class="css-y94ivq" style="width: 45px;"><button type="button" class="chakra-button css-mudsm6" data-testid="atc-button"><svg stroke="currentColor" fill="currentColor" stroke-width="0" viewBox="0 0 24 24" focusable="false" class="chakra-icon css-1g3sp7a" data-testid="btn-icon" aria-hidden="true" height="1em" width="1em" xmlns="http://www.w3.org/2000/svg"><path d="M19 13h-6v6h-2v-6H5v-2h6V5h2v6h6v2z"></path></svg><span class="css-idkz9h">Add Kalamata Olives to cart</span></button></div></div></div></div></div></div><div class="css-0"><div class="css-f5i5wc"><div class="chakra-linkbox css-vhnn8v"><div data-testid="product-image" class="css-16dr4ly"><img alt="Sardo Olives Kalamata      1 l, $1.10/100ml" src="https://assets.shop.loblaws.ca/products/21176866/b3/en/front/21176866_front_a06_@2.png" srcset="https://assets.shop.loblaws.ca/products/21176866/b3/en/front/21176866_front_a06_@2.png 1x, https://assets.shop.loblaws.ca/products/21176866/b3/en/front/21176866_front_a06_@2.png 2x" loading="lazy" class="chakra-image css-oguq8l" aria-hidden="true"></div><div class="css-qoklea"><div class="css-12dchmx"></div><div data-testid="price-product-tile" class="css-8atqhb"><p class="chakra-text css-0"><span class="chakra-text css-pwnbcb" data-testid="regular-price"><span class="css-idkz9h">$10.99</span>$10.99</span></p></div><a href="/olives-kalamata/p/21176866_EA?source=nspt" class="chakra-linkbox__overlay css-1hnz6hu"><div class="css-0"><p class="chakra-text css-1ecdp9w" data-testid="product-brand">Sardo</p><h3 class="chakra-heading css-6qrhwc" id="21176866_EA" data-testid="product-title">Olives Kalamata     </h3><p class="chakra-text css-1yftjin" data-testid="product-package-size">1 l, $1.10/100ml</p></div></a><div class="css-8keand"></div></div><div class="css-1q5omjq"><div class="css-fcebb8"><div data-testid="atc-compact" class="css-y94ivq" style="width: 45px;"><button type="button" class="chakra-button css-mudsm6" data-testid="atc-button"><svg stroke="currentColor" fill="currentColor" stroke-width="0" viewBox="0 0 24 24" focusable="false" class="chakra-icon css-1g3sp7a" data-testid="btn-icon" aria-hidden="true" height="1em" width="1em" xmlns="http://www.w3.org/2000/svg"><path d="M19 13h-6v6h-2v-6H5v-2h6V5h2v6h6v2z"></path></svg><span class="css-idkz9h">Add Olives Kalamata      to cart</span></button></div></div></div></div></div></div><div class="css-0"><div class="css-f5i5wc"><div class="chakra-linkbox css-vhnn8v"><div data-testid="product-image" class="css-16dr4ly"><img alt="Sardo Pitted Kalamata Olives 250 ml, $2.40/100ml" src="https://assets.shop.loblaws.ca/products/20863239/b3/en/front/20863239_front_a06_@2.png" srcset="https://assets.shop.loblaws.ca/products/20863239/b3/en/front/20863239_front_a06_@2.png 1x, https://assets.shop.loblaws.ca/products/20863239/b3/en/front/20863239_front_a06_@2.png 2x" loading="lazy" class="chakra-image css-oguq8l" aria-hidden="true"></div><div class="css-qoklea"><div class="css-12dchmx"></div><div data-testid="price-product-tile" class="css-8atqhb"><p class="chakra-text css-0"><span class="chakra-text css-pwnbcb" data-testid="regular-price"><span class="css-idkz9h">$5.99</span>$5.99</span></p></div><a href="/pitted-kalamata-olives/p/20863239_EA?source=nspt" class="chakra-linkbox__overlay css-1hnz6hu"><div class="css-0"><p class="chakra-text css-1ecdp9w" data-testid="product-brand">Sardo</p><h3 class="chakra-heading css-6qrhwc" id="20863239_EA" data-testid="product-title">Pitted Kalamata Olives</h3><p class="chakra-text css-1yftjin" data-testid="product-package-size">250 ml, $2.40/100ml</p></div></a><div class="css-8keand"></div></div><div class="css-1q5omjq"><div class="css-fcebb8"><div data-testid="atc-compact" class="css-y94ivq" style="width: 45px;"><button type="button" class="chakra-button css-mudsm6" data-testid="atc-button"><svg stroke="currentColor" fill="currentColor" stroke-width="0" viewBox="0 0 24 24" focusable="false" class="chakra-icon css-1g3sp7a" data-testid="btn-icon" aria-hidden="true" height="1em" width="1em" xmlns="http://www.w3.org/2000/svg"><path d="M19 13h-6v6h-2v-6H5v-2h6V5h2v6h6v2z"></path></svg><span class="css-idkz9h">Add Pitted Kalamata Olives to cart</span></button></div></div></div></div></div></div><div class="css-0"><div class="css-f5i5wc"><div class="chakra-linkbox css-vhnn8v"><div data-testid="product-image" class="css-16dr4ly"><img alt="Sardo Stuffed Mammoth Green Olives 250 ml, $2.40/100ml" src="https://assets.shop.loblaws.ca/products/20596428/b3/en/front/20596428_front_a06_@2.png" srcset="https://assets.shop.loblaws.ca/products/20596428/b3/en/front/20596428_front_a06_@2.png 1x, https://assets.shop.loblaws.ca/products/20596428/b3/en/front/20596428_front_a06_@2.png 2x" loading="lazy" class="chakra-image css-oguq8l" aria-hidden="true"></div><div class="css-qoklea"><div class="css-12dchmx"></div><div data-testid="price-product-tile" class="css-8atqhb"><p class="chakra-text css-0"><span class="chakra-text css-pwnbcb" data-testid="regular-price"><span class="css-idkz9h">$5.99</span>$5.99</span></p></div><a href="/stuffed-mammoth-green-olives/p/20596428_EA?source=nspt" class="chakra-linkbox__overlay css-1hnz6hu"><div class="css-0"><p class="chakra-text css-1ecdp9w" data-testid="product-brand">Sardo</p><h3 class="chakra-heading css-6qrhwc" id="20596428_EA" data-testid="product-title">Stuffed Mammoth Green Olives</h3><p class="chakra-text css-1yftjin" data-testid="product-package-size">250 ml, $2.40/100ml</p></div></a><div class="css-8keand"></div></div><div class="css-1q5omjq"><div class="css-fcebb8"><div data-testid="atc-compact" class="css-y94ivq" style="width: 45px;"><button type="button" class="chakra-button css-mudsm6" data-testid="atc-button"><svg stroke="currentColor" fill="currentColor" stroke-width="0" viewBox="0 0 24 24" focusable="false" class="chakra-icon css-1g3sp7a" data-testid="btn-icon" aria-hidden="true" height="1em" width="1em" xmlns="http://www.w3.org/2000/svg"><path d="M19 13h-6v6h-2v-6H5v-2h6V5h2v6h6v2z"></path></svg><span class="css-idkz9h">Add Stuffed Mammoth Green Olives to cart</span></button></div></div></div></div></div></div><div class="css-0"><div class="css-f5i5wc"><div class="chakra-linkbox css-vhnn8v"><div data-testid="product-image" class="css-16dr4ly"><img alt="Sardo Garlic Stuffed Green Olives 250 ml, $2.20/100ml" src="https://assets.shop.loblaws.ca/products/20276224/b3/en/front/20276224_front_a06_@2.png" srcset="https://assets.shop.loblaws.ca/products/20276224/b3/en/front/20276224_front_a06_@2.png 1x, https://assets.shop.loblaws.ca/products/20276224/b3/en/front/20276224_front_a06_@2.png 2x" loading="lazy" class="chakra-image css-oguq8l" aria-hidden="true"></div><div class="css-qoklea"><div class="css-12dchmx"></div><div data-testid="price-product-tile" class="css-8atqhb"><p class="chakra-text css-0"><span class="chakra-text css-pwnbcb" data-testid="regular-price"><span class="css-idkz9h">$5.49</span>$5.49</span></p></div><a href="/garlic-stuffed-green-olives/p/20276224_EA?source=nspt" class="chakra-linkbox__overlay css-1hnz6hu"><div class="css-0"><p class="chakra-text css-1ecdp9w" data-testid="product-brand">Sardo</p><h3 class="chakra-heading css-6qrhwc" id="20276224_EA" data-testid="product-title">Garlic Stuffed Green Olives</h3><p class="chakra-text css-1yftjin" data-testid="product-package-size">250 ml, $2.20/100ml</p></div></a><div class="css-8keand"></div></div><div class="css-1q5omjq"><div class="css-fcebb8"><div data-testid="atc-compact" class="css-y94ivq" style="width: 45px;"><button type="button" class="chakra-button css-mudsm6" data-testid="atc-button"><svg stroke="currentColor" fill="currentColor" stroke-width="0" viewBox="0 0 24 24" focusable="false" class="chakra-icon css-1g3sp7a" data-testid="btn-icon" aria-hidden="true" height="1em" width="1em" xmlns="http://www.w3.org/2000/svg"><path d="M19 13h-6v6h-2v-6H5v-2h6V5h2v6h6v2z"></path></svg><span class="css-idkz9h">Add Garlic Stuffed Green Olives to cart</span></button></div></div></div></div></div></div><div class="css-0"><div class="css-f5i5wc"><div class="chakra-linkbox css-vhnn8v"><div data-testid="product-image" class="css-16dr4ly"><img alt="Sardo Jumbo Pitted Green Olives 250 ml, $2.40/100ml" src="https://assets.shop.loblaws.ca/products/20596426/b3/en/front/20596426_front_a06_@2.png" srcset="https://assets.shop.loblaws.ca/products/20596426/b3/en/front/20596426_front_a06_@2.png 1x, https://assets.shop.loblaws.ca/products/20596426/b3/en/front/20596426_front_a06_@2.png 2x" loading="lazy" class="chakra-image css-oguq8l" aria-hidden="true"></div><div class="css-qoklea"><div class="css-12dchmx"></div><div data-testid="price-product-tile" class="css-8atqhb"><p class="chakra-text css-0"><span class="chakra-text css-pwnbcb" data-testid="regular-price"><span class="css-idkz9h">$5.99</span>$5.99</span></p></div><a href="/jumbo-pitted-green-olives/p/20596426_EA?source=nspt" class="chakra-linkbox__overlay css-1hnz6hu"><div class="css-0"><p class="chakra-text css-1ecdp9w" data-testid="product-brand">Sardo</p><h3 class="chakra-heading css-6qrhwc" id="20596426_EA" data-testid="product-title">Jumbo Pitted Green Olives</h3><p class="chakra-text css-1yftjin" data-testid="product-package-size">250 ml, $2.40/100ml</p></div></a><div class="css-8keand"></div></div><div class="css-1q5omjq"><div class="css-fcebb8"><div data-testid="atc-compact" class="css-y94ivq" style="width: 45px;"><button type="button" class="chakra-button css-mudsm6" data-testid="atc-button"><svg stroke="currentColor" fill="currentColor" stroke-width="0" viewBox="0 0 24 24" focusable="false" class="chakra-icon css-1g3sp7a" data-testid="btn-icon" aria-hidden="true" height="1em" width="1em" xmlns="http://www.w3.org/2000/svg"><path d="M19 13h-6v6h-2v-6H5v-2h6V5h2v6h6v2z"></path></svg><span class="css-idkz9h">Add Jumbo Pitted Green Olives to cart</span></button></div></div></div></div></div></div><div class="css-0"><div class="css-f5i5wc"><div class="chakra-linkbox css-vhnn8v"><div data-testid="product-image" class="css-16dr4ly"><img alt="President's Choice Mini Roasted Garlic Hummus Chickpea Dip And Spread 12x57.0 g, $1.46/100g" src="https://assets.shop.loblaws.ca/products/20862991/b3/en/front/20862991_front_a06_@2.png" srcset="https://assets.shop.loblaws.ca/products/20862991/b3/en/front/20862991_front_a06_@2.png 1x, https://assets.shop.loblaws.ca/products/20862991/b3/en/front/20862991_front_a06_@2.png 2x" loading="lazy" class="chakra-image css-oguq8l" aria-hidden="true"></div><div class="css-qoklea"><div class="css-12dchmx"></div><div data-testid="price-product-tile" class="css-8atqhb"><p class="chakra-text css-0"><span class="chakra-text css-pwnbcb" data-testid="regular-price"><span class="css-idkz9h">$9.99</span>$9.99</span></p></div><a href="/mini-roasted-garlic-hummus-chickpea-dip-and-spread/p/20862991_EA?source=nspt" class="chakra-linkbox__overlay css-1hnz6hu"><div class="css-0"><p class="chakra-text css-1ecdp9w" data-testid="product-brand">President's Choice</p><h3 class="chakra-heading css-6qrhwc" id="20862991_EA" data-testid="product-title">Mini Roasted Garlic Hummus Chickpea Dip And Spread</h3><p class="chakra-text css-1yftjin" data-testid="product-package-size">12x57.0 g, $1.46/100g</p></div></a><div class="css-8keand"></div></div><div class="css-1q5omjq"><div class="css-fcebb8"><div data-testid="atc-compact" class="css-y94ivq" style="width: 45px;"><button type="button" class="chakra-button css-mudsm6" data-testid="atc-button"><svg stroke="currentColor" fill="currentColor" stroke-width="0" viewBox="0 0 24 24" focusable="false" class="chakra-icon css-1g3sp7a" data-testid="btn-icon" aria-hidden="true" height="1em" width="1em" xmlns="http://www.w3.org/2000/svg"><path d="M19 13h-6v6h-2v-6H5v-2h6V5h2v6h6v2z"></path></svg><span class="css-idkz9h">Add Mini Roasted Garlic Hummus Chickpea Dip And Spread to cart</span></button></div></div><div class="css-4saf4a"><p class="chakra-text css-py8788" data-testid="inventory-badge-text">Low Stock</p></div></div></div></div></div><div class="css-0"><div class="css-f5i5wc"><div class="chakra-linkbox css-vhnn8v"><div data-testid="product-image" class="css-16dr4ly"><img alt="Sardo Basil Pesto 190 ml, $2.89/100ml" src="https://assets.shop.loblaws.ca/products/20734165/b3/en/front/20734165_front_a06_@2.png" srcset="https://assets.shop.loblaws.ca/products/20734165/b3/en/front/20734165_front_a06_@2.png 1x, https://assets.shop.loblaws.ca/products/20734165/b3/en/front/20734165_front_a06_@2.png 2x" loading="lazy" class="chakra-image css-oguq8l" aria-hidden="true"></div><div class="css-qoklea"><div class="css-12dchmx"></div><div data-testid="price-product-tile" class="css-8atqhb"><p class="chakra-text css-0"><span class="chakra-text css-pwnbcb" data-testid="regular-price"><span class="css-idkz9h">$5.49</span>$5.49</span></p></div><a href="/basil-pesto/p/20734165_EA?source=nspt" class="chakra-linkbox__overlay css-1hnz6hu"><div class="css-0"><p class="chakra-text css-1ecdp9w" data-testid="product-brand">Sardo</p><h3 class="chakra-heading css-6qrhwc" id="20734165_EA" data-testid="product-title">Basil Pesto</h3><p class="chakra-text css-1yftjin" data-testid="product-package-size">190 ml, $2.89/100ml</p></div></a><div class="css-8keand"></div></div><div class="css-1q5omjq"><div class="css-fcebb8"><div data-testid="atc-compact" class="css-y94ivq" style="width: 45px;"><button type="button" class="chakra-button css-mudsm6" data-testid="atc-button"><svg stroke="currentColor" fill="currentColor" stroke-width="0" viewBox="0 0 24 24" focusable="false" class="chakra-icon css-1g3sp7a" data-testid="btn-icon" aria-hidden="true" height="1em" width="1em" xmlns="http://www.w3.org/2000/svg"><path d="M19 13h-6v6h-2v-6H5v-2h6V5h2v6h6v2z"></path></svg><span class="css-idkz9h">Add Basil Pesto to cart</span></button></div></div></div></div></div></div><div class="css-0"><div class="css-f5i5wc"><div class="chakra-linkbox css-vhnn8v"><div data-testid="product-image" class="css-16dr4ly"><img alt="Sardo Party Mix Olives 250 ml, $2.40/100ml" src="https://assets.shop.loblaws.ca/products/20596554/b3/en/front/20596554_front_a06_@2.png" srcset="https://assets.shop.loblaws.ca/products/20596554/b3/en/front/20596554_front_a06_@2.png 1x, https://assets.shop.loblaws.ca/products/20596554/b3/en/front/20596554_front_a06_@2.png 2x" loading="lazy" class="chakra-image css-oguq8l" aria-hidden="true"></div><div class="css-qoklea"><div class="css-12dchmx"></div><div data-testid="price-product-tile" class="css-8atqhb"><p class="chakra-text css-0"><span class="chakra-text css-pwnbcb" data-testid="regular-price"><span class="css-idkz9h">$5.99</span>$5.99</span></p></div><a href="/party-mix-olives/p/20596554_EA?source=nspt" class="chakra-linkbox__overlay css-1hnz6hu"><div class="css-0"><p class="chakra-text css-1ecdp9w" data-testid="product-brand">Sardo</p><h3 class="chakra-heading css-6qrhwc" id="20596554_EA" data-testid="product-title">Party Mix Olives</h3><p class="chakra-text css-1yftjin" data-testid="product-package-size">250 ml, $2.40/100ml</p></div></a><div class="css-8keand"></div></div><div class="css-1q5omjq"><div class="css-fcebb8"><div data-testid="atc-compact" class="css-y94ivq" style="width: 45px;"><button type="button" class="chakra-button css-mudsm6" data-testid="atc-button"><svg stroke="currentColor" fill="currentColor" stroke-width="0" viewBox="0 0 24 24" focusable="false" class="chakra-icon css-1g3sp7a" data-testid="btn-icon" aria-hidden="true" height="1em" width="1em" xmlns="http://www.w3.org/2000/svg"><path d="M19 13h-6v6h-2v-6H5v-2h6V5h2v6h6v2z"></path></svg><span class="css-idkz9h">Add Party Mix Olives to cart</span></button></div></div></div></div></div></div><div class="css-0"><div class="css-f5i5wc"><div class="chakra-linkbox css-vhnn8v"><div data-testid="product-image" class="css-16dr4ly"><img alt="Sardo Olives Party Mix     1 l, $1.10/100ml" src="https://assets.shop.loblaws.ca/products/21176852/b3/en/front/21176852_front_a06_@2.png" srcset="https://assets.shop.loblaws.ca/products/21176852/b3/en/front/21176852_front_a06_@2.png 1x, https://assets.shop.loblaws.ca/products/21176852/b3/en/front/21176852_front_a06_@2.png 2x" loading="lazy" class="chakra-image css-oguq8l" aria-hidden="true"></div><div class="css-qoklea"><div class="css-12dchmx"></div><div data-testid="price-product-tile" class="css-8atqhb"><p class="chakra-text css-0"><span class="chakra-text css-pwnbcb" data-testid="regular-price"><span class="css-idkz9h">$10.99</span>$10.99</span></p></div><a href="/olives-party-mix/p/21176852_EA?source=nspt" class="chakra-linkbox__overlay css-1hnz6hu"><div class="css-0"><p class="chakra-text css-1ecdp9w" data-testid="product-brand">Sardo</p><h3 class="chakra-heading css-6qrhwc" id="21176852_EA" data-testid="product-title">Olives Party Mix    </h3><p class="chakra-text css-1yftjin" data-testid="product-package-size">1 l, $1.10/100ml</p></div></a><div class="css-8keand"></div></div><div class="css-1q5omjq"><div class="css-fcebb8"><div data-testid="atc-compact" class="css-y94ivq" style="width: 45px;"><button type="button" class="chakra-button css-mudsm6" data-testid="atc-button"><svg stroke="currentColor" fill="currentColor" stroke-width="0" viewBox="0 0 24 24" focusable="false" class="chakra-icon css-1g3sp7a" data-testid="btn-icon" aria-hidden="true" height="1em" width="1em" xmlns="http://www.w3.org/2000/svg"><path d="M19 13h-6v6h-2v-6H5v-2h6V5h2v6h6v2z"></path></svg><span class="css-idkz9h">Add Olives Party Mix     to cart</span></button></div></div></div></div></div></div><div class="css-0"><div class="css-f5i5wc"><div class="chakra-linkbox css-vhnn8v"><div data-testid="product-image" class="css-16dr4ly"><img alt="Sardo Olives Stuffed Halkidiki     1 l, $1.10/100ml" src="https://assets.shop.loblaws.ca/products/21176872/b3/en/front/21176872_front_a06_@2.png" srcset="https://assets.shop.loblaws.ca/products/21176872/b3/en/front/21176872_front_a06_@2.png 1x, https://assets.shop.loblaws.ca/products/21176872/b3/en/front/21176872_front_a06_@2.png 2x" loading="lazy" class="chakra-image css-oguq8l" aria-hidden="true"></div><div class="css-qoklea"><div class="css-12dchmx"></div><div data-testid="price-product-tile" class="css-8atqhb"><p class="chakra-text css-0"><span class="chakra-text css-pwnbcb" data-testid="regular-price"><span class="css-idkz9h">$10.99</span>$10.99</span></p></div><a href="/olives-stuffed-halkidiki/p/21176872_EA?source=nspt" class="chakra-linkbox__overlay css-1hnz6hu"><div class="css-0"><p class="chakra-text css-1ecdp9w" data-testid="product-brand">Sardo</p><h3 class="chakra-heading css-6qrhwc" id="21176872_EA" data-testid="product-title">Olives Stuffed Halkidiki    </h3><p class="chakra-text css-1yftjin" data-testid="product-package-size">1 l, $1.10/100ml</p></div></a><div class="css-8keand"></div></div><div class="css-1q5omjq"><div class="css-fcebb8"><div data-testid="atc-compact" class="css-y94ivq" style="width: 45px;"><button type="button" class="chakra-button css-mudsm6" data-testid="atc-button"><svg stroke="currentColor" fill="currentColor" stroke-width="0" viewBox="0 0 24 24" focusable="false" class="chakra-icon css-1g3sp7a" data-testid="btn-icon" aria-hidden="true" height="1em" width="1em" xmlns="http://www.w3.org/2000/svg"><path d="M19 13h-6v6h-2v-6H5v-2h6V5h2v6h6v2z"></path></svg><span class="css-idkz9h">Add Olives Stuffed Halkidiki     to cart</span></button></div></div><div class="css-4saf4a"><p class="chakra-text css-py8788" data-testid="inventory-badge-text">Low Stock</p></div></div></div></div></div><div class="css-0"><div class="css-f5i5wc"><div class="chakra-linkbox css-vhnn8v"><div data-testid="product-image" class="css-16dr4ly"><img alt="Sardo Garlic Stuffed Olives 500 g, $1.80/100g" src="https://assets.shop.loblaws.ca/products/20820656/b3/en/front/20820656_front_a06_@2.png" srcset="https://assets.shop.loblaws.ca/products/20820656/b3/en/front/20820656_front_a06_@2.png 1x, https://assets.shop.loblaws.ca/products/20820656/b3/en/front/20820656_front_a06_@2.png 2x" loading="lazy" class="chakra-image css-oguq8l" aria-hidden="true"></div><div class="css-qoklea"><div class="css-12dchmx"></div><div data-testid="price-product-tile" class="css-8atqhb"><p class="chakra-text css-0"><span class="chakra-text css-pwnbcb" data-testid="regular-price"><span class="css-idkz9h">$8.99</span>$8.99</span></p></div><a href="/garlic-stuffed-olives/p/20820656_EA?source=nspt" class="chakra-linkbox__overlay css-1hnz6hu"><div class="css-0"><p class="chakra-text css-1ecdp9w" data-testid="product-brand">Sardo</p><h3 class="chakra-heading css-6qrhwc" id="20820656_EA" data-testid="product-title">Garlic Stuffed Olives</h3><p class="chakra-text css-1yftjin" data-testid="product-package-size">500 g, $1.80/100g</p></div></a><div class="css-8keand"></div></div><div class="css-1q5omjq"><div class="css-fcebb8"><div data-testid="atc-compact" class="css-y94ivq" style="width: 45px;"><button type="button" class="chakra-button css-mudsm6" data-testid="atc-button"><svg stroke="currentColor" fill="currentColor" stroke-width="0" viewBox="0 0 24 24" focusable="false" class="chakra-icon css-1g3sp7a" data-testid="btn-icon" aria-hidden="true" height="1em" width="1em" xmlns="http://www.w3.org/2000/svg"><path d="M19 13h-6v6h-2v-6H5v-2h6V5h2v6h6v2z"></path></svg><span class="css-idkz9h">Add Garlic Stuffed Olives to cart</span></button></div></div></div></div></div></div><div class="css-0"><div class="css-f5i5wc"><div class="chakra-linkbox css-vhnn8v"><div data-testid="product-image" class="css-16dr4ly"><img alt="President's Choice Plant Based Queso Style Cauliflower Dip 200 g, $2.65/100g" src="https://assets.shop.loblaws.ca/products/21363840/b3/en/front/21363840_front_a06_@2.png" srcset="https://assets.shop.loblaws.ca/products/21363840/b3/en/front/21363840_front_a06_@2.png 1x, https://assets.shop.loblaws.ca/products/21363840/b3/en/front/21363840_front_a06_@2.png 2x" loading="lazy" class="chakra-image css-oguq8l" aria-hidden="true"></div><div class="css-qoklea"><div class="css-12dchmx"></div><div data-testid="price-product-tile" class="css-8atqhb"><p class="chakra-text css-0"><span class="chakra-text css-pwnbcb" data-testid="regular-price"><span class="css-idkz9h">$5.29</span>$5.29</span></p></div><a href="/plant-based-queso-style-cauliflower-dip/p/21363840_EA?source=nspt" class="chakra-linkbox__overlay css-1hnz6hu"><div class="css-0"><p class="chakra-text css-1ecdp9w" data-testid="product-brand">President's Choice</p><h3 class="chakra-heading css-6qrhwc" id="21363840_EA" data-testid="product-title">Plant Based Queso Style Cauliflower Dip</h3><p class="chakra-text css-1yftjin" data-testid="product-package-size">200 g, $2.65/100g</p></div></a><div class="css-8keand"></div></div><div class="css-1q5omjq"><div class="css-fcebb8"><div data-testid="atc-compact" class="css-y94ivq" style="width: 45px;"><button type="button" class="chakra-button css-mudsm6" data-testid="atc-button"><svg stroke="currentColor" fill="currentColor" stroke-width="0" viewBox="0 0 24 24" focusable="false" class="chakra-icon css-1g3sp7a" data-testid="btn-icon" aria-hidden="true" height="1em" width="1em" xmlns="http://www.w3.org/2000/svg"><path d="M19 13h-6v6h-2v-6H5v-2h6V5h2v6h6v2z"></path></svg><span class="css-idkz9h">Add Plant Based Queso Style Cauliflower Dip to cart</span></button></div></div></div></div></div></div><div class="css-0"><div class="css-f5i5wc"><div class="chakra-linkbox css-vhnn8v"><div data-testid="product-image" class="css-16dr4ly"><img alt="Sardo Kalamata Sliced Olives 500 ml, $1.80/100ml" src="https://assets.shop.loblaws.ca/products/20820658/b3/en/front/20820658_front_a06_@2.png" srcset="https://assets.shop.loblaws.ca/products/20820658/b3/en/front/20820658_front_a06_@2.png 1x, https://assets.shop.loblaws.ca/products/20820658/b3/en/front/20820658_front_a06_@2.png 2x" loading="lazy" class="chakra-image css-oguq8l" aria-hidden="true"></div><div class="css-qoklea"><div class="css-12dchmx"></div><div data-testid="price-product-tile" class="css-8atqhb"><p class="chakra-text css-0"><span class="chakra-text css-pwnbcb" data-testid="regular-price"><span class="css-idkz9h">$8.99</span>$8.99</span></p></div><a href="/kalamata-sliced-olives/p/20820658_EA?source=nspt" class="chakra-linkbox__overlay css-1hnz6hu"><div class="css-0"><p class="chakra-text css-1ecdp9w" data-testid="product-brand">Sardo</p><h3 class="chakra-heading css-6qrhwc" id="20820658_EA" data-testid="product-title">Kalamata Sliced Olives</h3><p class="chakra-text css-1yftjin" data-testid="product-package-size">500 ml, $1.80/100ml</p></div></a><div class="css-8keand"></div></div><div class="css-1q5omjq"><div class="css-fcebb8"><div data-testid="atc-compact" class="css-y94ivq" style="width: 45px;"><button type="button" class="chakra-button css-mudsm6" data-testid="atc-button"><svg stroke="currentColor" fill="currentColor" stroke-width="0" viewBox="0 0 24 24" focusable="false" class="chakra-icon css-1g3sp7a" data-testid="btn-icon" aria-hidden="true" height="1em" width="1em" xmlns="http://www.w3.org/2000/svg"><path d="M19 13h-6v6h-2v-6H5v-2h6V5h2v6h6v2z"></path></svg><span class="css-idkz9h">Add Kalamata Sliced Olives to cart</span></button></div></div></div></div></div></div><div class="css-0"><div class="css-f5i5wc"><div class="chakra-linkbox css-vhnn8v"><div data-testid="product-image" class="css-16dr4ly"><img alt="Ziggy's Stuffed Mammoth Olives 500 ml, $1.20/100ml" src="https://assets.shop.loblaws.ca/products/20501247/b3/en/front/20501247_front_a06_@2.png" srcset="https://assets.shop.loblaws.ca/products/20501247/b3/en/front/20501247_front_a06_@2.png 1x, https://assets.shop.loblaws.ca/products/20501247/b3/en/front/20501247_front_a06_@2.png 2x" loading="lazy" class="chakra-image css-oguq8l" aria-hidden="true"></div><div class="css-qoklea"><div class="css-12dchmx"></div><div data-testid="price-product-tile" class="css-8atqhb"><p class="chakra-text css-0"><span class="chakra-text css-pwnbcb" data-testid="regular-price"><span class="css-idkz9h">$6.00</span>$6.00</span></p></div><a href="/stuffed-mammoth-olives/p/20501247_EA?source=nspt" class="chakra-linkbox__overlay css-1hnz6hu"><div class="css-0"><p class="chakra-text css-1ecdp9w" data-testid="product-brand">Ziggy's</p><h3 class="chakra-heading css-6qrhwc" id="20501247_EA" data-testid="product-title">Stuffed Mammoth Olives</h3><p class="chakra-text css-1yftjin" data-testid="product-package-size">500 ml, $1.20/100ml</p></div></a><div class="css-8keand"></div></div><div class="css-1q5omjq"><div class="css-fcebb8"><div data-testid="atc-compact" class="css-y94ivq" style="width: 45px;"><button type="button" class="chakra-button css-mudsm6" data-testid="atc-button"><svg stroke="currentColor" fill="currentColor" stroke-width="0" viewBox="0 0 24 24" focusable="false" class="chakra-icon css-1g3sp7a" data-testid="btn-icon" aria-hidden="true" height="1em" width="1em" xmlns="http://www.w3.org/2000/svg"><path d="M19 13h-6v6h-2v-6H5v-2h6V5h2v6h6v2z"></path></svg><span class="css-idkz9h">Add Stuffed Mammoth Olives to cart</span></button></div></div></div></div></div></div><div class="css-0"><div class="css-f5i5wc"><div class="chakra-linkbox css-vhnn8v"><div data-testid="product-image" class="css-16dr4ly"><img alt="Ziggy's Mammoth Olives, Pitted 500 ml, $1.20/100ml" src="https://assets.shop.loblaws.ca/products/20501269/b3/en/front/20501269_front_a06_@2.png" srcset="https://assets.shop.loblaws.ca/products/20501269/b3/en/front/20501269_front_a06_@2.png 1x, https://assets.shop.loblaws.ca/products/20501269/b3/en/front/20501269_front_a06_@2.png 2x" loading="lazy" class="chakra-image css-oguq8l" aria-hidden="true"></div><div class="css-qoklea"><div class="css-12dchmx"></div><div data-testid="price-product-tile" class="css-8atqhb"><p class="chakra-text css-0"><span class="chakra-text css-pwnbcb" data-testid="regular-price"><span class="css-idkz9h">$6.00</span>$6.00</span></p></div><a href="/mammoth-olives-pitted/p/20501269_EA?source=nspt" class="chakra-linkbox__overlay css-1hnz6hu"><div class="css-0"><p class="chakra-text css-1ecdp9w" data-testid="product-brand">Ziggy's</p><h3 class="chakra-heading css-6qrhwc" id="20501269_EA" data-testid="product-title">Mammoth Olives, Pitted</h3><p class="chakra-text css-1yftjin" data-testid="product-package-size">500 ml, $1.20/100ml</p></div></a><div class="css-8keand"></div></div><div class="css-1q5omjq"><div class="css-fcebb8"><div data-testid="atc-compact" class="css-y94ivq" style="width: 45px;"><button type="button" class="chakra-button css-mudsm6" data-testid="atc-button"><svg stroke="currentColor" fill="currentColor" stroke-width="0" viewBox="0 0 24 24" focusable="false" class="chakra-icon css-1g3sp7a" data-testid="btn-icon" aria-hidden="true" height="1em" width="1em" xmlns="http://www.w3.org/2000/svg"><path d="M19 13h-6v6h-2v-6H5v-2h6V5h2v6h6v2z"></path></svg><span class="css-idkz9h">Add Mammoth Olives, Pitted to cart</span></button></div></div></div></div></div></div><div class="css-0"><div class="css-f5i5wc"><div class="chakra-linkbox css-vhnn8v"><div data-testid="product-image" class="css-16dr4ly"><img alt="Sardo Olives 250 ml, $2.40/100ml" src="https://assets.shop.loblaws.ca/products/20596551/b3/en/front/20596551_front_a06_@2.png" srcset="https://assets.shop.loblaws.ca/products/20596551/b3/en/front/20596551_front_a06_@2.png 1x, https://assets.shop.loblaws.ca/products/20596551/b3/en/front/20596551_front_a06_@2.png 2x" loading="lazy" class="chakra-image css-oguq8l" aria-hidden="true"></div><div class="css-qoklea"><div class="css-12dchmx"></div><div data-testid="price-product-tile" class="css-8atqhb"><p class="chakra-text css-0"><span class="chakra-text css-pwnbcb" data-testid="regular-price"><span class="css-idkz9h">$5.99</span>$5.99</span></p></div><a href="/olives/p/20596551_EA?source=nspt" class="chakra-linkbox__overlay css-1hnz6hu"><div class="css-0"><p class="chakra-text css-1ecdp9w" data-testid="product-brand">Sardo</p><h3 class="chakra-heading css-6qrhwc" id="20596551_EA" data-testid="product-title">Olives</h3><p class="chakra-text css-1yftjin" data-testid="product-package-size">250 ml, $2.40/100ml</p></div></a><div class="css-8keand"></div></div><div class="css-1q5omjq"><div class="css-fcebb8"><div data-testid="atc-compact" class="css-y94ivq" style="width: 45px;"><button type="button" class="chakra-button css-mudsm6" data-testid="atc-button"><svg stroke="currentColor" fill="currentColor" stroke-width="0" viewBox="0 0 24 24" focusable="false" class="chakra-icon css-1g3sp7a" data-testid="btn-icon" aria-hidden="true" height="1em" width="1em" xmlns="http://www.w3.org/2000/svg"><path d="M19 13h-6v6h-2v-6H5v-2h6V5h2v6h6v2z"></path></svg><span class="css-idkz9h">Add Olives to cart</span></button></div></div></div></div></div></div><div class="css-0"><div class="css-f5i5wc"><div class="chakra-linkbox css-vhnn8v"><div data-testid="product-image" class="css-16dr4ly"><img alt="President's Choice Mini Hummus Chickpea Dip And Spread 12x57.0 g, $1.46/100g" src="https://assets.shop.loblaws.ca/products/20862992/b3/en/front/20862992_front_a06_@2.png" srcset="https://assets.shop.loblaws.ca/products/20862992/b3/en/front/20862992_front_a06_@2.png 1x, https://assets.shop.loblaws.ca/products/20862992/b3/en/front/20862992_front_a06_@2.png 2x" loading="lazy" class="chakra-image css-oguq8l" aria-hidden="true"></div><div class="css-qoklea"><div class="css-12dchmx"></div><div data-testid="price-product-tile" class="css-8atqhb"><p class="chakra-text css-0"><span class="chakra-text css-pwnbcb" data-testid="regular-price"><span class="css-idkz9h">$9.99</span>$9.99</span></p></div><a href="/mini-hummus-chickpea-dip-and-spread/p/20862992_EA?source=nspt" class="chakra-linkbox__overlay css-1hnz6hu"><div class="css-0"><p class="chakra-text css-1ecdp9w" data-testid="product-brand">President's Choice</p><h3 class="chakra-heading css-6qrhwc" id="20862992_EA" data-testid="product-title">Mini Hummus Chickpea Dip And Spread</h3><p class="chakra-text css-1yftjin" data-testid="product-package-size">12x57.0 g, $1.46/100g</p></div></a><div class="css-8keand"></div></div><div class="css-1q5omjq"><div class="css-fcebb8"><div data-testid="atc-compact" class="css-y94ivq" style="width: 45px;"><button type="button" class="chakra-button css-mudsm6" data-testid="atc-button"><svg stroke="currentColor" fill="currentColor" stroke-width="0" viewBox="0 0 24 24" focusable="false" class="chakra-icon css-1g3sp7a" data-testid="btn-icon" aria-hidden="true" height="1em" width="1em" xmlns="http://www.w3.org/2000/svg"><path d="M19 13h-6v6h-2v-6H5v-2h6V5h2v6h6v2z"></path></svg><span class="css-idkz9h">Add Mini Hummus Chickpea Dip And Spread to cart</span></button></div></div><div class="css-4saf4a"><p class="chakra-text css-py8788" data-testid="inventory-badge-text">Low Stock</p></div></div></div></div></div></div>