[
    {
        "id": 1,
        "name": "4 Flavour Sports Drink",
        "price": "24x591.0 ml, $0.15/100ml",
        "brand": "Gatorade",
        "image_url": "https://assets.shop.loblaws.ca/products/20298835002/b3/en/front/20298835002_front_a06_@2.png",
        "image_alt": "Gatorade 4 Flavour Sports Drink  24x591.0 ml, $0.15/100ml",
        "price_product_tile": "$20.99$20.99$22.49$22.49SAVE $1.50"
    },
    {
        "id": 2,
        "name": "Cool Blue Sports Drink",
        "price": "6x591.0 ml, $0.14/100ml",
        "brand": "Gatorade",
        "image_url": "https://assets.shop.loblaws.ca/products/20303218003/b3/en/front/20303218003_front_a06_@2.png",
        "image_alt": "Gatorade Cool Blue Sports Drink  6x591.0 ml, $0.14/100ml",
        "price_product_tile": "$4.99$4.99$5.49$5.49SAVE $0.50"
    },
    {
        "id": 3,
        "name": "Zero Variety Flavour",
        "price": "24x591.0 ml, $0.15/100ml",
        "brand": "Gatorade",
        "image_url": "https://assets.shop.loblaws.ca/products/21448637/b3/en/front/21448637_front_a06_@2.png",
        "image_alt": "Gatorade Zero Variety Flavour 24x591.0 ml, $0.15/100ml",
        "price_product_tile": "$20.99$20.99$22.49$22.49SAVE $1.50"
    },
    {
        "id": 4,
        "name": "Performance, Cool Blue",
        "price": "8x355.0 ml, $0.18/100ml",
        "brand": "Gatorade",
        "image_url": "https://assets.shop.loblaws.ca/products/21164182/b3/en/front/21164182_front_a06_@2.png",
        "image_alt": "Gatorade Performance, Cool Blue 8x355.0 ml, $0.18/100ml",
        "price_product_tile": "$4.99$4.99$5.49$5.49SAVE $0.50"
    },
    {
        "id": 5,
        "name": "Zero Iceberg",
        "price": "6x591.0 ml, $0.14/100ml",
        "brand": "Gatorade",
        "image_url": "https://assets.shop.loblaws.ca/products/21242891/b3/en/front/21242891_front_a06_@2.png",
        "image_alt": "Gatorade Zero Iceberg 6x591.0 ml, $0.14/100ml",
        "price_product_tile": "$4.99$4.99$5.49$5.49SAVE $0.50"
    },
    {
        "id": 6,
        "name": "Orange Sports Drink",
        "price": "6x591.0 ml, $0.14/100ml",
        "brand": "Gatorade",
        "image_url": "https://assets.shop.loblaws.ca/products/20303218002/b3/en/front/20303218002_front_a06_@2.png",
        "image_alt": "Gatorade Orange Sports Drink  6x591.0 ml, $0.14/100ml",
        "price_product_tile": "$4.99$4.99$5.49$5.49SAVE $0.50"
    },
    {
        "id": 7,
        "name": "G2 Clubpack Sports Drink",
        "price": "24x591.0 ml, $0.15/100ml",
        "brand": "Gatorade",
        "image_url": "https://assets.shop.loblaws.ca/products/20325703/b3/en/front/20325703_front_a06_@2.png",
        "image_alt": "Gatorade G2 Clubpack Sports Drink  24x591.0 ml, $0.15/100ml",
        "price_product_tile": "$20.99$20.99$22.49$22.49SAVE $1.50"
    },
    {
        "id": 8,
        "name": "Glacier Cherry Sports Drink",
        "price": "6x591.0 ml, $0.14/100ml",
        "brand": "Gatorade",
        "image_url": "https://assets.shop.loblaws.ca/products/20854727002/b3/en/front/20854727002_front_a06_@2.png",
        "image_alt": "Gatorade Glacier Cherry Sports Drink  6x591.0 ml, $0.14/100ml",
        "price_product_tile": "$4.99$4.99$5.49$5.49SAVE $0.50"
    },
    {
        "id": 9,
        "name": "Fruit Punch Sports Drink",
        "price": "6x591.0 ml, $0.14/100ml",
        "brand": "Gatorade",
        "image_url": "https://assets.shop.loblaws.ca/products/20303218008/b3/en/front/20303218008_front_a06_@2.png",
        "image_alt": "Gatorade Fruit Punch Sports Drink  6x591.0 ml, $0.14/100ml",
        "price_product_tile": "$4.99$4.99$5.49$5.49SAVE $0.50"
    },
    {
        "id": 10,
        "name": "Zero, Berry",
        "price": "6x591.0 ml, $0.14/100ml",
        "brand": "Gatorade",
        "image_url": "https://assets.shop.loblaws.ca/products/21164178/b3/en/front/21164178_front_a06_@2.png",
        "image_alt": "Gatorade Zero, Berry 6x591.0 ml, $0.14/100ml",
        "price_product_tile": "$4.99$4.99$5.49$5.49SAVE $0.50"
    },
    {
        "id": 11,
        "name": "Lemon Lime Sports Drink (Case)",
        "price": "6x591.0 ml, $0.14/100ml",
        "brand": "Gatorade",
        "image_url": "https://assets.shop.loblaws.ca/products/20303218004/b3/en/front/20303218004_front_a06_@2.png",
        "image_alt": "Gatorade Lemon Lime Sports Drink (Case) 6x591.0 ml, $0.14/100ml",
        "price_product_tile": "$4.99$4.99$5.49$5.49SAVE $0.50"
    },
    {
        "id": 12,
        "name": "Zero Glacier Cherry",
        "price": "6x591.0 ml, $0.14/100ml",
        "brand": "Gatorade",
        "image_url": "https://assets.shop.loblaws.ca/products/21584975/b3/en/front/21584975_front_a06_@2.png",
        "image_alt": "Gatorade Zero Glacier Cherry 6x591.0 ml, $0.14/100ml",
        "price_product_tile": "$4.99$4.99$5.49$5.49SAVE $0.50"
    },
    {
        "id": 13,
        "name": "Fierce Cool Blue Sports Drink",
        "price": "710 ml, $0.24/100ml",
        "brand": "Gatorade",
        "image_url": "https://assets.shop.loblaws.ca/products/20305775003/b3/en/front/20305775003_front_a06_@2.png",
        "image_alt": "Gatorade Fierce Cool Blue Sports Drink 710 ml, $0.24/100ml",
        "price_product_tile": "$1.69$1.69"
    },
    {
        "id": 14,
        "name": "Performance Fruit Punch",
        "price": "8x355.0 ml, $0.18/100ml",
        "brand": "Gatorade",
        "image_url": "https://assets.shop.loblaws.ca/products/21164181/b3/en/front/21164181_front_a06_@2.png",
        "image_alt": "Gatorade Performance Fruit Punch 8x355.0 ml, $0.18/100ml",
        "price_product_tile": "$4.99$4.99$5.49$5.49SAVE $0.50"
    },
    {
        "id": 15,
        "name": "Zero, Orange",
        "price": "6x591.0 ml, $0.14/100ml",
        "brand": "Gatorade",
        "image_url": "https://assets.shop.loblaws.ca/products/21164179/b3/en/front/21164179_front_a06_@2.png",
        "image_alt": "Gatorade Zero, Orange 6x591.0 ml, $0.14/100ml",
        "price_product_tile": "$4.99$4.99$5.49$5.49SAVE $0.50"
    },
    {
        "id": 16,
        "name": "G2, Grape",
        "price": "6x591.0 ml, $0.14/100ml",
        "brand": "Gatorade",
        "image_url": "https://assets.shop.loblaws.ca/products/20303218001/b3/en/front/20303218001_front_a06_@2.png",
        "image_alt": "Gatorade G2, Grape  6x591.0 ml, $0.14/100ml",
        "price_product_tile": "$4.99$4.99$5.49$5.49SAVE $0.50"
    },
    {
        "id": 17,
        "name": "G Zero Grape Sports Drink",
        "price": "6x591.0 ml, $0.14/100ml",
        "brand": "Gatorade",
        "image_url": "https://assets.shop.loblaws.ca/products/21357044/b3/en/front/21357044_front_a06_@2.png",
        "image_alt": "Gatorade G Zero Grape Sports Drink 6x591.0 ml, $0.14/100ml",
        "price_product_tile": "$4.99$4.99$5.49$5.49SAVE $0.50"
    },
    {
        "id": 18,
        "name": "Team Pack Electrolyte Beverage, Bottle 24 Pack",
        "price": "24x591.0 ml, $0.15/100ml",
        "brand": "Powerade",
        "image_url": "https://assets.shop.loblaws.ca/products/20854130/b3/en/front/20854130_front_a06_@2.png",
        "image_alt": "Powerade Team Pack Electrolyte Beverage, Bottle 24 Pack 24x591.0 ml, $0.15/100ml",
        "price_product_tile": "$20.99$20.99"
    },
    {
        "id": 19,
        "name": "Zero Ultra",
        "price": "473 ml, $0.63/100ml",
        "brand": "Monster Energy",
        "image_url": "https://assets.shop.loblaws.ca/products/20938521/b3/en/front/20938521_front_a06_@2.png",
        "image_alt": "Monster Energy Zero Ultra 473 ml, $0.63/100ml",
        "price_product_tile": "$3.00$3.00"
    },
    {
        "id": 20,
        "name": "Performance, Orange",
        "price": "8x355.0 ml, $0.18/100ml",
        "brand": "Gatorade",
        "image_url": "https://assets.shop.loblaws.ca/products/21164180/b3/en/front/21164180_front_a06_@2.png",
        "image_alt": "Gatorade Performance, Orange 8x355.0 ml, $0.18/100ml",
        "price_product_tile": "$4.99$4.99$5.49$5.49SAVE $0.50"
    },
    {
        "id": 21,
        "name": "Original",
        "price": "473 ml, $0.63/100ml",
        "brand": "Monster Energy",
        "image_url": "https://assets.shop.loblaws.ca/products/20938249/b3/en/front/20938249_front_a06_@2.png",
        "image_alt": "Monster Energy Original 473 ml, $0.63/100ml",
        "price_product_tile": "$3.00$3.00"
    },
    {
        "id": 22,
        "name": "Zero Cool Blue Sports Drink",
        "price": "710 ml, $0.24/100ml",
        "brand": "Gatorade",
        "image_url": "https://assets.shop.loblaws.ca/products/21357035/b3/en/front/21357035_front_a06_@2.png",
        "image_alt": "Gatorade Zero Cool Blue Sports Drink  710 ml, $0.24/100ml",
        "price_product_tile": "$1.69$1.69"
    },
    {
        "id": 23,
        "name": "Peach Vibe",
        "price": "355 ml, $0.85/100ml",
        "brand": "Celsius",
        "image_url": "https://assets.shop.loblaws.ca/products/21576466/b3/en/front/21576466_front_a06_@2.png",
        "image_alt": "Celsius Peach Vibe 355 ml, $0.85/100ml",
        "price_product_tile": "$3.00$3.00"
    },
    {
        "id": 24,
        "name": "Tropical",
        "price": "355 ml, $0.85/100ml",
        "brand": "Celsius",
        "image_url": "https://assets.shop.loblaws.ca/products/21576519/b3/en/front/21576519_front_a06_@2.png",
        "image_alt": "Celsius Tropical 355 ml, $0.85/100ml",
        "price_product_tile": "$3.00$3.00"
    },
    {
        "id": 25,
        "name": "Peach Party Cans, 12 Pack",
        "price": "12x341.0 ml, $0.20/100ml",
        "brand": "Peace Tea",
        "image_url": "https://assets.shop.loblaws.ca/products/21242429/b3/en/front/21242429_front_a06_@2.png",
        "image_alt": "Peace Tea Peach Party Cans, 12 Pack 12x341.0 ml, $0.20/100ml",
        "price_product_tile": "$7.99$7.99"
    },
    {
        "id": 26,
        "name": "Energy Drink\u2122",
        "price": "250 ml, $1.20/100ml",
        "brand": "Red Bull",
        "image_url": "https://assets.shop.loblaws.ca/products/20702466/b3/en/front/20702466_front_a06_@2.png",
        "image_alt": "Red Bull Energy Drink\u2122 250 ml, $1.20/100ml",
        "price_product_tile": "$3.00$3.00"
    },
    {
        "id": 27,
        "name": "Fierce Orange Sports Drink",
        "price": "710 ml, $0.24/100ml",
        "brand": "Gatorade",
        "image_url": "https://assets.shop.loblaws.ca/products/20305775004/b3/en/front/20305775004_front_a06_@2.png",
        "image_alt": "Gatorade Fierce Orange Sports Drink 710 ml, $0.24/100ml",
        "price_product_tile": "$1.69$1.69"
    },
    {
        "id": 28,
        "name": "Fierce Fruit Punch Sports Drink",
        "price": "710 ml, $0.24/100ml",
        "brand": "Gatorade",
        "image_url": "https://assets.shop.loblaws.ca/products/20305775001/b3/en/front/20305775001_front_a06_@2.png",
        "image_alt": "Gatorade Fierce Fruit Punch Sports Drink 710 ml, $0.24/100ml",
        "price_product_tile": "$1.69$1.69"
    },
    {
        "id": 29,
        "name": "Hydration Drink Ice Pop",
        "price": "500 ml, $0.60/100ml",
        "brand": "Prime Hydration",
        "image_url": "https://assets.shop.loblaws.ca/products/21529789/b3/en/front/21529789_front_a06_@2.png",
        "image_alt": "Prime Hydration Hydration Drink Ice Pop 500 ml, $0.60/100ml",
        "price_product_tile": "$2.99$2.99"
    },
    {
        "id": 30,
        "name": "Razzleberry",
        "price": "12x341.0 ml, $0.20/100ml",
        "brand": "Peace Tea",
        "image_url": "https://assets.shop.loblaws.ca/products/21242490/b3/en/front/21242490_front_a06_@2.png",
        "image_alt": "Peace Tea Razzleberry 12x341.0 ml, $0.20/100ml",
        "price_product_tile": "$7.99$7.99"
    },
    {
        "id": 31,
        "name": "Frappuccino Vanilla Coffee Drink",
        "price": "405 ml, $0.74/100ml",
        "brand": "Starbucks",
        "image_url": "https://assets.shop.loblaws.ca/products/20662689/b3/en/front/20662689_front_a06_@2.png",
        "image_alt": "Starbucks Frappuccino Vanilla Coffee Drink 405 ml, $0.74/100ml",
        "price_product_tile": "$3.00$3.00"
    },
    {
        "id": 32,
        "name": "Ultra Strawberry Dreams",
        "price": "473 ml, $0.63/100ml",
        "brand": "Monster",
        "image_url": "https://assets.shop.loblaws.ca/products/21588702/b3/en/front/21588702_front_a06_@2.png",
        "image_alt": "Monster Ultra Strawberry Dreams 473 ml, $0.63/100ml",
        "price_product_tile": "$3.00$3.00"
    },
    {
        "id": 33,
        "name": "Frappuccino Mocha Coffee Drink",
        "price": "405 ml, $0.74/100ml",
        "brand": "Starbucks",
        "image_url": "https://assets.shop.loblaws.ca/products/20660857/b3/en/front/20660857_front_a06_@2.png",
        "image_alt": "Starbucks Frappuccino Mocha Coffee Drink 405 ml, $0.74/100ml",
        "price_product_tile": "$3.00$3.00"
    },
    {
        "id": 34,
        "name": "Orange",
        "price": "355 ml, $0.85/100ml",
        "brand": "Celsius",
        "image_url": "https://assets.shop.loblaws.ca/products/21576458/b3/en/front/21576458_front_a06_@2.png",
        "image_alt": "Celsius Orange 355 ml, $0.85/100ml",
        "price_product_tile": "$3.00$3.00"
    },
    {
        "id": 35,
        "name": "Ultra Peachy Keen",
        "price": "473 ml, $0.63/100ml",
        "brand": "Monster Energy",
        "image_url": "https://assets.shop.loblaws.ca/products/21518499/b3/en/front/21518499_front_a06_@2.png",
        "image_alt": "Monster Energy Ultra Peachy Keen 473 ml, $0.63/100ml",
        "price_product_tile": "$3.00$3.00"
    },
    {
        "id": 36,
        "name": "Kiwi Guava",
        "price": "355 ml, $0.85/100ml",
        "brand": "Celsius",
        "image_url": "https://assets.shop.loblaws.ca/products/21576894/b3/en/front/21576894_front_a06_@2.png",
        "image_alt": "Celsius Kiwi Guava 355 ml, $0.85/100ml",
        "price_product_tile": "$3.00$3.00"
    },
    {
        "id": 37,
        "name": "Energy Drink Sugarfree\u2122",
        "price": "250 ml, $1.20/100ml",
        "brand": "Red Bull",
        "image_url": "https://assets.shop.loblaws.ca/products/20702497/b3/en/front/20702497_front_a06_@2.png",
        "image_alt": "Red Bull Energy Drink Sugarfree\u2122 250 ml, $1.20/100ml",
        "price_product_tile": "$3.00$3.00"
    },
    {
        "id": 38,
        "name": "Energy Drink",
        "price": "250 ml, $0.52/100ml",
        "brand": "Alokozay",
        "image_url": "https://assets.shop.loblaws.ca/products/21567088/b3/en/front/21567088_front_a06_@2.png",
        "image_alt": "Alokozay Energy Drink 250 ml, $0.52/100ml",
        "price_product_tile": "$1.29$1.29"
    },
    {
        "id": 39,
        "name": "G FIT Citrus Berry",
        "price": "6x500.0 ml, $0.27/100ml",
        "brand": "Gatorade",
        "image_url": "https://assets.shop.loblaws.ca/products/21521362/b3/en/front/21521362_front_a06_@2.png",
        "image_alt": "Gatorade G FIT Citrus Berry 6x500.0 ml, $0.27/100ml",
        "price_product_tile": "$7.99$7.99$10.49$10.49SAVE $2.50"
    },
    {
        "id": 40,
        "name": "Cherry Limeade, Can",
        "price": "473 ml, $0.63/100ml",
        "brand": "Reign",
        "image_url": "https://assets.shop.loblaws.ca/products/21588718/b3/en/front/21588718_front_a06_@2.png",
        "image_alt": "Reign Cherry Limeade, Can 473 ml, $0.63/100ml",
        "price_product_tile": "$3.00$3.00"
    },
    {
        "id": 41,
        "name": "Zero Sugar",
        "price": "473 ml, $0.63/100ml",
        "brand": "Monster Energy",
        "image_url": "https://assets.shop.loblaws.ca/products/20938012/b3/en/front/20938012_front_a06_@2.png",
        "image_alt": "Monster Energy Zero Sugar 473 ml, $0.63/100ml",
        "price_product_tile": "$3.00$3.00"
    },
    {
        "id": 42,
        "name": "Reignbow Sherbet",
        "price": "473 ml, $0.63/100ml",
        "brand": "Reign",
        "image_url": "https://assets.shop.loblaws.ca/products/21519767/b3/en/front/21519767_front_a06_@2.png",
        "image_alt": "Reign Reignbow Sherbet 473 ml, $0.63/100ml",
        "price_product_tile": "$3.00$3.00"
    },
    {
        "id": 43,
        "name": "Ultra Fiesta",
        "price": "473 ml, $0.63/100ml",
        "brand": "Monster Energy",
        "image_url": "https://assets.shop.loblaws.ca/products/21357112/b3/en/front/21357112_front_a06_@2.png",
        "image_alt": "Monster Energy Ultra Fiesta 473 ml, $0.63/100ml",
        "price_product_tile": "$3.00$3.00"
    },
    {
        "id": 44,
        "name": "Kiwi Blend Can",
        "price": "355 ml, $0.85/100ml",
        "brand": "Reign",
        "image_url": "https://assets.shop.loblaws.ca/products/21595360/b3/en/front/21595360_front_a06_@2.png",
        "image_alt": "Reign Kiwi Blend Can 355 ml, $0.85/100ml",
        "price_product_tile": "$3.00$3.00"
    },
    {
        "id": 45,
        "name": "Peach Nectarine Can",
        "price": "355 ml, $0.85/100ml",
        "brand": "Reign",
        "image_url": "https://assets.shop.loblaws.ca/products/21595694/b3/en/front/21595694_front_a06_@2.png",
        "image_alt": "Reign Peach Nectarine Can 355 ml, $0.85/100ml",
        "price_product_tile": "$3.00$3.00"
    },
    {
        "id": 46,
        "name": "SuperDrink Orange Mango Bottle",
        "price": "473 ml, $0.63/100ml",
        "brand": "BodyArmor",
        "image_url": "https://assets.shop.loblaws.ca/products/21586596/b3/en/front/21586596_front_a06_@2.png",
        "image_alt": "BodyArmor SuperDrink Orange Mango Bottle 473 ml, $0.63/100ml",
        "price_product_tile": "$2.99$2.99"
    },
    {
        "id": 47,
        "name": "Vanilla High-Protein Milk Shake, Bottle",
        "price": "414 ml, $0.92/100ml",
        "brand": "Core Power",
        "image_url": "https://assets.shop.loblaws.ca/products/21165945/b3/en/front/21165945_front_a06_@2.png",
        "image_alt": "Core Power Vanilla High-Protein Milk Shake, Bottle 414 ml, $0.92/100ml",
        "price_product_tile": "$3.79$3.79"
    },
    {
        "id": 48,
        "name": "Punch Mango Loco",
        "price": "4x473.0 ml, $0.53/100ml",
        "brand": "Monster Energy",
        "image_url": "https://assets.shop.loblaws.ca/products/21239622/b3/en/front/21239622_front_a06_@2.png",
        "image_alt": "Monster Energy Punch Mango Loco 4x473.0 ml, $0.53/100ml",
        "price_product_tile": "$9.99$9.99"
    },
    {
        "id": 49,
        "name": "SuperDrink Orange Mango Bottle",
        "price": "473 ml, $0.63/100ml",
        "brand": "BodyArmor",
        "image_url": "https://assets.shop.loblaws.ca/products/21586596/b3/en/front/21586596_front_a06_@2.png",
        "image_alt": "BodyArmor SuperDrink Orange Mango Bottle 473 ml, $0.63/100ml",
        "price_product_tile": "$2.99$2.99"
    },
    {
        "id": 50,
        "name": "Energy Drink Zero Sugar Peach Mango",
        "price": "473 ml, $0.74/100ml",
        "brand": "Bang",
        "image_url": "https://assets.shop.loblaws.ca/products/21618309/b3/en/front/21618309_front_a06_@2.png",
        "image_alt": "Bang Energy Drink Zero Sugar Peach Mango 473 ml, $0.74/100ml",
        "price_product_tile": "$3.49$3.49"
    },
    {
        "id": 51,
        "name": "Energy Drink, Peach-Nectarine",
        "price": "4x250.0 ml, $1.00/100ml",
        "brand": "Red Bull",
        "image_url": "https://assets.shop.loblaws.ca/products/21241822/b3/en/front/21241822_front_a06_@2.png",
        "image_alt": "Red Bull Energy Drink, Peach-Nectarine 4x250.0 ml, $1.00/100ml",
        "price_product_tile": "$9.99$9.99"
    },
    {
        "id": 52,
        "name": "Energy Drink The Red Edition\u2122",
        "price": "250 ml, $1.20/100ml",
        "brand": "Red Bull",
        "image_url": "https://assets.shop.loblaws.ca/products/21581367/b3/en/front/21581367_front_a06_@2.png",
        "image_alt": "Red Bull Energy Drink The Red Edition\u2122 250 ml, $1.20/100ml",
        "price_product_tile": "$3.00$3.00"
    },
    {
        "id": 53,
        "name": "Java Mean Bean",
        "price": "444 ml, $0.68/100ml",
        "brand": "Monster Energy",
        "image_url": "https://assets.shop.loblaws.ca/products/20938099/b3/en/front/20938099_front_a06_@2.png",
        "image_alt": "Monster Energy Java Mean Bean 444 ml, $0.68/100ml",
        "price_product_tile": "$3.00$3.00"
    },
    {
        "id": 54,
        "name": "SuperDrink Strawberry Banana Bottle",
        "price": "473 ml, $0.63/100ml",
        "brand": "BodyArmor",
        "image_url": "https://assets.shop.loblaws.ca/products/21582808/b3/en/front/21582808_front_a06_@2.png",
        "image_alt": "BodyArmor SuperDrink Strawberry Banana Bottle 473 ml, $0.63/100ml",
        "price_product_tile": "$2.99$2.99"
    },
    {
        "id": 55,
        "name": "Energy Drink Sugarfree\u2122",
        "price": "4x250.0 ml, $1.00/100ml",
        "brand": "Red Bull",
        "image_url": "https://assets.shop.loblaws.ca/products/20166737002/b3/en/front/20166737002_front_a06_@2.png",
        "image_alt": "Red Bull Energy Drink Sugarfree\u2122 4x250.0 ml, $1.00/100ml",
        "price_product_tile": "$9.99$9.99"
    },
    {
        "id": 56,
        "name": "Zero Sugar",
        "price": "4x473.0 ml, $0.53/100ml",
        "brand": "Monster Energy",
        "image_url": "https://assets.shop.loblaws.ca/products/21529177/b3/en/front/21529177_front_a06_@2.png",
        "image_alt": "Monster Energy Zero Sugar 4x473.0 ml, $0.53/100ml",
        "price_product_tile": "$9.99$9.99"
    },
    {
        "id": 57,
        "name": "Frost Lemon-Lime (Instant) Powder",
        "price": "560 g, $1.48/100g",
        "brand": "Gatorade",
        "image_url": "https://assets.shop.loblaws.ca/products/20336724002/b3/en/front/20336724002_front_a06_@2.png",
        "image_alt": "Gatorade Frost Lemon-Lime (Instant) Powder 560 g, $1.48/100g",
        "price_product_tile": "$8.29$8.29"
    },
    {
        "id": 58,
        "name": "Ultra Sunrise",
        "price": "473 ml, $0.63/100ml",
        "brand": "Monster Energy",
        "image_url": "https://assets.shop.loblaws.ca/products/20875127/b3/en/front/20875127_front_a06_@2.png",
        "image_alt": "Monster Energy Ultra Sunrise 473 ml, $0.63/100ml",
        "price_product_tile": "$3.00$3.00"
    },
    {
        "id": 59,
        "name": "Punch Aussie Style Lemonade",
        "price": "473 ml, $0.63/100ml",
        "brand": "Monster Energy",
        "image_url": "https://assets.shop.loblaws.ca/products/21519934/b3/en/front/21519934_front_a06_@2.png",
        "image_alt": "Monster Energy Punch Aussie Style Lemonade 473 ml, $0.63/100ml",
        "price_product_tile": "$3.00$3.00"
    },
    {
        "id": 60,
        "name": "Lyte Peach Mango",
        "price": "473 ml, $0.63/100ml",
        "brand": "BodyArmor",
        "image_url": "https://assets.shop.loblaws.ca/products/21585195/b3/en/front/21585195_front_a06_@2.png",
        "image_alt": "BodyArmor Lyte Peach Mango 473 ml, $0.63/100ml",
        "price_product_tile": "$2.99$2.99"
    },
    {
        "id": 61,
        "name": "Ultra Gold",
        "price": "473 ml, $0.63/100ml",
        "brand": "Monster Energy",
        "image_url": "https://assets.shop.loblaws.ca/products/21438319/b3/en/front/21438319_front_a06_@2.png",
        "image_alt": "Monster Energy Ultra Gold 473 ml, $0.63/100ml",
        "price_product_tile": "$3.00$3.00"
    },
    {
        "id": 62,
        "name": "Energy Drink Sugarfree\u2122",
        "price": "8x250.0 ml, $0.90/100ml",
        "brand": "Red Bull",
        "image_url": "https://assets.shop.loblaws.ca/products/21022950/b3/en/front/21022950_front_a06_@2.png",
        "image_alt": "Red Bull Energy Drink Sugarfree\u2122 8x250.0 ml, $0.90/100ml",
        "price_product_tile": "$17.99$17.99$18.99$18.99SAVE $1.00"
    },
    {
        "id": 63,
        "name": "GFIT Watermelon Strawberry",
        "price": "828 ml, $0.24/100ml",
        "brand": "Gatorade",
        "image_url": "https://assets.shop.loblaws.ca/products/21516011/b3/en/front/21516011_front_a06_@2.png",
        "image_alt": "Gatorade GFIT Watermelon Strawberry 828 ml, $0.24/100ml",
        "price_product_tile": "$1.99$1.99$2.54$2.54SAVE $0.55"
    },
    {
        "id": 64,
        "name": "Sparkling Guava Beverage",
        "price": "355 ml, $0.56/100ml",
        "brand": "Rubicon",
        "image_url": "https://assets.shop.loblaws.ca/products/21456792/b3/en/front/21456792_front_a06_@2.png",
        "image_alt": "Rubicon Sparkling Guava Beverage 355 ml, $0.56/100ml",
        "price_product_tile": "$2.00$2.00$2.29$2.29SAVE $0.29"
    },
    {
        "id": 65,
        "name": "Energy Drink\u2122",
        "price": "8x250.0 ml, $0.90/100ml",
        "brand": "Red Bull",
        "image_url": "https://assets.shop.loblaws.ca/products/20096534001/b3/en/front/20096534001_front_a06_@2.png",
        "image_alt": "Red Bull Energy Drink\u2122 8x250.0 ml, $0.90/100ml",
        "price_product_tile": "$17.99$17.99$18.99$18.99SAVE $1.00"
    },
    {
        "id": 66,
        "name": "Energy Drink Zero Sugar Black Cherry Vanilla",
        "price": "473 ml, $0.74/100ml",
        "brand": "Bang",
        "image_url": "https://assets.shop.loblaws.ca/products/21445063/b3/en/front/21445063_front_a06_@2.png",
        "image_alt": "Bang Energy Drink Zero Sugar Black Cherry Vanilla 473 ml, $0.74/100ml",
        "price_product_tile": "$3.49$3.49"
    },
    {
        "id": 67,
        "name": "Energy Drink",
        "price": "355 ml, $1.21/100ml",
        "brand": "Red Bull",
        "image_url": "https://assets.shop.loblaws.ca/products/20134482001/b3/en/front/20134482001_front_a06_@2.png",
        "image_alt": "Red Bull Energy Drink 355 ml, $1.21/100ml",
        "price_product_tile": "$4.29$4.29"
    },
    {
        "id": 68,
        "name": "Gatorlyte Sport Drink Strawberry Kiwi",
        "price": "591 ml, $0.34/100ml",
        "brand": "Gatorade",
        "image_url": "https://assets.shop.loblaws.ca/products/21449960/b3/en/front/21449960_front_a06_@2.png",
        "image_alt": "Gatorade Gatorlyte Sport Drink Strawberry Kiwi 591 ml, $0.34/100ml",
        "price_product_tile": "$1.99$1.99"
    },
    {
        "id": 69,
        "name": "G FIT Blackberry Raspberry",
        "price": "828 ml, $0.24/100ml",
        "brand": "Gatorade",
        "image_url": "https://assets.shop.loblaws.ca/products/21585283/b3/en/front/21585283_front_a06_@2.png",
        "image_alt": "Gatorade G FIT Blackberry Raspberry 828 ml, $0.24/100ml",
        "price_product_tile": "$1.99$1.99"
    },
    {
        "id": 70,
        "name": "Energy Drink Sugarfree\u2122",
        "price": "355 ml, $1.21/100ml",
        "brand": "Red Bull",
        "image_url": "https://assets.shop.loblaws.ca/products/20134482002/b3/en/front/20134482002_front_a06_@2.png",
        "image_alt": "Red Bull Energy Drink Sugarfree\u2122 355 ml, $1.21/100ml",
        "price_product_tile": "$4.29$4.29"
    },
    {
        "id": 71,
        "name": "Pure Zero Punched Energy Drink",
        "price": "473 ml, $0.63/100ml",
        "brand": "Rockstar",
        "image_url": "https://assets.shop.loblaws.ca/products/20853077002/b3/en/front/20853077002_front_a06_@2.png",
        "image_alt": "Rockstar Pure Zero Punched Energy Drink 473 ml, $0.63/100ml",
        "price_product_tile": "$3.00$3.00"
    },
    {
        "id": 72,
        "name": "Energy Drink The Yellow Edition\u2122",
        "price": "4x250.0 ea",
        "brand": "Red Bull",
        "image_url": "https://assets.shop.loblaws.ca/products/20952938/b3/en/front/20952938_front_a06_@2.png",
        "image_alt": "Red Bull Energy Drink The Yellow Edition\u2122 4x250.0 ea",
        "price_product_tile": "$9.99$9.99"
    },
    {
        "id": 73,
        "name": "Lyte Blueberry Pomegranate",
        "price": "473 ml, $0.63/100ml",
        "brand": "BodyArmor",
        "image_url": "https://assets.shop.loblaws.ca/products/21586715/b3/en/front/21586715_front_a06_@2.png",
        "image_alt": "BodyArmor Lyte Blueberry Pomegranate 473 ml, $0.63/100ml",
        "price_product_tile": "$2.99$2.99"
    },
    {
        "id": 74,
        "name": "Rehab Tea+Lemonade",
        "price": "458 ml, $0.66/100ml",
        "brand": "Monster Energy",
        "image_url": "https://assets.shop.loblaws.ca/products/21396365/b3/en/front/21396365_front_a06_@2.png",
        "image_alt": "Monster Energy Rehab Tea+Lemonade 458 ml, $0.66/100ml",
        "price_product_tile": "$3.00$3.00"
    },
    {
        "id": 75,
        "name": "Punched Fruit Punch Energy Drink",
        "price": "473 ml, $0.63/100ml",
        "brand": "Rockstar",
        "image_url": "https://assets.shop.loblaws.ca/products/20368415011/b3/en/front/20368415011_front_a06_@2.png",
        "image_alt": "Rockstar Punched Fruit Punch Energy Drink  473 ml, $0.63/100ml",
        "price_product_tile": "$3.00$3.00"
    },
    {
        "id": 76,
        "name": "GFIT Tropical Mango",
        "price": "828 ml, $0.24/100ml",
        "brand": "Gatorade",
        "image_url": "https://assets.shop.loblaws.ca/products/21516025/b3/en/front/21516025_front_a06_@2.png",
        "image_alt": "Gatorade GFIT Tropical Mango 828 ml, $0.24/100ml",
        "price_product_tile": "$1.99$1.99$2.24$2.24SAVE $0.25"
    },
    {
        "id": 77,
        "name": "Reserve Watermelon",
        "price": "473 ml, $0.63/100ml",
        "brand": "Monster Energy",
        "image_url": "https://assets.shop.loblaws.ca/products/21475289/b3/en/front/21475289_front_a06_@2.png",
        "image_alt": "Monster Energy Reserve Watermelon 473 ml, $0.63/100ml",
        "price_product_tile": "$3.00$3.00"
    },
    {
        "id": 78,
        "name": "Frost Glacier Freeze Powder",
        "price": "560 g, $1.48/100g",
        "brand": "Gatorade",
        "image_url": "https://assets.shop.loblaws.ca/products/20336724001/b3/en/front/20336724001_front_a06_@2.png",
        "image_alt": "Gatorade Frost Glacier Freeze Powder 560 g, $1.48/100g",
        "price_product_tile": "$8.29$8.29"
    },
    {
        "id": 79,
        "name": "Ultra Watermelon",
        "price": "473 ml, $0.63/100ml",
        "brand": "Monster Energy",
        "image_url": "https://assets.shop.loblaws.ca/products/21394805/b3/en/front/21394805_front_a06_@2.png",
        "image_alt": "Monster Energy Ultra Watermelon 473 ml, $0.63/100ml",
        "price_product_tile": "$3.00$3.00"
    },
    {
        "id": 80,
        "name": "Instant Breakfast Beverage Vanilla Flavour",
        "price": "250 ml, $0.72/100ml",
        "brand": "Supligen",
        "image_url": "https://assets.shop.loblaws.ca/products/21381630/b3/en/front/21381630_front_a06_@2.png",
        "image_alt": "Supligen Instant Breakfast Beverage Vanilla Flavour 250 ml, $0.72/100ml",
        "price_product_tile": "$1.79$1.79"
    },
    {
        "id": 81,
        "name": "Ultra Variety Pack Cans",
        "price": "12x473.0 ml, $0.53/100ml",
        "brand": "Monster Energy",
        "image_url": "https://assets.shop.loblaws.ca/products/21593805/b3/en/front/21593805_front_a06_@2.png",
        "image_alt": "Monster Energy Ultra Variety Pack Cans 12x473.0 ml, $0.53/100ml",
        "price_product_tile": "$29.99$29.99"
    },
    {
        "id": 82,
        "name": "Energy Drink Sugarfree\u2122",
        "price": "473 ml, $1.05/100ml",
        "brand": "Red Bull",
        "image_url": "https://assets.shop.loblaws.ca/products/20772666/b3/en/front/20772666_front_a06_@2.png",
        "image_alt": "Red Bull Energy Drink Sugarfree\u2122 473 ml, $1.05/100ml",
        "price_product_tile": "$4.99$4.99"
    },
    {
        "id": 83,
        "name": "Gatorlyte Sport Drink Cherry Lime",
        "price": "591 ml, $0.34/100ml",
        "brand": "Gatorade",
        "image_url": "https://assets.shop.loblaws.ca/products/21449905/b3/en/front/21449905_front_a06_@2.png",
        "image_alt": "Gatorade Gatorlyte Sport Drink Cherry Lime  591 ml, $0.34/100ml",
        "price_product_tile": "$1.99$1.99"
    },
    {
        "id": 84,
        "name": "Banana High-Protein Milk Shake, Bottle",
        "price": "414 ml, $0.92/100ml",
        "brand": "Core Power",
        "image_url": "https://assets.shop.loblaws.ca/products/21166381/b3/en/front/21166381_front_a06_@2.png",
        "image_alt": "Core Power Banana High-Protein Milk Shake, Bottle 414 ml, $0.92/100ml",
        "price_product_tile": "$3.79$3.79"
    },
    {
        "id": 85,
        "name": "Sparkling Passion Fruit Beverage",
        "price": "355 ml, $0.56/100ml",
        "brand": "Rubicon",
        "image_url": "https://assets.shop.loblaws.ca/products/21456791/b3/en/front/21456791_front_a06_@2.png",
        "image_alt": "Rubicon Sparkling Passion Fruit Beverage 355 ml, $0.56/100ml",
        "price_product_tile": "$2.00$2.00$2.29$2.29SAVE $0.29"
    },
    {
        "id": 86,
        "name": "Chocolate High-Protein Milk Shake, Bottle",
        "price": "414 ml, $0.92/100ml",
        "brand": "Core Power",
        "image_url": "https://assets.shop.loblaws.ca/products/21166000/b3/en/front/21166000_front_a06_@2.png",
        "image_alt": "Core Power Chocolate High-Protein Milk Shake, Bottle 414 ml, $0.92/100ml",
        "price_product_tile": "$3.79$3.79"
    },
    {
        "id": 87,
        "name": "SuperDrink Fruit Punch Bottle",
        "price": "473 ml, $0.63/100ml",
        "brand": "BodyArmor",
        "image_url": "https://assets.shop.loblaws.ca/products/21583338/b3/en/front/21583338_front_a06_@2.png",
        "image_alt": "BodyArmor SuperDrink Fruit Punch Bottle 473 ml, $0.63/100ml",
        "price_product_tile": "$2.99$2.99"
    },
    {
        "id": 88,
        "name": "Original",
        "price": "4x473.0 ml, $0.53/100ml",
        "brand": "Monster Energy",
        "image_url": "https://assets.shop.loblaws.ca/products/20937631/b3/en/front/20937631_front_a06_@2.png",
        "image_alt": "Monster Energy Original 4x473.0 ml, $0.53/100ml",
        "price_product_tile": "$9.99$9.99"
    },
    {
        "id": 89,
        "name": "Reserve White Pineapple",
        "price": "473 ml, $0.63/100ml",
        "brand": "Monster Energy",
        "image_url": "https://assets.shop.loblaws.ca/products/21475288/b3/en/front/21475288_front_a06_@2.png",
        "image_alt": "Monster Energy Reserve White Pineapple 473 ml, $0.63/100ml",
        "price_product_tile": "$3.00$3.00"
    },
    {
        "id": 90,
        "name": "Punch Mango Loco",
        "price": "473 ml, $0.63/100ml",
        "brand": "Monster Energy",
        "image_url": "https://assets.shop.loblaws.ca/products/21128337/b3/en/front/21128337_front_a06_@2.png",
        "image_alt": "Monster Energy Punch Mango Loco 473 ml, $0.63/100ml",
        "price_product_tile": "$3.00$3.00"
    },
    {
        "id": 91,
        "name": "Rehab Wild Berry Tea, Can",
        "price": "458 ml, $0.66/100ml",
        "brand": "Monster",
        "image_url": "https://assets.shop.loblaws.ca/products/21588655/b3/en/front/21588655_front_a06_@2.png",
        "image_alt": "Monster Rehab Wild Berry Tea, Can 458 ml, $0.66/100ml",
        "price_product_tile": "$3.00$3.00"
    },
    {
        "id": 92,
        "name": "Energy Drink The Red Edition\u2122",
        "price": "4x250.0 ml, $1.00/100ml",
        "brand": "Red Bull",
        "image_url": "https://assets.shop.loblaws.ca/products/21291177/b3/en/front/21291177_front_a06_@2.png",
        "image_alt": "Red Bull Energy Drink The Red Edition\u2122 4x250.0 ml, $1.00/100ml",
        "price_product_tile": "$9.99$9.99"
    },
    {
        "id": 93,
        "name": "Lyte Dragonfruit Berry",
        "price": "473 ml, $0.63/100ml",
        "brand": "BodyArmor",
        "image_url": "https://assets.shop.loblaws.ca/products/21582710/b3/en/front/21582710_front_a06_@2.png",
        "image_alt": "BodyArmor Lyte Dragonfruit Berry 473 ml, $0.63/100ml",
        "price_product_tile": "$2.99$2.99"
    },
    {
        "id": 94,
        "name": "Ultra Rosa",
        "price": "473 ml, $0.63/100ml",
        "brand": "Monster Energy",
        "image_url": "https://assets.shop.loblaws.ca/products/21307944/b3/en/front/21307944_front_a06_@2.png",
        "image_alt": "Monster Energy Ultra Rosa 473 ml, $0.63/100ml",
        "price_product_tile": "$3.00$3.00"
    },
    {
        "id": 95,
        "name": "Reserve Orange Dreamsicle, Can",
        "price": "473 ml, $0.63/100ml",
        "brand": "Monster",
        "image_url": "https://assets.shop.loblaws.ca/products/21588692/b3/en/front/21588692_front_a06_@2.png",
        "image_alt": "Monster Reserve Orange Dreamsicle, Can 473 ml, $0.63/100ml",
        "price_product_tile": "$3.00$3.00"
    },
    {
        "id": 96,
        "name": "Gatorlyte Sport Drink Orange",
        "price": "591 ml, $0.34/100ml",
        "brand": "Gatorade",
        "image_url": "https://assets.shop.loblaws.ca/products/21449906/b3/en/front/21449906_front_a06_@2.png",
        "image_alt": "Gatorade Gatorlyte Sport Drink Orange  591 ml, $0.34/100ml",
        "price_product_tile": "$1.99$1.99"
    },
    {
        "id": 97,
        "name": "Energy Nutrition Drink Vanilla",
        "price": "325 ml, $1.47/100ml",
        "brand": "Nutrament",
        "image_url": "https://assets.shop.loblaws.ca/products/21613313/b3/en/front/21613313_front_a06_@2.png",
        "image_alt": "Nutrament Energy Nutrition Drink Vanilla 325 ml, $1.47/100ml",
        "price_product_tile": "$4.79$4.79"
    },
    {
        "id": 98,
        "name": "Instant Breakfast Beverage Vanilla Flavour",
        "price": "290 ml, $1.03/100ml",
        "brand": "Supligen",
        "image_url": "https://assets.shop.loblaws.ca/products/21416978/b3/en/front/21416978_front_a06_@2.png",
        "image_alt": "Supligen Instant Breakfast Beverage Vanilla Flavour 290 ml, $1.03/100ml",
        "price_product_tile": "$2.99$2.99"
    },
    {
        "id": 99,
        "name": "Frost Orange (Instant) Powder",
        "price": "560 g, $1.48/100g",
        "brand": "Gatorade",
        "image_url": "https://assets.shop.loblaws.ca/products/20336724003/b3/en/front/20336724003_front_a06_@2.png",
        "image_alt": "Gatorade Frost Orange (Instant) Powder 560 g, $1.48/100g",
        "price_product_tile": "$8.29$8.29"
    },
    {
        "id": 100,
        "name": "Punched Orange Swirl",
        "price": "473 ml, $1.12/100ml",
        "brand": "Rockstar",
        "image_url": "https://assets.shop.loblaws.ca/products/21611210/b3/en/front/21611210_front_a06_@2.png",
        "image_alt": "Rockstar Punched Orange Swirl 473 ml, $1.12/100ml",
        "price_product_tile": "$5.29$5.29"
    },
    {
        "id": 101,
        "name": "Punched Strawberry Swirl",
        "price": "473 ml, $1.12/100ml",
        "brand": "Rockstar",
        "image_url": "https://assets.shop.loblaws.ca/products/21608447/b3/en/front/21608447_front_a06_@2.png",
        "image_alt": "Rockstar Punched Strawberry Swirl 473 ml, $1.12/100ml",
        "price_product_tile": "$5.29$5.29"
    },
    {
        "id": 102,
        "name": "Energy Drink\u2122",
        "price": "473 ml, $1.05/100ml",
        "brand": "Red Bull",
        "image_url": "https://assets.shop.loblaws.ca/products/20370365001/b3/en/front/20370365001_front_a06_@2.png",
        "image_alt": "Red Bull Energy Drink\u2122 473 ml, $1.05/100ml",
        "price_product_tile": "$4.99$4.99"
    },
    {
        "id": 103,
        "name": "Energy Drink The Apricot Edition\u2122 Sans Sucre",
        "price": "250 ml, $1.20/100ml",
        "brand": "Red Bull",
        "image_url": "https://assets.shop.loblaws.ca/products/21581360/b3/en/front/21581360_front_a06_@2.png",
        "image_alt": "Red Bull Energy Drink The Apricot Edition\u2122 Sans Sucre 250 ml, $1.20/100ml",
        "price_product_tile": "$3.00$3.00"
    },
    {
        "id": 104,
        "name": "Zero Sugar Can",
        "price": "473 ml, $0.63/100ml",
        "brand": "NOS",
        "image_url": "https://assets.shop.loblaws.ca/products/21595752/b3/en/front/21595752_front_a06_@2.png",
        "image_alt": "NOS Zero Sugar Can 473 ml, $0.63/100ml",
        "price_product_tile": "$3.00$3.00"
    },
    {
        "id": 105,
        "name": "Reignbow Sherbet",
        "price": "4x473.0 ml, $0.53/100ml",
        "brand": "Reign",
        "image_url": "https://assets.shop.loblaws.ca/products/21530775/b3/en/front/21530775_front_a06_@2.png",
        "image_alt": "Reign Reignbow Sherbet 4x473.0 ml, $0.53/100ml",
        "price_product_tile": "$9.99$9.99"
    },
    {
        "id": 106,
        "name": "Ultra Gold",
        "price": "4x473.0 ml, $0.32/100ml",
        "brand": "Monster Energy",
        "image_url": "https://assets.shop.loblaws.ca/products/21438343/b3/en/front/21438343_front_a06_@2.png",
        "image_alt": "Monster Energy Ultra Gold 4x473.0 ml, $0.32/100ml",
        "price_product_tile": "$5.99$5.99"
    },
    {
        "id": 107,
        "name": "Pacific Punch",
        "price": "473 ml, $0.63/100ml",
        "brand": "Monster Energy",
        "image_url": "https://assets.shop.loblaws.ca/products/21193993/b3/en/front/21193993_front_a06_@2.png",
        "image_alt": "Monster Energy Pacific Punch 473 ml, $0.63/100ml",
        "price_product_tile": "$3.00$3.00"
    },
    {
        "id": 108,
        "name": "SuperDrink Strawberry Grape Bottle",
        "price": "473 ml, $0.63/100ml",
        "brand": "BodyArmor",
        "image_url": "https://assets.shop.loblaws.ca/products/21586684/b3/en/front/21586684_front_a06_@2.png",
        "image_alt": "BodyArmor SuperDrink Strawberry Grape Bottle 473 ml, $0.63/100ml",
        "price_product_tile": "$2.99$2.99"
    },
    {
        "id": 109,
        "name": "Hydration Drink Lemonade",
        "price": "500 ml, $0.60/100ml",
        "brand": "Prime Hydration",
        "image_url": "https://assets.shop.loblaws.ca/products/21589302/b3/en/front/21589302_front_a06_@2.png",
        "image_alt": "Prime Hydration Hydration Drink Lemonade 500 ml, $0.60/100ml",
        "price_product_tile": "$2.99$2.99"
    },
    {
        "id": 110,
        "name": "Hydration Drink Meta Moon",
        "price": "500 ml, $0.60/100ml",
        "brand": "Prime Hydration",
        "image_url": "https://assets.shop.loblaws.ca/products/21562805/b3/en/front/21562805_front_a06_@2.png",
        "image_alt": "Prime Hydration Hydration Drink Meta Moon 500 ml, $0.60/100ml",
        "price_product_tile": "$2.99$2.99"
    },
    {
        "id": 111,
        "name": "Zero Ultra",
        "price": "4x473.0 ml, $0.53/100ml",
        "brand": "Monster Energy",
        "image_url": "https://assets.shop.loblaws.ca/products/20767535/b3/en/front/20767535_front_a06_@2.png",
        "image_alt": "Monster Energy Zero Ultra 4x473.0 ml, $0.53/100ml",
        "price_product_tile": "$9.99$9.99"
    },
    {
        "id": 112,
        "name": "Energy Drink Blueberry",
        "price": "4x250.0 ml, $1.00/100ml",
        "brand": "Red Bull",
        "image_url": "https://assets.shop.loblaws.ca/products/21229628/b3/en/front/21229628_front_a06_@2.png",
        "image_alt": "Red Bull Energy Drink Blueberry 4x250.0 ml, $1.00/100ml",
        "price_product_tile": "$9.99$9.99"
    },
    {
        "id": 113,
        "name": "SuperDrink Tropical Punch Bottle",
        "price": "473 ml, $0.63/100ml",
        "brand": "BodyArmor",
        "image_url": "https://assets.shop.loblaws.ca/products/21583481/b3/en/front/21583481_front_a06_@2.png",
        "image_alt": "BodyArmor SuperDrink Tropical Punch Bottle 473 ml, $0.63/100ml",
        "price_product_tile": "$2.99$2.99"
    },
    {
        "id": 114,
        "name": "G FIT Tropical Mango",
        "price": "6x500.0 ml, $0.27/100ml",
        "brand": "Gatorade",
        "image_url": "https://assets.shop.loblaws.ca/products/21521747/b3/en/front/21521747_front_a06_@2.png",
        "image_alt": "Gatorade G FIT Tropical Mango 6x500.0 ml, $0.27/100ml",
        "price_product_tile": "$7.99$7.99$10.49$10.49SAVE $2.50"
    },
    {
        "id": 115,
        "name": "Sparkling Mango Beverage",
        "price": "355 ml, $0.56/100ml",
        "brand": "Rubicon",
        "image_url": "https://assets.shop.loblaws.ca/products/21456790/b3/en/front/21456790_front_a06_@2.png",
        "image_alt": "Rubicon Sparkling Mango Beverage 355 ml, $0.56/100ml",
        "price_product_tile": "$2.00$2.00$2.29$2.29SAVE $0.29"
    },
    {
        "id": 116,
        "name": "Original",
        "price": "473 ml, $0.63/100ml",
        "brand": "NOS",
        "image_url": "https://assets.shop.loblaws.ca/products/20990649/b3/en/front/20990649_front_a06_@2.png",
        "image_alt": "NOS Original 473 ml, $0.63/100ml",
        "price_product_tile": "$3.00$3.00"
    },
    {
        "id": 117,
        "name": "Energy Drink The Apricot Edition\u2122",
        "price": "4x250.0 ml, $1.00/100ml",
        "brand": "Red Bull",
        "image_url": "https://assets.shop.loblaws.ca/products/21450543/b3/en/front/21450543_front_a06_@2.png",
        "image_alt": "Red Bull Energy Drink The Apricot Edition\u2122 4x250.0 ml, $1.00/100ml",
        "price_product_tile": "$9.99$9.99"
    },
    {
        "id": 118,
        "name": "Blue Razz Energy Drink",
        "price": "473 ml, $0.74/100ml",
        "brand": "Bang",
        "image_url": "https://assets.shop.loblaws.ca/products/21443802/b3/en/front/21443802_front_a06_@2.png",
        "image_alt": "Bang Blue Razz Energy Drink 473 ml, $0.74/100ml",
        "price_product_tile": "$3.49$3.49"
    },
    {
        "id": 119,
        "name": "G FIT Watermelon Strawberry",
        "price": "6x500.0 ml, $0.27/100ml",
        "brand": "Gatorade",
        "image_url": "https://assets.shop.loblaws.ca/products/21521751/b3/en/front/21521751_front_a06_@2.png",
        "image_alt": "Gatorade G FIT Watermelon Strawberry 6x500.0 ml, $0.27/100ml",
        "price_product_tile": "$7.99$7.99$10.49$10.49SAVE $2.50"
    },
    {
        "id": 120,
        "name": "The Winter Edition Energy Drink Fig-Apple",
        "price": "250 ml, $1.20/100ml",
        "brand": "Red Bull",
        "image_url": "https://assets.shop.loblaws.ca/products/21547829/b3/en/front/21547829_front_a06_@2.png",
        "image_alt": "Red Bull The Winter Edition Energy Drink Fig-Apple 250 ml, $1.20/100ml",
        "price_product_tile": "$3.00$3.00"
    },
    {
        "id": 121,
        "name": "Energy Drink Zero Sugar Purple Haze",
        "price": "473 ml, $0.74/100ml",
        "brand": "Bang",
        "image_url": "https://assets.shop.loblaws.ca/products/21616863/b3/en/front/21616863_front_a06_@2.png",
        "image_alt": "Bang Energy Drink Zero Sugar Purple Haze 473 ml, $0.74/100ml",
        "price_product_tile": "$3.49$3.49"
    }
]