<div data-testid="product-grid" class="css-epcqr3"><div class="css-0"><div class="css-f5i5wc"><div class="chakra-linkbox css-vhnn8v"><div data-testid="product-image" class="css-16dr4ly"><img alt="Gatorade 4 Flavour Sports Drink  24x591.0 ml, $0.15/100ml" src="https://assets.shop.loblaws.ca/products/20298835002/b3/en/front/20298835002_front_a06_@2.png" srcset="https://assets.shop.loblaws.ca/products/20298835002/b3/en/front/20298835002_front_a06_@2.png 1x, https://assets.shop.loblaws.ca/products/20298835002/b3/en/front/20298835002_front_a06_@2.png 2x" loading="lazy" class="chakra-image css-oguq8l" aria-hidden="true"></div><div class="css-qoklea"><div class="css-12dchmx"></div><div data-testid="price-product-tile" class="css-8atqhb"><p class="chakra-text css-0"><span class="chakra-text css-o93gbd" data-testid="sale-price"><span class="css-idkz9h">$20.99</span>$20.99</span><span class="chakra-text css-623q5h" data-testid="was-price"><span class="css-idkz9h">$22.49</span>$22.49</span></p><p class="chakra-text css-1m5a6y8" data-testid="price-descriptor">SAVE $1.50</p></div><a href="/4-flavour-sports-drink/p/20298835002_C24?source=nspt" class="chakra-linkbox__overlay css-1hnz6hu"><div class="css-0"><p class="chakra-text css-1ecdp9w" data-testid="product-brand">Gatorade</p><h3 class="chakra-heading css-6qrhwc" id="20298835002_C24" data-testid="product-title">4 Flavour Sports Drink </h3><p class="chakra-text css-1yftjin" data-testid="product-package-size">24x591.0 ml, $0.15/100ml</p></div></a><div class="css-8keand"></div></div><div class="css-1q5omjq"><div class="css-fcebb8"><div data-testid="atc-compact" class="css-y94ivq" style="width: 45px;"><button type="button" class="chakra-button css-mudsm6" data-testid="atc-button"><svg stroke="currentColor" fill="currentColor" stroke-width="0" viewBox="0 0 24 24" focusable="false" class="chakra-icon css-1g3sp7a" data-testid="btn-icon" aria-hidden="true" height="1em" width="1em" xmlns="http://www.w3.org/2000/svg"><path d="M19 13h-6v6h-2v-6H5v-2h6V5h2v6h6v2z"></path></svg><span class="css-idkz9h">Add 4 Flavour Sports Drink  to cart</span></button></div></div></div></div></div></div><div class="css-0"><div class="css-f5i5wc"><div class="chakra-linkbox css-vhnn8v"><div data-testid="product-image" class="css-16dr4ly"><img alt="Gatorade Cool Blue Sports Drink  6x591.0 ml, $0.14/100ml" src="https://assets.shop.loblaws.ca/products/20303218003/b3/en/front/20303218003_front_a06_@2.png" srcset="https://assets.shop.loblaws.ca/products/20303218003/b3/en/front/20303218003_front_a06_@2.png 1x, https://assets.shop.loblaws.ca/products/20303218003/b3/en/front/20303218003_front_a06_@2.png 2x" loading="lazy" class="chakra-image css-oguq8l" aria-hidden="true"></div><div class="css-qoklea"><div class="css-12dchmx"></div><div data-testid="price-product-tile" class="css-8atqhb"><p class="chakra-text css-0"><span class="chakra-text css-o93gbd" data-testid="sale-price"><span class="css-idkz9h">$4.99</span>$4.99</span><span class="chakra-text css-623q5h" data-testid="was-price"><span class="css-idkz9h">$5.49</span>$5.49</span></p><p class="chakra-text css-1m5a6y8" data-testid="price-descriptor">SAVE $0.50</p></div><a href="/cool-blue-sports-drink/p/20303218003_C06?source=nspt" class="chakra-linkbox__overlay css-1hnz6hu"><div class="css-0"><p class="chakra-text css-1ecdp9w" data-testid="product-brand">Gatorade</p><h3 class="chakra-heading css-6qrhwc" id="20303218003_C06" data-testid="product-title">Cool Blue Sports Drink </h3><p class="chakra-text css-1yftjin" data-testid="product-package-size">6x591.0 ml, $0.14/100ml</p></div></a><div class="css-8keand"></div></div><div class="css-1q5omjq"><div class="css-fcebb8"><div data-testid="atc-compact" class="css-y94ivq" style="width: 45px;"><button type="button" class="chakra-button css-mudsm6" data-testid="atc-button"><svg stroke="currentColor" fill="currentColor" stroke-width="0" viewBox="0 0 24 24" focusable="false" class="chakra-icon css-1g3sp7a" data-testid="btn-icon" aria-hidden="true" height="1em" width="1em" xmlns="http://www.w3.org/2000/svg"><path d="M19 13h-6v6h-2v-6H5v-2h6V5h2v6h6v2z"></path></svg><span class="css-idkz9h">Add Cool Blue Sports Drink  to cart</span></button></div></div></div></div></div></div><div class="css-0"><div class="css-f5i5wc"><div class="chakra-linkbox css-vhnn8v"><div data-testid="product-image" class="css-16dr4ly"><img alt="Gatorade Zero Variety Flavour 24x591.0 ml, $0.15/100ml" src="https://assets.shop.loblaws.ca/products/21448637/b3/en/front/21448637_front_a06_@2.png" srcset="https://assets.shop.loblaws.ca/products/21448637/b3/en/front/21448637_front_a06_@2.png 1x, https://assets.shop.loblaws.ca/products/21448637/b3/en/front/21448637_front_a06_@2.png 2x" loading="lazy" class="chakra-image css-oguq8l" aria-hidden="true"></div><div class="css-qoklea"><div class="css-12dchmx"></div><div data-testid="price-product-tile" class="css-8atqhb"><p class="chakra-text css-0"><span class="chakra-text css-o93gbd" data-testid="sale-price"><span class="css-idkz9h">$20.99</span>$20.99</span><span class="chakra-text css-623q5h" data-testid="was-price"><span class="css-idkz9h">$22.49</span>$22.49</span></p><p class="chakra-text css-1m5a6y8" data-testid="price-descriptor">SAVE $1.50</p></div><a href="/zero-variety-flavour/p/21448637_C24?source=nspt" class="chakra-linkbox__overlay css-1hnz6hu"><div class="css-0"><p class="chakra-text css-1ecdp9w" data-testid="product-brand">Gatorade</p><h3 class="chakra-heading css-6qrhwc" id="21448637_C24" data-testid="product-title">Zero Variety Flavour</h3><p class="chakra-text css-1yftjin" data-testid="product-package-size">24x591.0 ml, $0.15/100ml</p></div></a><div class="css-8keand"></div></div><div class="css-1q5omjq"><div class="css-fcebb8"><div data-testid="atc-compact" class="css-y94ivq" style="width: 45px;"><button type="button" class="chakra-button css-mudsm6" data-testid="atc-button"><svg stroke="currentColor" fill="currentColor" stroke-width="0" viewBox="0 0 24 24" focusable="false" class="chakra-icon css-1g3sp7a" data-testid="btn-icon" aria-hidden="true" height="1em" width="1em" xmlns="http://www.w3.org/2000/svg"><path d="M19 13h-6v6h-2v-6H5v-2h6V5h2v6h6v2z"></path></svg><span class="css-idkz9h">Add Zero Variety Flavour to cart</span></button></div></div></div></div></div></div><div class="css-0"><div class="css-f5i5wc"><div class="chakra-linkbox css-vhnn8v"><div data-testid="product-image" class="css-16dr4ly"><img alt="Gatorade Performance, Cool Blue 8x355.0 ml, $0.18/100ml" src="https://assets.shop.loblaws.ca/products/21164182/b3/en/front/21164182_front_a06_@2.png" srcset="https://assets.shop.loblaws.ca/products/21164182/b3/en/front/21164182_front_a06_@2.png 1x, https://assets.shop.loblaws.ca/products/21164182/b3/en/front/21164182_front_a06_@2.png 2x" loading="lazy" class="chakra-image css-oguq8l" aria-hidden="true"></div><div class="css-qoklea"><div class="css-12dchmx"></div><div data-testid="price-product-tile" class="css-8atqhb"><p class="chakra-text css-0"><span class="chakra-text css-o93gbd" data-testid="sale-price"><span class="css-idkz9h">$4.99</span>$4.99</span><span class="chakra-text css-623q5h" data-testid="was-price"><span class="css-idkz9h">$5.49</span>$5.49</span></p><p class="chakra-text css-1m5a6y8" data-testid="price-descriptor">SAVE $0.50</p></div><a href="/performance-cool-blue/p/21164182_C08?source=nspt" class="chakra-linkbox__overlay css-1hnz6hu"><div class="css-0"><p class="chakra-text css-1ecdp9w" data-testid="product-brand">Gatorade</p><h3 class="chakra-heading css-6qrhwc" id="21164182_C08" data-testid="product-title">Performance, Cool Blue</h3><p class="chakra-text css-1yftjin" data-testid="product-package-size">8x355.0 ml, $0.18/100ml</p></div></a><div class="css-8keand"></div></div><div class="css-1q5omjq"><div class="css-fcebb8"><div data-testid="atc-compact" class="css-y94ivq" style="width: 45px;"><button type="button" class="chakra-button css-mudsm6" data-testid="atc-button"><svg stroke="currentColor" fill="currentColor" stroke-width="0" viewBox="0 0 24 24" focusable="false" class="chakra-icon css-1g3sp7a" data-testid="btn-icon" aria-hidden="true" height="1em" width="1em" xmlns="http://www.w3.org/2000/svg"><path d="M19 13h-6v6h-2v-6H5v-2h6V5h2v6h6v2z"></path></svg><span class="css-idkz9h">Add Performance, Cool Blue to cart</span></button></div></div></div></div></div></div><div class="css-0"><div class="css-f5i5wc"><div class="chakra-linkbox css-vhnn8v"><div data-testid="product-image" class="css-16dr4ly"><img alt="Gatorade Zero Iceberg 6x591.0 ml, $0.14/100ml" src="https://assets.shop.loblaws.ca/products/21242891/b3/en/front/21242891_front_a06_@2.png" srcset="https://assets.shop.loblaws.ca/products/21242891/b3/en/front/21242891_front_a06_@2.png 1x, https://assets.shop.loblaws.ca/products/21242891/b3/en/front/21242891_front_a06_@2.png 2x" loading="lazy" class="chakra-image css-oguq8l" aria-hidden="true"></div><div class="css-qoklea"><div class="css-12dchmx"></div><div data-testid="price-product-tile" class="css-8atqhb"><p class="chakra-text css-0"><span class="chakra-text css-o93gbd" data-testid="sale-price"><span class="css-idkz9h">$4.99</span>$4.99</span><span class="chakra-text css-623q5h" data-testid="was-price"><span class="css-idkz9h">$5.49</span>$5.49</span></p><p class="chakra-text css-1m5a6y8" data-testid="price-descriptor">SAVE $0.50</p></div><a href="/zero-iceberg/p/21242891_C06?source=nspt" class="chakra-linkbox__overlay css-1hnz6hu"><div class="css-0"><p class="chakra-text css-1ecdp9w" data-testid="product-brand">Gatorade</p><h3 class="chakra-heading css-6qrhwc" id="21242891_C06" data-testid="product-title">Zero Iceberg</h3><p class="chakra-text css-1yftjin" data-testid="product-package-size">6x591.0 ml, $0.14/100ml</p></div></a><div class="css-8keand"></div></div><div class="css-1q5omjq"><div class="css-fcebb8"><div data-testid="atc-compact" class="css-y94ivq" style="width: 45px;"><button type="button" class="chakra-button css-mudsm6" data-testid="atc-button"><svg stroke="currentColor" fill="currentColor" stroke-width="0" viewBox="0 0 24 24" focusable="false" class="chakra-icon css-1g3sp7a" data-testid="btn-icon" aria-hidden="true" height="1em" width="1em" xmlns="http://www.w3.org/2000/svg"><path d="M19 13h-6v6h-2v-6H5v-2h6V5h2v6h6v2z"></path></svg><span class="css-idkz9h">Add Zero Iceberg to cart</span></button></div></div></div></div></div></div><div class="css-0"><div class="css-f5i5wc"><div class="chakra-linkbox css-vhnn8v"><div data-testid="product-image" class="css-16dr4ly"><img alt="Gatorade Orange Sports Drink  6x591.0 ml, $0.14/100ml" src="https://assets.shop.loblaws.ca/products/20303218002/b3/en/front/20303218002_front_a06_@2.png" srcset="https://assets.shop.loblaws.ca/products/20303218002/b3/en/front/20303218002_front_a06_@2.png 1x, https://assets.shop.loblaws.ca/products/20303218002/b3/en/front/20303218002_front_a06_@2.png 2x" loading="lazy" class="chakra-image css-oguq8l" aria-hidden="true"></div><div class="css-qoklea"><div class="css-12dchmx"></div><div data-testid="price-product-tile" class="css-8atqhb"><p class="chakra-text css-0"><span class="chakra-text css-o93gbd" data-testid="sale-price"><span class="css-idkz9h">$4.99</span>$4.99</span><span class="chakra-text css-623q5h" data-testid="was-price"><span class="css-idkz9h">$5.49</span>$5.49</span></p><p class="chakra-text css-1m5a6y8" data-testid="price-descriptor">SAVE $0.50</p></div><a href="/orange-sports-drink/p/20303218002_C06?source=nspt" class="chakra-linkbox__overlay css-1hnz6hu"><div class="css-0"><p class="chakra-text css-1ecdp9w" data-testid="product-brand">Gatorade</p><h3 class="chakra-heading css-6qrhwc" id="20303218002_C06" data-testid="product-title">Orange Sports Drink </h3><p class="chakra-text css-1yftjin" data-testid="product-package-size">6x591.0 ml, $0.14/100ml</p></div></a><div class="css-8keand"></div></div><div class="css-1q5omjq"><div class="css-fcebb8"><div data-testid="atc-compact" class="css-y94ivq" style="width: 45px;"><button type="button" class="chakra-button css-mudsm6" data-testid="atc-button"><svg stroke="currentColor" fill="currentColor" stroke-width="0" viewBox="0 0 24 24" focusable="false" class="chakra-icon css-1g3sp7a" data-testid="btn-icon" aria-hidden="true" height="1em" width="1em" xmlns="http://www.w3.org/2000/svg"><path d="M19 13h-6v6h-2v-6H5v-2h6V5h2v6h6v2z"></path></svg><span class="css-idkz9h">Add Orange Sports Drink  to cart</span></button></div></div></div></div></div></div><div class="css-0"><div class="css-f5i5wc"><div class="chakra-linkbox css-vhnn8v"><div data-testid="product-image" class="css-16dr4ly"><img alt="Gatorade G2 Clubpack Sports Drink  24x591.0 ml, $0.15/100ml" src="https://assets.shop.loblaws.ca/products/20325703/b3/en/front/20325703_front_a06_@2.png" srcset="https://assets.shop.loblaws.ca/products/20325703/b3/en/front/20325703_front_a06_@2.png 1x, https://assets.shop.loblaws.ca/products/20325703/b3/en/front/20325703_front_a06_@2.png 2x" loading="lazy" class="chakra-image css-oguq8l" aria-hidden="true"></div><div class="css-qoklea"><div class="css-12dchmx"></div><div data-testid="price-product-tile" class="css-8atqhb"><p class="chakra-text css-0"><span class="chakra-text css-o93gbd" data-testid="sale-price"><span class="css-idkz9h">$20.99</span>$20.99</span><span class="chakra-text css-623q5h" data-testid="was-price"><span class="css-idkz9h">$22.49</span>$22.49</span></p><p class="chakra-text css-1m5a6y8" data-testid="price-descriptor">SAVE $1.50</p></div><a href="/g2-clubpack-sports-drink/p/20325703_C24?source=nspt" class="chakra-linkbox__overlay css-1hnz6hu"><div class="css-0"><p class="chakra-text css-1ecdp9w" data-testid="product-brand">Gatorade</p><h3 class="chakra-heading css-6qrhwc" id="20325703_C24" data-testid="product-title">G2 Clubpack Sports Drink </h3><p class="chakra-text css-1yftjin" data-testid="product-package-size">24x591.0 ml, $0.15/100ml</p></div></a><div class="css-8keand"></div></div><div class="css-1q5omjq"><div class="css-fcebb8"><div data-testid="atc-compact" class="css-y94ivq" style="width: 45px;"><button type="button" class="chakra-button css-mudsm6" data-testid="atc-button"><svg stroke="currentColor" fill="currentColor" stroke-width="0" viewBox="0 0 24 24" focusable="false" class="chakra-icon css-1g3sp7a" data-testid="btn-icon" aria-hidden="true" height="1em" width="1em" xmlns="http://www.w3.org/2000/svg"><path d="M19 13h-6v6h-2v-6H5v-2h6V5h2v6h6v2z"></path></svg><span class="css-idkz9h">Add G2 Clubpack Sports Drink  to cart</span></button></div></div></div></div></div></div><div class="css-0"><div class="css-f5i5wc"><div class="chakra-linkbox css-vhnn8v"><div data-testid="product-image" class="css-16dr4ly"><img alt="Gatorade Glacier Cherry Sports Drink  6x591.0 ml, $0.14/100ml" src="https://assets.shop.loblaws.ca/products/20854727002/b3/en/front/20854727002_front_a06_@2.png" srcset="https://assets.shop.loblaws.ca/products/20854727002/b3/en/front/20854727002_front_a06_@2.png 1x, https://assets.shop.loblaws.ca/products/20854727002/b3/en/front/20854727002_front_a06_@2.png 2x" loading="lazy" class="chakra-image css-oguq8l" aria-hidden="true"></div><div class="css-qoklea"><div class="css-12dchmx"></div><div data-testid="price-product-tile" class="css-8atqhb"><p class="chakra-text css-0"><span class="chakra-text css-o93gbd" data-testid="sale-price"><span class="css-idkz9h">$4.99</span>$4.99</span><span class="chakra-text css-623q5h" data-testid="was-price"><span class="css-idkz9h">$5.49</span>$5.49</span></p><p class="chakra-text css-1m5a6y8" data-testid="price-descriptor">SAVE $0.50</p></div><a href="/glacier-cherry-sports-drink/p/20854727002_C06?source=nspt" class="chakra-linkbox__overlay css-1hnz6hu"><div class="css-0"><p class="chakra-text css-1ecdp9w" data-testid="product-brand">Gatorade</p><h3 class="chakra-heading css-6qrhwc" id="20854727002_C06" data-testid="product-title">Glacier Cherry Sports Drink </h3><p class="chakra-text css-1yftjin" data-testid="product-package-size">6x591.0 ml, $0.14/100ml</p></div></a><div class="css-8keand"></div></div><div class="css-1q5omjq"><div class="css-fcebb8"><div data-testid="atc-compact" class="css-y94ivq" style="width: 45px;"><button type="button" class="chakra-button css-mudsm6" data-testid="atc-button"><svg stroke="currentColor" fill="currentColor" stroke-width="0" viewBox="0 0 24 24" focusable="false" class="chakra-icon css-1g3sp7a" data-testid="btn-icon" aria-hidden="true" height="1em" width="1em" xmlns="http://www.w3.org/2000/svg"><path d="M19 13h-6v6h-2v-6H5v-2h6V5h2v6h6v2z"></path></svg><span class="css-idkz9h">Add Glacier Cherry Sports Drink  to cart</span></button></div></div></div></div></div></div><div class="css-0"><div class="css-f5i5wc"><div class="chakra-linkbox css-vhnn8v"><div data-testid="product-image" class="css-16dr4ly"><img alt="Gatorade Fruit Punch Sports Drink  6x591.0 ml, $0.14/100ml" src="https://assets.shop.loblaws.ca/products/20303218008/b3/en/front/20303218008_front_a06_@2.png" srcset="https://assets.shop.loblaws.ca/products/20303218008/b3/en/front/20303218008_front_a06_@2.png 1x, https://assets.shop.loblaws.ca/products/20303218008/b3/en/front/20303218008_front_a06_@2.png 2x" loading="lazy" class="chakra-image css-oguq8l" aria-hidden="true"></div><div class="css-qoklea"><div class="css-12dchmx"></div><div data-testid="price-product-tile" class="css-8atqhb"><p class="chakra-text css-0"><span class="chakra-text css-o93gbd" data-testid="sale-price"><span class="css-idkz9h">$4.99</span>$4.99</span><span class="chakra-text css-623q5h" data-testid="was-price"><span class="css-idkz9h">$5.49</span>$5.49</span></p><p class="chakra-text css-1m5a6y8" data-testid="price-descriptor">SAVE $0.50</p></div><a href="/fruit-punch-sports-drink/p/20303218008_C06?source=nspt" class="chakra-linkbox__overlay css-1hnz6hu"><div class="css-0"><p class="chakra-text css-1ecdp9w" data-testid="product-brand">Gatorade</p><h3 class="chakra-heading css-6qrhwc" id="20303218008_C06" data-testid="product-title">Fruit Punch Sports Drink </h3><p class="chakra-text css-1yftjin" data-testid="product-package-size">6x591.0 ml, $0.14/100ml</p></div></a><div class="css-8keand"></div></div><div class="css-1q5omjq"><div class="css-fcebb8"><div data-testid="atc-compact" class="css-y94ivq" style="width: 45px;"><button type="button" class="chakra-button css-mudsm6" data-testid="atc-button"><svg stroke="currentColor" fill="currentColor" stroke-width="0" viewBox="0 0 24 24" focusable="false" class="chakra-icon css-1g3sp7a" data-testid="btn-icon" aria-hidden="true" height="1em" width="1em" xmlns="http://www.w3.org/2000/svg"><path d="M19 13h-6v6h-2v-6H5v-2h6V5h2v6h6v2z"></path></svg><span class="css-idkz9h">Add Fruit Punch Sports Drink  to cart</span></button></div></div></div></div></div></div><div class="css-0"><div class="css-f5i5wc"><div class="chakra-linkbox css-vhnn8v"><div data-testid="product-image" class="css-16dr4ly"><img alt="Gatorade Zero, Berry 6x591.0 ml, $0.14/100ml" src="https://assets.shop.loblaws.ca/products/21164178/b3/en/front/21164178_front_a06_@2.png" srcset="https://assets.shop.loblaws.ca/products/21164178/b3/en/front/21164178_front_a06_@2.png 1x, https://assets.shop.loblaws.ca/products/21164178/b3/en/front/21164178_front_a06_@2.png 2x" loading="lazy" class="chakra-image css-oguq8l" aria-hidden="true"></div><div class="css-qoklea"><div class="css-12dchmx"></div><div data-testid="price-product-tile" class="css-8atqhb"><p class="chakra-text css-0"><span class="chakra-text css-o93gbd" data-testid="sale-price"><span class="css-idkz9h">$4.99</span>$4.99</span><span class="chakra-text css-623q5h" data-testid="was-price"><span class="css-idkz9h">$5.49</span>$5.49</span></p><p class="chakra-text css-1m5a6y8" data-testid="price-descriptor">SAVE $0.50</p></div><a href="/zero-berry/p/21164178_C06?source=nspt" class="chakra-linkbox__overlay css-1hnz6hu"><div class="css-0"><p class="chakra-text css-1ecdp9w" data-testid="product-brand">Gatorade</p><h3 class="chakra-heading css-6qrhwc" id="21164178_C06" data-testid="product-title">Zero, Berry</h3><p class="chakra-text css-1yftjin" data-testid="product-package-size">6x591.0 ml, $0.14/100ml</p></div></a><div class="css-8keand"></div></div><div class="css-1q5omjq"><div class="css-fcebb8"><div data-testid="atc-compact" class="css-y94ivq" style="width: 45px;"><button type="button" class="chakra-button css-mudsm6" data-testid="atc-button"><svg stroke="currentColor" fill="currentColor" stroke-width="0" viewBox="0 0 24 24" focusable="false" class="chakra-icon css-1g3sp7a" data-testid="btn-icon" aria-hidden="true" height="1em" width="1em" xmlns="http://www.w3.org/2000/svg"><path d="M19 13h-6v6h-2v-6H5v-2h6V5h2v6h6v2z"></path></svg><span class="css-idkz9h">Add Zero, Berry to cart</span></button></div></div></div></div></div></div><div class="css-0"><div class="css-f5i5wc"><div class="chakra-linkbox css-vhnn8v"><div data-testid="product-image" class="css-16dr4ly"><img alt="Gatorade Lemon Lime Sports Drink (Case) 6x591.0 ml, $0.14/100ml" src="https://assets.shop.loblaws.ca/products/20303218004/b3/en/front/20303218004_front_a06_@2.png" srcset="https://assets.shop.loblaws.ca/products/20303218004/b3/en/front/20303218004_front_a06_@2.png 1x, https://assets.shop.loblaws.ca/products/20303218004/b3/en/front/20303218004_front_a06_@2.png 2x" loading="lazy" class="chakra-image css-oguq8l" aria-hidden="true"></div><div class="css-qoklea"><div class="css-12dchmx"></div><div data-testid="price-product-tile" class="css-8atqhb"><p class="chakra-text css-0"><span class="chakra-text css-o93gbd" data-testid="sale-price"><span class="css-idkz9h">$4.99</span>$4.99</span><span class="chakra-text css-623q5h" data-testid="was-price"><span class="css-idkz9h">$5.49</span>$5.49</span></p><p class="chakra-text css-1m5a6y8" data-testid="price-descriptor">SAVE $0.50</p></div><a href="/lemon-lime-sports-drink-case/p/20303218004_C06?source=nspt" class="chakra-linkbox__overlay css-1hnz6hu"><div class="css-0"><p class="chakra-text css-1ecdp9w" data-testid="product-brand">Gatorade</p><h3 class="chakra-heading css-6qrhwc" id="20303218004_C06" data-testid="product-title">Lemon Lime Sports Drink (Case)</h3><p class="chakra-text css-1yftjin" data-testid="product-package-size">6x591.0 ml, $0.14/100ml</p></div></a><div class="css-8keand"></div></div><div class="css-1q5omjq"><div class="css-fcebb8"><div data-testid="atc-compact" class="css-y94ivq" style="width: 45px;"><button type="button" class="chakra-button css-mudsm6" data-testid="atc-button"><svg stroke="currentColor" fill="currentColor" stroke-width="0" viewBox="0 0 24 24" focusable="false" class="chakra-icon css-1g3sp7a" data-testid="btn-icon" aria-hidden="true" height="1em" width="1em" xmlns="http://www.w3.org/2000/svg"><path d="M19 13h-6v6h-2v-6H5v-2h6V5h2v6h6v2z"></path></svg><span class="css-idkz9h">Add Lemon Lime Sports Drink (Case) to cart</span></button></div></div></div></div></div></div><div class="css-0"><div class="css-f5i5wc"><div class="chakra-linkbox css-vhnn8v"><div data-testid="product-image" class="css-16dr4ly"><img alt="Gatorade Zero Glacier Cherry 6x591.0 ml, $0.14/100ml" src="https://assets.shop.loblaws.ca/products/21584975/b3/en/front/21584975_front_a06_@2.png" srcset="https://assets.shop.loblaws.ca/products/21584975/b3/en/front/21584975_front_a06_@2.png 1x, https://assets.shop.loblaws.ca/products/21584975/b3/en/front/21584975_front_a06_@2.png 2x" loading="lazy" class="chakra-image css-oguq8l" aria-hidden="true"></div><div class="css-qoklea"><div class="css-12dchmx"></div><div data-testid="price-product-tile" class="css-8atqhb"><p class="chakra-text css-0"><span class="chakra-text css-o93gbd" data-testid="sale-price"><span class="css-idkz9h">$4.99</span>$4.99</span><span class="chakra-text css-623q5h" data-testid="was-price"><span class="css-idkz9h">$5.49</span>$5.49</span></p><p class="chakra-text css-1m5a6y8" data-testid="price-descriptor">SAVE $0.50</p></div><a href="/zero-glacier-cherry/p/21584975_C06?source=nspt" class="chakra-linkbox__overlay css-1hnz6hu"><div class="css-0"><p class="chakra-text css-1ecdp9w" data-testid="product-brand">Gatorade</p><h3 class="chakra-heading css-6qrhwc" id="21584975_C06" data-testid="product-title">Zero Glacier Cherry</h3><p class="chakra-text css-1yftjin" data-testid="product-package-size">6x591.0 ml, $0.14/100ml</p></div></a><div class="css-8keand"></div></div><div class="css-1q5omjq"><div class="css-fcebb8"><div data-testid="atc-compact" class="css-y94ivq" style="width: 45px;"><button disabled="" type="button" class="chakra-button css-mudsm6" data-testid="atc-button"><svg stroke="currentColor" fill="currentColor" stroke-width="0" viewBox="0 0 24 24" focusable="false" class="chakra-icon css-1g3sp7a" data-testid="btn-icon" aria-hidden="true" height="1em" width="1em" xmlns="http://www.w3.org/2000/svg"><path d="M19 13h-6v6h-2v-6H5v-2h6V5h2v6h6v2z"></path></svg><span class="css-idkz9h">Add Zero Glacier Cherry to cart</span></button></div></div><div class="css-4saf4a"><p class="chakra-text css-py8788" data-testid="inventory-badge-text">Out of Stock</p></div></div></div></div></div><div class="css-0"><div class="css-f5i5wc"><div class="chakra-linkbox css-vhnn8v"><div data-testid="product-image" class="css-16dr4ly"><img alt="Gatorade Fierce Cool Blue Sports Drink 710 ml, $0.24/100ml" src="https://assets.shop.loblaws.ca/products/20305775003/b3/en/front/20305775003_front_a06_@2.png" srcset="https://assets.shop.loblaws.ca/products/20305775003/b3/en/front/20305775003_front_a06_@2.png 1x, https://assets.shop.loblaws.ca/products/20305775003/b3/en/front/20305775003_front_a06_@2.png 2x" loading="lazy" class="chakra-image css-oguq8l" aria-hidden="true"></div><div class="css-qoklea"><div class="css-12dchmx"></div><div data-testid="price-product-tile" class="css-8atqhb"><p class="chakra-text css-0"><span class="chakra-text css-pwnbcb" data-testid="regular-price"><span class="css-idkz9h">$1.69</span>$1.69</span></p></div><a href="/fierce-cool-blue-sports-drink/p/20305775003_EA?source=nspt" class="chakra-linkbox__overlay css-1hnz6hu"><div class="css-0"><p class="chakra-text css-1ecdp9w" data-testid="product-brand">Gatorade</p><h3 class="chakra-heading css-6qrhwc" id="20305775003_EA" data-testid="product-title">Fierce Cool Blue Sports Drink</h3><p class="chakra-text css-1yftjin" data-testid="product-package-size">710 ml, $0.24/100ml</p></div></a><div class="css-8keand"></div></div><div class="css-1q5omjq"><div class="css-fcebb8"><div data-testid="atc-compact" class="css-y94ivq" style="width: 45px;"><button type="button" class="chakra-button css-mudsm6" data-testid="atc-button"><svg stroke="currentColor" fill="currentColor" stroke-width="0" viewBox="0 0 24 24" focusable="false" class="chakra-icon css-1g3sp7a" data-testid="btn-icon" aria-hidden="true" height="1em" width="1em" xmlns="http://www.w3.org/2000/svg"><path d="M19 13h-6v6h-2v-6H5v-2h6V5h2v6h6v2z"></path></svg><span class="css-idkz9h">Add Fierce Cool Blue Sports Drink to cart</span></button></div></div></div></div></div></div><div class="css-0"><div class="css-f5i5wc"><div class="chakra-linkbox css-vhnn8v"><div data-testid="product-image" class="css-16dr4ly"><img alt="Gatorade Performance Fruit Punch 8x355.0 ml, $0.18/100ml" src="https://assets.shop.loblaws.ca/products/21164181/b3/en/front/21164181_front_a06_@2.png" srcset="https://assets.shop.loblaws.ca/products/21164181/b3/en/front/21164181_front_a06_@2.png 1x, https://assets.shop.loblaws.ca/products/21164181/b3/en/front/21164181_front_a06_@2.png 2x" loading="lazy" class="chakra-image css-oguq8l" aria-hidden="true"></div><div class="css-qoklea"><div class="css-12dchmx"></div><div data-testid="price-product-tile" class="css-8atqhb"><p class="chakra-text css-0"><span class="chakra-text css-o93gbd" data-testid="sale-price"><span class="css-idkz9h">$4.99</span>$4.99</span><span class="chakra-text css-623q5h" data-testid="was-price"><span class="css-idkz9h">$5.49</span>$5.49</span></p><p class="chakra-text css-1m5a6y8" data-testid="price-descriptor">SAVE $0.50</p></div><a href="/performance-fruit-punch/p/21164181_C08?source=nspt" class="chakra-linkbox__overlay css-1hnz6hu"><div class="css-0"><p class="chakra-text css-1ecdp9w" data-testid="product-brand">Gatorade</p><h3 class="chakra-heading css-6qrhwc" id="21164181_C08" data-testid="product-title">Performance Fruit Punch</h3><p class="chakra-text css-1yftjin" data-testid="product-package-size">8x355.0 ml, $0.18/100ml</p></div></a><div class="css-8keand"></div></div><div class="css-1q5omjq"><div class="css-fcebb8"><div data-testid="atc-compact" class="css-y94ivq" style="width: 45px;"><button type="button" class="chakra-button css-mudsm6" data-testid="atc-button"><svg stroke="currentColor" fill="currentColor" stroke-width="0" viewBox="0 0 24 24" focusable="false" class="chakra-icon css-1g3sp7a" data-testid="btn-icon" aria-hidden="true" height="1em" width="1em" xmlns="http://www.w3.org/2000/svg"><path d="M19 13h-6v6h-2v-6H5v-2h6V5h2v6h6v2z"></path></svg><span class="css-idkz9h">Add Performance Fruit Punch to cart</span></button></div></div></div></div></div></div><div class="css-0"><div class="css-f5i5wc"><div class="chakra-linkbox css-vhnn8v"><div data-testid="product-image" class="css-16dr4ly"><img alt="Gatorade Zero, Orange 6x591.0 ml, $0.14/100ml" src="https://assets.shop.loblaws.ca/products/21164179/b3/en/front/21164179_front_a06_@2.png" srcset="https://assets.shop.loblaws.ca/products/21164179/b3/en/front/21164179_front_a06_@2.png 1x, https://assets.shop.loblaws.ca/products/21164179/b3/en/front/21164179_front_a06_@2.png 2x" loading="lazy" class="chakra-image css-oguq8l" aria-hidden="true"></div><div class="css-qoklea"><div class="css-12dchmx"></div><div data-testid="price-product-tile" class="css-8atqhb"><p class="chakra-text css-0"><span class="chakra-text css-o93gbd" data-testid="sale-price"><span class="css-idkz9h">$4.99</span>$4.99</span><span class="chakra-text css-623q5h" data-testid="was-price"><span class="css-idkz9h">$5.49</span>$5.49</span></p><p class="chakra-text css-1m5a6y8" data-testid="price-descriptor">SAVE $0.50</p></div><a href="/zero-orange/p/21164179_C06?source=nspt" class="chakra-linkbox__overlay css-1hnz6hu"><div class="css-0"><p class="chakra-text css-1ecdp9w" data-testid="product-brand">Gatorade</p><h3 class="chakra-heading css-6qrhwc" id="21164179_C06" data-testid="product-title">Zero, Orange</h3><p class="chakra-text css-1yftjin" data-testid="product-package-size">6x591.0 ml, $0.14/100ml</p></div></a><div class="css-8keand"></div></div><div class="css-1q5omjq"><div class="css-fcebb8"><div data-testid="atc-compact" class="css-y94ivq" style="width: 45px;"><button type="button" class="chakra-button css-mudsm6" data-testid="atc-button"><svg stroke="currentColor" fill="currentColor" stroke-width="0" viewBox="0 0 24 24" focusable="false" class="chakra-icon css-1g3sp7a" data-testid="btn-icon" aria-hidden="true" height="1em" width="1em" xmlns="http://www.w3.org/2000/svg"><path d="M19 13h-6v6h-2v-6H5v-2h6V5h2v6h6v2z"></path></svg><span class="css-idkz9h">Add Zero, Orange to cart</span></button></div></div></div></div></div></div><div class="css-0"><div class="css-f5i5wc"><div class="chakra-linkbox css-vhnn8v"><div data-testid="product-image" class="css-16dr4ly"><img alt="Gatorade G2, Grape  6x591.0 ml, $0.14/100ml" src="https://assets.shop.loblaws.ca/products/20303218001/b3/en/front/20303218001_front_a06_@2.png" srcset="https://assets.shop.loblaws.ca/products/20303218001/b3/en/front/20303218001_front_a06_@2.png 1x, https://assets.shop.loblaws.ca/products/20303218001/b3/en/front/20303218001_front_a06_@2.png 2x" loading="lazy" class="chakra-image css-oguq8l" aria-hidden="true"></div><div class="css-qoklea"><div class="css-12dchmx"></div><div data-testid="price-product-tile" class="css-8atqhb"><p class="chakra-text css-0"><span class="chakra-text css-o93gbd" data-testid="sale-price"><span class="css-idkz9h">$4.99</span>$4.99</span><span class="chakra-text css-623q5h" data-testid="was-price"><span class="css-idkz9h">$5.49</span>$5.49</span></p><p class="chakra-text css-1m5a6y8" data-testid="price-descriptor">SAVE $0.50</p></div><a href="/g2-grape/p/20303218001_C06?source=nspt" class="chakra-linkbox__overlay css-1hnz6hu"><div class="css-0"><p class="chakra-text css-1ecdp9w" data-testid="product-brand">Gatorade</p><h3 class="chakra-heading css-6qrhwc" id="20303218001_C06" data-testid="product-title">G2, Grape </h3><p class="chakra-text css-1yftjin" data-testid="product-package-size">6x591.0 ml, $0.14/100ml</p></div></a><div class="css-8keand"></div></div><div class="css-1q5omjq"><div class="css-fcebb8"><div data-testid="atc-compact" class="css-y94ivq" style="width: 45px;"><button type="button" class="chakra-button css-mudsm6" data-testid="atc-button"><svg stroke="currentColor" fill="currentColor" stroke-width="0" viewBox="0 0 24 24" focusable="false" class="chakra-icon css-1g3sp7a" data-testid="btn-icon" aria-hidden="true" height="1em" width="1em" xmlns="http://www.w3.org/2000/svg"><path d="M19 13h-6v6h-2v-6H5v-2h6V5h2v6h6v2z"></path></svg><span class="css-idkz9h">Add G2, Grape  to cart</span></button></div></div></div></div></div></div><div class="css-0"><div class="css-f5i5wc"><div class="chakra-linkbox css-vhnn8v"><div data-testid="product-image" class="css-16dr4ly"><img alt="Gatorade G Zero Grape Sports Drink 6x591.0 ml, $0.14/100ml" src="https://assets.shop.loblaws.ca/products/21357044/b3/en/front/21357044_front_a06_@2.png" srcset="https://assets.shop.loblaws.ca/products/21357044/b3/en/front/21357044_front_a06_@2.png 1x, https://assets.shop.loblaws.ca/products/21357044/b3/en/front/21357044_front_a06_@2.png 2x" loading="lazy" class="chakra-image css-oguq8l" aria-hidden="true"></div><div class="css-qoklea"><div class="css-12dchmx"></div><div data-testid="price-product-tile" class="css-8atqhb"><p class="chakra-text css-0"><span class="chakra-text css-o93gbd" data-testid="sale-price"><span class="css-idkz9h">$4.99</span>$4.99</span><span class="chakra-text css-623q5h" data-testid="was-price"><span class="css-idkz9h">$5.49</span>$5.49</span></p><p class="chakra-text css-1m5a6y8" data-testid="price-descriptor">SAVE $0.50</p></div><a href="/g-zero-grape-sports-drink/p/21357044_C06?source=nspt" class="chakra-linkbox__overlay css-1hnz6hu"><div class="css-0"><p class="chakra-text css-1ecdp9w" data-testid="product-brand">Gatorade</p><h3 class="chakra-heading css-6qrhwc" id="21357044_C06" data-testid="product-title">G Zero Grape Sports Drink</h3><p class="chakra-text css-1yftjin" data-testid="product-package-size">6x591.0 ml, $0.14/100ml</p></div></a><div class="css-8keand"></div></div><div class="css-1q5omjq"><div class="css-fcebb8"><div data-testid="atc-compact" class="css-y94ivq" style="width: 45px;"><button type="button" class="chakra-button css-mudsm6" data-testid="atc-button"><svg stroke="currentColor" fill="currentColor" stroke-width="0" viewBox="0 0 24 24" focusable="false" class="chakra-icon css-1g3sp7a" data-testid="btn-icon" aria-hidden="true" height="1em" width="1em" xmlns="http://www.w3.org/2000/svg"><path d="M19 13h-6v6h-2v-6H5v-2h6V5h2v6h6v2z"></path></svg><span class="css-idkz9h">Add G Zero Grape Sports Drink to cart</span></button></div></div></div></div></div></div><div class="css-0"><div class="css-f5i5wc"><div class="chakra-linkbox css-vhnn8v"><div data-testid="product-image" class="css-16dr4ly"><img alt="Powerade Team Pack Electrolyte Beverage, Bottle 24 Pack 24x591.0 ml, $0.15/100ml" src="https://assets.shop.loblaws.ca/products/20854130/b3/en/front/20854130_front_a06_@2.png" srcset="https://assets.shop.loblaws.ca/products/20854130/b3/en/front/20854130_front_a06_@2.png 1x, https://assets.shop.loblaws.ca/products/20854130/b3/en/front/20854130_front_a06_@2.png 2x" loading="lazy" class="chakra-image css-oguq8l" aria-hidden="true"></div><div class="css-qoklea"><div class="css-12dchmx"></div><div data-testid="price-product-tile" class="css-8atqhb"><p class="chakra-text css-0"><span class="chakra-text css-pwnbcb" data-testid="regular-price"><span class="css-idkz9h">$20.99</span>$20.99</span></p></div><a href="/team-pack-electrolyte-beverage-bottle-24-pack/p/20854130_C24?source=nspt" class="chakra-linkbox__overlay css-1hnz6hu"><div class="css-0"><p class="chakra-text css-1ecdp9w" data-testid="product-brand">Powerade</p><h3 class="chakra-heading css-6qrhwc" id="20854130_C24" data-testid="product-title">Team Pack Electrolyte Beverage, Bottle 24 Pack</h3><p class="chakra-text css-1yftjin" data-testid="product-package-size">24x591.0 ml, $0.15/100ml</p></div></a><div class="css-8keand"></div></div><div class="css-1q5omjq"><div class="css-fcebb8"><div data-testid="atc-compact" class="css-y94ivq" style="width: 45px;"><button disabled="" type="button" class="chakra-button css-mudsm6" data-testid="atc-button"><svg stroke="currentColor" fill="currentColor" stroke-width="0" viewBox="0 0 24 24" focusable="false" class="chakra-icon css-1g3sp7a" data-testid="btn-icon" aria-hidden="true" height="1em" width="1em" xmlns="http://www.w3.org/2000/svg"><path d="M19 13h-6v6h-2v-6H5v-2h6V5h2v6h6v2z"></path></svg><span class="css-idkz9h">Add Team Pack Electrolyte Beverage, Bottle 24 Pack to cart</span></button></div></div><div class="css-4saf4a"><p class="chakra-text css-py8788" data-testid="inventory-badge-text">Out of Stock</p></div></div></div></div></div><div class="css-0"><div class="css-f5i5wc"><div class="chakra-linkbox css-vhnn8v"><div data-testid="product-image" class="css-16dr4ly"><img alt="Monster Energy Zero Ultra 473 ml, $0.63/100ml" src="https://assets.shop.loblaws.ca/products/20938521/b3/en/front/20938521_front_a06_@2.png" srcset="https://assets.shop.loblaws.ca/products/20938521/b3/en/front/20938521_front_a06_@2.png 1x, https://assets.shop.loblaws.ca/products/20938521/b3/en/front/20938521_front_a06_@2.png 2x" loading="lazy" class="chakra-image css-oguq8l" aria-hidden="true"></div><div class="css-qoklea"><div class="css-12dchmx"></div><div data-testid="price-product-tile" class="css-8atqhb"><p class="chakra-text css-0"><span class="chakra-text css-pwnbcb" data-testid="regular-price"><span class="css-idkz9h">$3.00</span>$3.00</span></p></div><a href="/zero-ultra/p/20938521_EA?source=nspt" class="chakra-linkbox__overlay css-1hnz6hu"><div class="css-0"><p class="chakra-text css-1ecdp9w" data-testid="product-brand">Monster Energy</p><h3 class="chakra-heading css-6qrhwc" id="20938521_EA" data-testid="product-title">Zero Ultra</h3><p class="chakra-text css-1yftjin" data-testid="product-package-size">473 ml, $0.63/100ml</p></div></a><div class="css-8keand"></div></div><div class="css-1q5omjq"><div class="css-fcebb8"><div data-testid="atc-compact" class="css-y94ivq" style="width: 45px;"><button type="button" class="chakra-button css-mudsm6" data-testid="atc-button"><svg stroke="currentColor" fill="currentColor" stroke-width="0" viewBox="0 0 24 24" focusable="false" class="chakra-icon css-1g3sp7a" data-testid="btn-icon" aria-hidden="true" height="1em" width="1em" xmlns="http://www.w3.org/2000/svg"><path d="M19 13h-6v6h-2v-6H5v-2h6V5h2v6h6v2z"></path></svg><span class="css-idkz9h">Add Zero Ultra to cart</span></button></div></div></div></div></div></div><div class="css-0"><div class="css-f5i5wc"><div class="chakra-linkbox css-vhnn8v"><div data-testid="product-image" class="css-16dr4ly"><img alt="Gatorade Performance, Orange 8x355.0 ml, $0.18/100ml" src="https://assets.shop.loblaws.ca/products/21164180/b3/en/front/21164180_front_a06_@2.png" srcset="https://assets.shop.loblaws.ca/products/21164180/b3/en/front/21164180_front_a06_@2.png 1x, https://assets.shop.loblaws.ca/products/21164180/b3/en/front/21164180_front_a06_@2.png 2x" loading="lazy" class="chakra-image css-oguq8l" aria-hidden="true"></div><div class="css-qoklea"><div class="css-12dchmx"></div><div data-testid="price-product-tile" class="css-8atqhb"><p class="chakra-text css-0"><span class="chakra-text css-o93gbd" data-testid="sale-price"><span class="css-idkz9h">$4.99</span>$4.99</span><span class="chakra-text css-623q5h" data-testid="was-price"><span class="css-idkz9h">$5.49</span>$5.49</span></p><p class="chakra-text css-1m5a6y8" data-testid="price-descriptor">SAVE $0.50</p></div><a href="/performance-orange/p/21164180_C08?source=nspt" class="chakra-linkbox__overlay css-1hnz6hu"><div class="css-0"><p class="chakra-text css-1ecdp9w" data-testid="product-brand">Gatorade</p><h3 class="chakra-heading css-6qrhwc" id="21164180_C08" data-testid="product-title">Performance, Orange</h3><p class="chakra-text css-1yftjin" data-testid="product-package-size">8x355.0 ml, $0.18/100ml</p></div></a><div class="css-8keand"></div></div><div class="css-1q5omjq"><div class="css-fcebb8"><div data-testid="atc-compact" class="css-y94ivq" style="width: 45px;"><button type="button" class="chakra-button css-mudsm6" data-testid="atc-button"><svg stroke="currentColor" fill="currentColor" stroke-width="0" viewBox="0 0 24 24" focusable="false" class="chakra-icon css-1g3sp7a" data-testid="btn-icon" aria-hidden="true" height="1em" width="1em" xmlns="http://www.w3.org/2000/svg"><path d="M19 13h-6v6h-2v-6H5v-2h6V5h2v6h6v2z"></path></svg><span class="css-idkz9h">Add Performance, Orange to cart</span></button></div></div></div></div></div></div><div class="css-0"><div class="css-f5i5wc"><div class="chakra-linkbox css-vhnn8v"><div data-testid="product-image" class="css-16dr4ly"><img alt="Monster Energy Original 473 ml, $0.63/100ml" src="https://assets.shop.loblaws.ca/products/20938249/b3/en/front/20938249_front_a06_@2.png" srcset="https://assets.shop.loblaws.ca/products/20938249/b3/en/front/20938249_front_a06_@2.png 1x, https://assets.shop.loblaws.ca/products/20938249/b3/en/front/20938249_front_a06_@2.png 2x" loading="lazy" class="chakra-image css-oguq8l" aria-hidden="true"></div><div class="css-qoklea"><div class="css-12dchmx"></div><div data-testid="price-product-tile" class="css-8atqhb"><p class="chakra-text css-0"><span class="chakra-text css-pwnbcb" data-testid="regular-price"><span class="css-idkz9h">$3.00</span>$3.00</span></p></div><a href="/original/p/20938249_EA?source=nspt" class="chakra-linkbox__overlay css-1hnz6hu"><div class="css-0"><p class="chakra-text css-1ecdp9w" data-testid="product-brand">Monster Energy</p><h3 class="chakra-heading css-6qrhwc" id="20938249_EA" data-testid="product-title">Original</h3><p class="chakra-text css-1yftjin" data-testid="product-package-size">473 ml, $0.63/100ml</p></div></a><div class="css-8keand"></div></div><div class="css-1q5omjq"><div class="css-fcebb8"><div data-testid="atc-compact" class="css-y94ivq" style="width: 45px;"><button type="button" class="chakra-button css-mudsm6" data-testid="atc-button"><svg stroke="currentColor" fill="currentColor" stroke-width="0" viewBox="0 0 24 24" focusable="false" class="chakra-icon css-1g3sp7a" data-testid="btn-icon" aria-hidden="true" height="1em" width="1em" xmlns="http://www.w3.org/2000/svg"><path d="M19 13h-6v6h-2v-6H5v-2h6V5h2v6h6v2z"></path></svg><span class="css-idkz9h">Add Original to cart</span></button></div></div></div></div></div></div><div class="css-0"><div class="css-f5i5wc"><div class="chakra-linkbox css-vhnn8v"><div data-testid="product-image" class="css-16dr4ly"><img alt="Gatorade Zero Cool Blue Sports Drink  710 ml, $0.24/100ml" src="https://assets.shop.loblaws.ca/products/21357035/b3/en/front/21357035_front_a06_@2.png" srcset="https://assets.shop.loblaws.ca/products/21357035/b3/en/front/21357035_front_a06_@2.png 1x, https://assets.shop.loblaws.ca/products/21357035/b3/en/front/21357035_front_a06_@2.png 2x" loading="lazy" class="chakra-image css-oguq8l" aria-hidden="true"></div><div class="css-qoklea"><div class="css-12dchmx"></div><div data-testid="price-product-tile" class="css-8atqhb"><p class="chakra-text css-0"><span class="chakra-text css-pwnbcb" data-testid="regular-price"><span class="css-idkz9h">$1.69</span>$1.69</span></p></div><a href="/zero-cool-blue-sports-drink/p/21357035_EA?source=nspt" class="chakra-linkbox__overlay css-1hnz6hu"><div class="css-0"><p class="chakra-text css-1ecdp9w" data-testid="product-brand">Gatorade</p><h3 class="chakra-heading css-6qrhwc" id="21357035_EA" data-testid="product-title">Zero Cool Blue Sports Drink </h3><p class="chakra-text css-1yftjin" data-testid="product-package-size">710 ml, $0.24/100ml</p></div></a><div class="css-8keand"></div></div><div class="css-1q5omjq"><div class="css-fcebb8"><div data-testid="atc-compact" class="css-y94ivq" style="width: 45px;"><button type="button" class="chakra-button css-mudsm6" data-testid="atc-button"><svg stroke="currentColor" fill="currentColor" stroke-width="0" viewBox="0 0 24 24" focusable="false" class="chakra-icon css-1g3sp7a" data-testid="btn-icon" aria-hidden="true" height="1em" width="1em" xmlns="http://www.w3.org/2000/svg"><path d="M19 13h-6v6h-2v-6H5v-2h6V5h2v6h6v2z"></path></svg><span class="css-idkz9h">Add Zero Cool Blue Sports Drink  to cart</span></button></div></div></div></div></div></div><div class="css-0"><div class="css-f5i5wc"><div class="chakra-linkbox css-vhnn8v"><div data-testid="product-image" class="css-16dr4ly"><img alt="Celsius Peach Vibe 355 ml, $0.85/100ml" src="https://assets.shop.loblaws.ca/products/21576466/b3/en/front/21576466_front_a06_@2.png" srcset="https://assets.shop.loblaws.ca/products/21576466/b3/en/front/21576466_front_a06_@2.png 1x, https://assets.shop.loblaws.ca/products/21576466/b3/en/front/21576466_front_a06_@2.png 2x" loading="lazy" class="chakra-image css-oguq8l" aria-hidden="true"></div><div class="css-qoklea"><div class="css-12dchmx"></div><div data-testid="price-product-tile" class="css-8atqhb"><p class="chakra-text css-0"><span class="chakra-text css-pwnbcb" data-testid="regular-price"><span class="css-idkz9h">$3.00</span>$3.00</span></p></div><a href="/peach-vibe/p/21576466_EA?source=nspt" class="chakra-linkbox__overlay css-1hnz6hu"><div class="css-0"><p class="chakra-text css-1ecdp9w" data-testid="product-brand">Celsius</p><h3 class="chakra-heading css-6qrhwc" id="21576466_EA" data-testid="product-title">Peach Vibe</h3><p class="chakra-text css-1yftjin" data-testid="product-package-size">355 ml, $0.85/100ml</p></div></a><div class="css-8keand"><p class="chakra-text css-wytexo" data-testid="product-pco-badge">250 PC Optimum Points</p></div></div><div class="css-1q5omjq"><div class="css-fcebb8"><div data-testid="atc-compact" class="css-y94ivq" style="width: 45px;"><button type="button" class="chakra-button css-mudsm6" data-testid="atc-button"><svg stroke="currentColor" fill="currentColor" stroke-width="0" viewBox="0 0 24 24" focusable="false" class="chakra-icon css-1g3sp7a" data-testid="btn-icon" aria-hidden="true" height="1em" width="1em" xmlns="http://www.w3.org/2000/svg"><path d="M19 13h-6v6h-2v-6H5v-2h6V5h2v6h6v2z"></path></svg><span class="css-idkz9h">Add Peach Vibe to cart</span></button></div></div></div></div></div></div><div class="css-0"><div class="css-f5i5wc"><div class="chakra-linkbox css-vhnn8v"><div data-testid="product-image" class="css-16dr4ly"><img alt="Celsius Tropical 355 ml, $0.85/100ml" src="https://assets.shop.loblaws.ca/products/21576519/b3/en/front/21576519_front_a06_@2.png" srcset="https://assets.shop.loblaws.ca/products/21576519/b3/en/front/21576519_front_a06_@2.png 1x, https://assets.shop.loblaws.ca/products/21576519/b3/en/front/21576519_front_a06_@2.png 2x" loading="lazy" class="chakra-image css-oguq8l" aria-hidden="true"></div><div class="css-qoklea"><div class="css-12dchmx"></div><div data-testid="price-product-tile" class="css-8atqhb"><p class="chakra-text css-0"><span class="chakra-text css-pwnbcb" data-testid="regular-price"><span class="css-idkz9h">$3.00</span>$3.00</span></p></div><a href="/tropical/p/21576519_EA?source=nspt" class="chakra-linkbox__overlay css-1hnz6hu"><div class="css-0"><p class="chakra-text css-1ecdp9w" data-testid="product-brand">Celsius</p><h3 class="chakra-heading css-6qrhwc" id="21576519_EA" data-testid="product-title">Tropical</h3><p class="chakra-text css-1yftjin" data-testid="product-package-size">355 ml, $0.85/100ml</p></div></a><div class="css-8keand"><p class="chakra-text css-wytexo" data-testid="product-pco-badge">250 PC Optimum Points</p></div></div><div class="css-1q5omjq"><div class="css-fcebb8"><div data-testid="atc-compact" class="css-y94ivq" style="width: 45px;"><button type="button" class="chakra-button css-mudsm6" data-testid="atc-button"><svg stroke="currentColor" fill="currentColor" stroke-width="0" viewBox="0 0 24 24" focusable="false" class="chakra-icon css-1g3sp7a" data-testid="btn-icon" aria-hidden="true" height="1em" width="1em" xmlns="http://www.w3.org/2000/svg"><path d="M19 13h-6v6h-2v-6H5v-2h6V5h2v6h6v2z"></path></svg><span class="css-idkz9h">Add Tropical to cart</span></button></div></div></div></div></div></div><div class="css-0"><div class="css-f5i5wc"><div class="chakra-linkbox css-vhnn8v"><div data-testid="product-image" class="css-16dr4ly"><img alt="Peace Tea Peach Party Cans, 12 Pack 12x341.0 ml, $0.20/100ml" src="https://assets.shop.loblaws.ca/products/21242429/b3/en/front/21242429_front_a06_@2.png" srcset="https://assets.shop.loblaws.ca/products/21242429/b3/en/front/21242429_front_a06_@2.png 1x, https://assets.shop.loblaws.ca/products/21242429/b3/en/front/21242429_front_a06_@2.png 2x" loading="lazy" class="chakra-image css-oguq8l" aria-hidden="true"></div><div class="css-qoklea"><div class="css-12dchmx"></div><div data-testid="price-product-tile" class="css-8atqhb"><p class="chakra-text css-0"><span class="chakra-text css-pwnbcb" data-testid="regular-price"><span class="css-idkz9h">$7.99</span>$7.99</span></p></div><a href="/peach-party-cans-12-pack/p/21242429_C12?source=nspt" class="chakra-linkbox__overlay css-1hnz6hu"><div class="css-0"><p class="chakra-text css-1ecdp9w" data-testid="product-brand">Peace Tea</p><h3 class="chakra-heading css-6qrhwc" id="21242429_C12" data-testid="product-title">Peach Party Cans, 12 Pack</h3><p class="chakra-text css-1yftjin" data-testid="product-package-size">12x341.0 ml, $0.20/100ml</p></div></a><div class="css-8keand"></div></div><div class="css-1q5omjq"><div class="css-fcebb8"><div data-testid="atc-compact" class="css-y94ivq" style="width: 45px;"><button type="button" class="chakra-button css-mudsm6" data-testid="atc-button"><svg stroke="currentColor" fill="currentColor" stroke-width="0" viewBox="0 0 24 24" focusable="false" class="chakra-icon css-1g3sp7a" data-testid="btn-icon" aria-hidden="true" height="1em" width="1em" xmlns="http://www.w3.org/2000/svg"><path d="M19 13h-6v6h-2v-6H5v-2h6V5h2v6h6v2z"></path></svg><span class="css-idkz9h">Add Peach Party Cans, 12 Pack to cart</span></button></div></div></div></div></div></div><div class="css-0"><div class="css-f5i5wc"><div class="chakra-linkbox css-vhnn8v"><div data-testid="product-image" class="css-16dr4ly"><img alt="Red Bull Energy Drink™ 250 ml, $1.20/100ml" src="https://assets.shop.loblaws.ca/products/20702466/b3/en/front/20702466_front_a06_@2.png" srcset="https://assets.shop.loblaws.ca/products/20702466/b3/en/front/20702466_front_a06_@2.png 1x, https://assets.shop.loblaws.ca/products/20702466/b3/en/front/20702466_front_a06_@2.png 2x" loading="lazy" class="chakra-image css-oguq8l" aria-hidden="true"></div><div class="css-qoklea"><div class="css-12dchmx"></div><div data-testid="price-product-tile" class="css-8atqhb"><p class="chakra-text css-0"><span class="chakra-text css-pwnbcb" data-testid="regular-price"><span class="css-idkz9h">$3.00</span>$3.00</span></p></div><a href="/energy-drink/p/20702466_EA?source=nspt" class="chakra-linkbox__overlay css-1hnz6hu"><div class="css-0"><p class="chakra-text css-1ecdp9w" data-testid="product-brand">Red Bull</p><h3 class="chakra-heading css-6qrhwc" id="20702466_EA" data-testid="product-title">Energy Drink™</h3><p class="chakra-text css-1yftjin" data-testid="product-package-size">250 ml, $1.20/100ml</p></div></a><div class="css-8keand"></div></div><div class="css-1q5omjq"><div class="css-fcebb8"><div data-testid="atc-compact" class="css-y94ivq" style="width: 45px;"><button type="button" class="chakra-button css-mudsm6" data-testid="atc-button"><svg stroke="currentColor" fill="currentColor" stroke-width="0" viewBox="0 0 24 24" focusable="false" class="chakra-icon css-1g3sp7a" data-testid="btn-icon" aria-hidden="true" height="1em" width="1em" xmlns="http://www.w3.org/2000/svg"><path d="M19 13h-6v6h-2v-6H5v-2h6V5h2v6h6v2z"></path></svg><span class="css-idkz9h">Add Energy Drink™ to cart</span></button></div></div></div></div></div></div><div class="css-0"><div class="css-f5i5wc"><div class="chakra-linkbox css-vhnn8v"><div data-testid="product-image" class="css-16dr4ly"><img alt="Gatorade Fierce Orange Sports Drink 710 ml, $0.24/100ml" src="https://assets.shop.loblaws.ca/products/20305775004/b3/en/front/20305775004_front_a06_@2.png" srcset="https://assets.shop.loblaws.ca/products/20305775004/b3/en/front/20305775004_front_a06_@2.png 1x, https://assets.shop.loblaws.ca/products/20305775004/b3/en/front/20305775004_front_a06_@2.png 2x" loading="lazy" class="chakra-image css-oguq8l" aria-hidden="true"></div><div class="css-qoklea"><div class="css-12dchmx"></div><div data-testid="price-product-tile" class="css-8atqhb"><p class="chakra-text css-0"><span class="chakra-text css-pwnbcb" data-testid="regular-price"><span class="css-idkz9h">$1.69</span>$1.69</span></p></div><a href="/fierce-orange-sports-drink/p/20305775004_EA?source=nspt" class="chakra-linkbox__overlay css-1hnz6hu"><div class="css-0"><p class="chakra-text css-1ecdp9w" data-testid="product-brand">Gatorade</p><h3 class="chakra-heading css-6qrhwc" id="20305775004_EA" data-testid="product-title">Fierce Orange Sports Drink</h3><p class="chakra-text css-1yftjin" data-testid="product-package-size">710 ml, $0.24/100ml</p></div></a><div class="css-8keand"></div></div><div class="css-1q5omjq"><div class="css-fcebb8"><div data-testid="atc-compact" class="css-y94ivq" style="width: 45px;"><button type="button" class="chakra-button css-mudsm6" data-testid="atc-button"><svg stroke="currentColor" fill="currentColor" stroke-width="0" viewBox="0 0 24 24" focusable="false" class="chakra-icon css-1g3sp7a" data-testid="btn-icon" aria-hidden="true" height="1em" width="1em" xmlns="http://www.w3.org/2000/svg"><path d="M19 13h-6v6h-2v-6H5v-2h6V5h2v6h6v2z"></path></svg><span class="css-idkz9h">Add Fierce Orange Sports Drink to cart</span></button></div></div></div></div></div></div><div class="css-0"><div class="css-f5i5wc"><div class="chakra-linkbox css-vhnn8v"><div data-testid="product-image" class="css-16dr4ly"><img alt="Gatorade Fierce Fruit Punch Sports Drink 710 ml, $0.24/100ml" src="https://assets.shop.loblaws.ca/products/20305775001/b3/en/front/20305775001_front_a06_@2.png" srcset="https://assets.shop.loblaws.ca/products/20305775001/b3/en/front/20305775001_front_a06_@2.png 1x, https://assets.shop.loblaws.ca/products/20305775001/b3/en/front/20305775001_front_a06_@2.png 2x" loading="lazy" class="chakra-image css-oguq8l" aria-hidden="true"></div><div class="css-qoklea"><div class="css-12dchmx"></div><div data-testid="price-product-tile" class="css-8atqhb"><p class="chakra-text css-0"><span class="chakra-text css-pwnbcb" data-testid="regular-price"><span class="css-idkz9h">$1.69</span>$1.69</span></p></div><a href="/fierce-fruit-punch-sports-drink/p/20305775001_EA?source=nspt" class="chakra-linkbox__overlay css-1hnz6hu"><div class="css-0"><p class="chakra-text css-1ecdp9w" data-testid="product-brand">Gatorade</p><h3 class="chakra-heading css-6qrhwc" id="20305775001_EA" data-testid="product-title">Fierce Fruit Punch Sports Drink</h3><p class="chakra-text css-1yftjin" data-testid="product-package-size">710 ml, $0.24/100ml</p></div></a><div class="css-8keand"></div></div><div class="css-1q5omjq"><div class="css-fcebb8"><div data-testid="atc-compact" class="css-y94ivq" style="width: 45px;"><button type="button" class="chakra-button css-mudsm6" data-testid="atc-button"><svg stroke="currentColor" fill="currentColor" stroke-width="0" viewBox="0 0 24 24" focusable="false" class="chakra-icon css-1g3sp7a" data-testid="btn-icon" aria-hidden="true" height="1em" width="1em" xmlns="http://www.w3.org/2000/svg"><path d="M19 13h-6v6h-2v-6H5v-2h6V5h2v6h6v2z"></path></svg><span class="css-idkz9h">Add Fierce Fruit Punch Sports Drink to cart</span></button></div></div></div></div></div></div><div class="css-0"><div class="css-f5i5wc"><div class="chakra-linkbox css-vhnn8v"><div data-testid="product-image" class="css-16dr4ly"><img alt="Prime Hydration Hydration Drink Ice Pop 500 ml, $0.60/100ml" src="https://assets.shop.loblaws.ca/products/21529789/b3/en/front/21529789_front_a06_@2.png" srcset="https://assets.shop.loblaws.ca/products/21529789/b3/en/front/21529789_front_a06_@2.png 1x, https://assets.shop.loblaws.ca/products/21529789/b3/en/front/21529789_front_a06_@2.png 2x" loading="lazy" class="chakra-image css-oguq8l" aria-hidden="true"></div><div class="css-qoklea"><div class="css-12dchmx"></div><div data-testid="price-product-tile" class="css-8atqhb"><p class="chakra-text css-0"><span class="chakra-text css-pwnbcb" data-testid="regular-price"><span class="css-idkz9h">$2.99</span>$2.99</span></p></div><a href="/hydration-drink-ice-pop/p/21529789_EA?source=nspt" class="chakra-linkbox__overlay css-1hnz6hu"><div class="css-0"><p class="chakra-text css-1ecdp9w" data-testid="product-brand">Prime Hydration</p><h3 class="chakra-heading css-6qrhwc" id="21529789_EA" data-testid="product-title">Hydration Drink Ice Pop</h3><p class="chakra-text css-1yftjin" data-testid="product-package-size">500 ml, $0.60/100ml</p></div></a><div class="css-8keand"></div></div><div class="css-1q5omjq"><div class="css-fcebb8"><div data-testid="atc-compact" class="css-y94ivq" style="width: 45px;"><button type="button" class="chakra-button css-mudsm6" data-testid="atc-button"><svg stroke="currentColor" fill="currentColor" stroke-width="0" viewBox="0 0 24 24" focusable="false" class="chakra-icon css-1g3sp7a" data-testid="btn-icon" aria-hidden="true" height="1em" width="1em" xmlns="http://www.w3.org/2000/svg"><path d="M19 13h-6v6h-2v-6H5v-2h6V5h2v6h6v2z"></path></svg><span class="css-idkz9h">Add Hydration Drink Ice Pop to cart</span></button></div></div></div></div></div></div><div class="css-0"><div class="css-f5i5wc"><div class="chakra-linkbox css-vhnn8v"><div data-testid="product-image" class="css-16dr4ly"><img alt="Peace Tea Razzleberry 12x341.0 ml, $0.20/100ml" src="https://assets.shop.loblaws.ca/products/21242490/b3/en/front/21242490_front_a06_@2.png" srcset="https://assets.shop.loblaws.ca/products/21242490/b3/en/front/21242490_front_a06_@2.png 1x, https://assets.shop.loblaws.ca/products/21242490/b3/en/front/21242490_front_a06_@2.png 2x" loading="lazy" class="chakra-image css-oguq8l" aria-hidden="true"></div><div class="css-qoklea"><div class="css-12dchmx"></div><div data-testid="price-product-tile" class="css-8atqhb"><p class="chakra-text css-0"><span class="chakra-text css-pwnbcb" data-testid="regular-price"><span class="css-idkz9h">$7.99</span>$7.99</span></p></div><a href="/razzleberry/p/21242490_C12?source=nspt" class="chakra-linkbox__overlay css-1hnz6hu"><div class="css-0"><p class="chakra-text css-1ecdp9w" data-testid="product-brand">Peace Tea</p><h3 class="chakra-heading css-6qrhwc" id="21242490_C12" data-testid="product-title">Razzleberry</h3><p class="chakra-text css-1yftjin" data-testid="product-package-size">12x341.0 ml, $0.20/100ml</p></div></a><div class="css-8keand"></div></div><div class="css-1q5omjq"><div class="css-fcebb8"><div data-testid="atc-compact" class="css-y94ivq" style="width: 45px;"><button disabled="" type="button" class="chakra-button css-mudsm6" data-testid="atc-button"><svg stroke="currentColor" fill="currentColor" stroke-width="0" viewBox="0 0 24 24" focusable="false" class="chakra-icon css-1g3sp7a" data-testid="btn-icon" aria-hidden="true" height="1em" width="1em" xmlns="http://www.w3.org/2000/svg"><path d="M19 13h-6v6h-2v-6H5v-2h6V5h2v6h6v2z"></path></svg><span class="css-idkz9h">Add Razzleberry to cart</span></button></div></div><div class="css-4saf4a"><p class="chakra-text css-py8788" data-testid="inventory-badge-text">Out of Stock</p></div></div></div></div></div><div class="css-0"><div class="css-f5i5wc"><div class="chakra-linkbox css-vhnn8v"><div data-testid="product-image" class="css-16dr4ly"><img alt="Starbucks Frappuccino Vanilla Coffee Drink 405 ml, $0.74/100ml" src="https://assets.shop.loblaws.ca/products/20662689/b3/en/front/20662689_front_a06_@2.png" srcset="https://assets.shop.loblaws.ca/products/20662689/b3/en/front/20662689_front_a06_@2.png 1x, https://assets.shop.loblaws.ca/products/20662689/b3/en/front/20662689_front_a06_@2.png 2x" loading="lazy" class="chakra-image css-oguq8l" aria-hidden="true"></div><div class="css-qoklea"><div class="css-12dchmx"></div><div data-testid="price-product-tile" class="css-8atqhb"><p class="chakra-text css-0"><span class="chakra-text css-pwnbcb" data-testid="regular-price"><span class="css-idkz9h">$3.00</span>$3.00</span></p></div><a href="/frappuccino-vanilla-coffee-drink/p/20662689_EA?source=nspt" class="chakra-linkbox__overlay css-1hnz6hu"><div class="css-0"><p class="chakra-text css-1ecdp9w" data-testid="product-brand">Starbucks</p><h3 class="chakra-heading css-6qrhwc" id="20662689_EA" data-testid="product-title">Frappuccino Vanilla Coffee Drink</h3><p class="chakra-text css-1yftjin" data-testid="product-package-size">405 ml, $0.74/100ml</p></div></a><div class="css-8keand"><p class="chakra-text css-wytexo" data-testid="product-pco-badge">500 PC Optimum Points</p></div></div><div class="css-1q5omjq"><div class="css-fcebb8"><div data-testid="atc-compact" class="css-y94ivq" style="width: 45px;"><button type="button" class="chakra-button css-mudsm6" data-testid="atc-button"><svg stroke="currentColor" fill="currentColor" stroke-width="0" viewBox="0 0 24 24" focusable="false" class="chakra-icon css-1g3sp7a" data-testid="btn-icon" aria-hidden="true" height="1em" width="1em" xmlns="http://www.w3.org/2000/svg"><path d="M19 13h-6v6h-2v-6H5v-2h6V5h2v6h6v2z"></path></svg><span class="css-idkz9h">Add Frappuccino Vanilla Coffee Drink to cart</span></button></div></div></div></div></div></div><div class="css-0"><div class="css-f5i5wc"><div class="chakra-linkbox css-vhnn8v"><div data-testid="product-image" class="css-16dr4ly"><img alt="Monster Ultra Strawberry Dreams 473 ml, $0.63/100ml" src="https://assets.shop.loblaws.ca/products/21588702/b3/en/front/21588702_front_a06_@2.png" srcset="https://assets.shop.loblaws.ca/products/21588702/b3/en/front/21588702_front_a06_@2.png 1x, https://assets.shop.loblaws.ca/products/21588702/b3/en/front/21588702_front_a06_@2.png 2x" loading="lazy" class="chakra-image css-oguq8l" aria-hidden="true"></div><div class="css-qoklea"><div class="css-12dchmx"></div><div data-testid="price-product-tile" class="css-8atqhb"><p class="chakra-text css-0"><span class="chakra-text css-pwnbcb" data-testid="regular-price"><span class="css-idkz9h">$3.00</span>$3.00</span></p></div><a href="/ultra-strawberry-dreams/p/21588702_EA?source=nspt" class="chakra-linkbox__overlay css-1hnz6hu"><div class="css-0"><p class="chakra-text css-1ecdp9w" data-testid="product-brand">Monster</p><h3 class="chakra-heading css-6qrhwc" id="21588702_EA" data-testid="product-title">Ultra Strawberry Dreams</h3><p class="chakra-text css-1yftjin" data-testid="product-package-size">473 ml, $0.63/100ml</p></div></a><div class="css-8keand"></div></div><div class="css-1q5omjq"><div class="css-fcebb8"><div data-testid="atc-compact" class="css-y94ivq" style="width: 45px;"><button type="button" class="chakra-button css-mudsm6" data-testid="atc-button"><svg stroke="currentColor" fill="currentColor" stroke-width="0" viewBox="0 0 24 24" focusable="false" class="chakra-icon css-1g3sp7a" data-testid="btn-icon" aria-hidden="true" height="1em" width="1em" xmlns="http://www.w3.org/2000/svg"><path d="M19 13h-6v6h-2v-6H5v-2h6V5h2v6h6v2z"></path></svg><span class="css-idkz9h">Add Ultra Strawberry Dreams to cart</span></button></div></div></div></div></div></div><div class="css-0"><div class="css-f5i5wc"><div class="chakra-linkbox css-vhnn8v"><div data-testid="product-image" class="css-16dr4ly"><img alt="Starbucks Frappuccino Mocha Coffee Drink 405 ml, $0.74/100ml" src="https://assets.shop.loblaws.ca/products/20660857/b3/en/front/20660857_front_a06_@2.png" srcset="https://assets.shop.loblaws.ca/products/20660857/b3/en/front/20660857_front_a06_@2.png 1x, https://assets.shop.loblaws.ca/products/20660857/b3/en/front/20660857_front_a06_@2.png 2x" loading="lazy" class="chakra-image css-oguq8l" aria-hidden="true"></div><div class="css-qoklea"><div class="css-12dchmx"></div><div data-testid="price-product-tile" class="css-8atqhb"><p class="chakra-text css-0"><span class="chakra-text css-pwnbcb" data-testid="regular-price"><span class="css-idkz9h">$3.00</span>$3.00</span></p></div><a href="/frappuccino-mocha-coffee-drink/p/20660857_EA?source=nspt" class="chakra-linkbox__overlay css-1hnz6hu"><div class="css-0"><p class="chakra-text css-1ecdp9w" data-testid="product-brand">Starbucks</p><h3 class="chakra-heading css-6qrhwc" id="20660857_EA" data-testid="product-title">Frappuccino Mocha Coffee Drink</h3><p class="chakra-text css-1yftjin" data-testid="product-package-size">405 ml, $0.74/100ml</p></div></a><div class="css-8keand"><p class="chakra-text css-wytexo" data-testid="product-pco-badge">500 PC Optimum Points</p></div></div><div class="css-1q5omjq"><div class="css-fcebb8"><div data-testid="atc-compact" class="css-y94ivq" style="width: 45px;"><button type="button" class="chakra-button css-mudsm6" data-testid="atc-button"><svg stroke="currentColor" fill="currentColor" stroke-width="0" viewBox="0 0 24 24" focusable="false" class="chakra-icon css-1g3sp7a" data-testid="btn-icon" aria-hidden="true" height="1em" width="1em" xmlns="http://www.w3.org/2000/svg"><path d="M19 13h-6v6h-2v-6H5v-2h6V5h2v6h6v2z"></path></svg><span class="css-idkz9h">Add Frappuccino Mocha Coffee Drink to cart</span></button></div></div></div></div></div></div><div class="css-0"><div class="css-f5i5wc"><div class="chakra-linkbox css-vhnn8v"><div data-testid="product-image" class="css-16dr4ly"><img alt="Celsius Orange 355 ml, $0.85/100ml" src="https://assets.shop.loblaws.ca/products/21576458/b3/en/front/21576458_front_a06_@2.png" srcset="https://assets.shop.loblaws.ca/products/21576458/b3/en/front/21576458_front_a06_@2.png 1x, https://assets.shop.loblaws.ca/products/21576458/b3/en/front/21576458_front_a06_@2.png 2x" loading="lazy" class="chakra-image css-oguq8l" aria-hidden="true"></div><div class="css-qoklea"><div class="css-12dchmx"></div><div data-testid="price-product-tile" class="css-8atqhb"><p class="chakra-text css-0"><span class="chakra-text css-pwnbcb" data-testid="regular-price"><span class="css-idkz9h">$3.00</span>$3.00</span></p></div><a href="/orange/p/21576458_EA?source=nspt" class="chakra-linkbox__overlay css-1hnz6hu"><div class="css-0"><p class="chakra-text css-1ecdp9w" data-testid="product-brand">Celsius</p><h3 class="chakra-heading css-6qrhwc" id="21576458_EA" data-testid="product-title">Orange</h3><p class="chakra-text css-1yftjin" data-testid="product-package-size">355 ml, $0.85/100ml</p></div></a><div class="css-8keand"><p class="chakra-text css-wytexo" data-testid="product-pco-badge">250 PC Optimum Points</p></div></div><div class="css-1q5omjq"><div class="css-fcebb8"><div data-testid="atc-compact" class="css-y94ivq" style="width: 45px;"><button type="button" class="chakra-button css-mudsm6" data-testid="atc-button"><svg stroke="currentColor" fill="currentColor" stroke-width="0" viewBox="0 0 24 24" focusable="false" class="chakra-icon css-1g3sp7a" data-testid="btn-icon" aria-hidden="true" height="1em" width="1em" xmlns="http://www.w3.org/2000/svg"><path d="M19 13h-6v6h-2v-6H5v-2h6V5h2v6h6v2z"></path></svg><span class="css-idkz9h">Add Orange to cart</span></button></div></div></div></div></div></div><div class="css-0"><div class="css-f5i5wc"><div class="chakra-linkbox css-vhnn8v"><div data-testid="product-image" class="css-16dr4ly"><img alt="Monster Energy Ultra Peachy Keen 473 ml, $0.63/100ml" src="https://assets.shop.loblaws.ca/products/21518499/b3/en/front/21518499_front_a06_@2.png" srcset="https://assets.shop.loblaws.ca/products/21518499/b3/en/front/21518499_front_a06_@2.png 1x, https://assets.shop.loblaws.ca/products/21518499/b3/en/front/21518499_front_a06_@2.png 2x" loading="lazy" class="chakra-image css-oguq8l" aria-hidden="true"></div><div class="css-qoklea"><div class="css-12dchmx"></div><div data-testid="price-product-tile" class="css-8atqhb"><p class="chakra-text css-0"><span class="chakra-text css-pwnbcb" data-testid="regular-price"><span class="css-idkz9h">$3.00</span>$3.00</span></p></div><a href="/ultra-peachy-keen/p/21518499_EA?source=nspt" class="chakra-linkbox__overlay css-1hnz6hu"><div class="css-0"><p class="chakra-text css-1ecdp9w" data-testid="product-brand">Monster Energy</p><h3 class="chakra-heading css-6qrhwc" id="21518499_EA" data-testid="product-title">Ultra Peachy Keen</h3><p class="chakra-text css-1yftjin" data-testid="product-package-size">473 ml, $0.63/100ml</p></div></a><div class="css-8keand"></div></div><div class="css-1q5omjq"><div class="css-fcebb8"><div data-testid="atc-compact" class="css-y94ivq" style="width: 45px;"><button type="button" class="chakra-button css-mudsm6" data-testid="atc-button"><svg stroke="currentColor" fill="currentColor" stroke-width="0" viewBox="0 0 24 24" focusable="false" class="chakra-icon css-1g3sp7a" data-testid="btn-icon" aria-hidden="true" height="1em" width="1em" xmlns="http://www.w3.org/2000/svg"><path d="M19 13h-6v6h-2v-6H5v-2h6V5h2v6h6v2z"></path></svg><span class="css-idkz9h">Add Ultra Peachy Keen to cart</span></button></div></div></div></div></div></div><div class="css-0"><div class="css-f5i5wc"><div class="chakra-linkbox css-vhnn8v"><div data-testid="product-image" class="css-16dr4ly"><img alt="Celsius Kiwi Guava 355 ml, $0.85/100ml" src="https://assets.shop.loblaws.ca/products/21576894/b3/en/front/21576894_front_a06_@2.png" srcset="https://assets.shop.loblaws.ca/products/21576894/b3/en/front/21576894_front_a06_@2.png 1x, https://assets.shop.loblaws.ca/products/21576894/b3/en/front/21576894_front_a06_@2.png 2x" loading="lazy" class="chakra-image css-oguq8l" aria-hidden="true"></div><div class="css-qoklea"><div class="css-12dchmx"></div><div data-testid="price-product-tile" class="css-8atqhb"><p class="chakra-text css-0"><span class="chakra-text css-pwnbcb" data-testid="regular-price"><span class="css-idkz9h">$3.00</span>$3.00</span></p></div><a href="/kiwi-guava/p/21576894_EA?source=nspt" class="chakra-linkbox__overlay css-1hnz6hu"><div class="css-0"><p class="chakra-text css-1ecdp9w" data-testid="product-brand">Celsius</p><h3 class="chakra-heading css-6qrhwc" id="21576894_EA" data-testid="product-title">Kiwi Guava</h3><p class="chakra-text css-1yftjin" data-testid="product-package-size">355 ml, $0.85/100ml</p></div></a><div class="css-8keand"><p class="chakra-text css-wytexo" data-testid="product-pco-badge">250 PC Optimum Points</p></div></div><div class="css-1q5omjq"><div class="css-fcebb8"><div data-testid="atc-compact" class="css-y94ivq" style="width: 45px;"><button type="button" class="chakra-button css-mudsm6" data-testid="atc-button"><svg stroke="currentColor" fill="currentColor" stroke-width="0" viewBox="0 0 24 24" focusable="false" class="chakra-icon css-1g3sp7a" data-testid="btn-icon" aria-hidden="true" height="1em" width="1em" xmlns="http://www.w3.org/2000/svg"><path d="M19 13h-6v6h-2v-6H5v-2h6V5h2v6h6v2z"></path></svg><span class="css-idkz9h">Add Kiwi Guava to cart</span></button></div></div></div></div></div></div><div class="css-0"><div class="css-f5i5wc"><div class="chakra-linkbox css-vhnn8v"><div data-testid="product-image" class="css-16dr4ly"><img alt="Red Bull Energy Drink Sugarfree™ 250 ml, $1.20/100ml" src="https://assets.shop.loblaws.ca/products/20702497/b3/en/front/20702497_front_a06_@2.png" srcset="https://assets.shop.loblaws.ca/products/20702497/b3/en/front/20702497_front_a06_@2.png 1x, https://assets.shop.loblaws.ca/products/20702497/b3/en/front/20702497_front_a06_@2.png 2x" loading="lazy" class="chakra-image css-oguq8l" aria-hidden="true"></div><div class="css-qoklea"><div class="css-12dchmx"></div><div data-testid="price-product-tile" class="css-8atqhb"><p class="chakra-text css-0"><span class="chakra-text css-pwnbcb" data-testid="regular-price"><span class="css-idkz9h">$3.00</span>$3.00</span></p></div><a href="/energy-drink-sugarfree/p/20702497_EA?source=nspt" class="chakra-linkbox__overlay css-1hnz6hu"><div class="css-0"><p class="chakra-text css-1ecdp9w" data-testid="product-brand">Red Bull</p><h3 class="chakra-heading css-6qrhwc" id="20702497_EA" data-testid="product-title">Energy Drink Sugarfree™</h3><p class="chakra-text css-1yftjin" data-testid="product-package-size">250 ml, $1.20/100ml</p></div></a><div class="css-8keand"></div></div><div class="css-1q5omjq"><div class="css-fcebb8"><div data-testid="atc-compact" class="css-y94ivq" style="width: 45px;"><button type="button" class="chakra-button css-mudsm6" data-testid="atc-button"><svg stroke="currentColor" fill="currentColor" stroke-width="0" viewBox="0 0 24 24" focusable="false" class="chakra-icon css-1g3sp7a" data-testid="btn-icon" aria-hidden="true" height="1em" width="1em" xmlns="http://www.w3.org/2000/svg"><path d="M19 13h-6v6h-2v-6H5v-2h6V5h2v6h6v2z"></path></svg><span class="css-idkz9h">Add Energy Drink Sugarfree™ to cart</span></button></div></div></div></div></div></div><div class="css-0"><div class="css-f5i5wc"><div class="chakra-linkbox css-vhnn8v"><div data-testid="product-image" class="css-16dr4ly"><img alt="Alokozay Energy Drink 250 ml, $0.52/100ml" src="https://assets.shop.loblaws.ca/products/21567088/b3/en/front/21567088_front_a06_@2.png" srcset="https://assets.shop.loblaws.ca/products/21567088/b3/en/front/21567088_front_a06_@2.png 1x, https://assets.shop.loblaws.ca/products/21567088/b3/en/front/21567088_front_a06_@2.png 2x" loading="lazy" class="chakra-image css-oguq8l" aria-hidden="true"></div><div class="css-qoklea"><div class="css-12dchmx"><div class="chakra-badge css-34x0wr" data-testid="product-badge"><div class="css-u4p24i">New</div></div></div><div data-testid="price-product-tile" class="css-8atqhb"><p class="chakra-text css-0"><span class="chakra-text css-pwnbcb" data-testid="regular-price"><span class="css-idkz9h">$1.29</span>$1.29</span></p></div><a href="/energy-drink/p/21567088_EA?source=nspt" class="chakra-linkbox__overlay css-1hnz6hu"><div class="css-0"><p class="chakra-text css-1ecdp9w" data-testid="product-brand">Alokozay</p><h3 class="chakra-heading css-6qrhwc" id="21567088_EA" data-testid="product-title">Energy Drink</h3><p class="chakra-text css-1yftjin" data-testid="product-package-size">250 ml, $0.52/100ml</p></div></a><div class="css-8keand"></div></div><div class="css-1q5omjq"><div class="css-fcebb8"><div data-testid="atc-compact" class="css-y94ivq" style="width: 45px;"><button disabled="" type="button" class="chakra-button css-mudsm6" data-testid="atc-button"><svg stroke="currentColor" fill="currentColor" stroke-width="0" viewBox="0 0 24 24" focusable="false" class="chakra-icon css-1g3sp7a" data-testid="btn-icon" aria-hidden="true" height="1em" width="1em" xmlns="http://www.w3.org/2000/svg"><path d="M19 13h-6v6h-2v-6H5v-2h6V5h2v6h6v2z"></path></svg><span class="css-idkz9h">Add Energy Drink to cart</span></button></div></div><div class="css-4saf4a"><p class="chakra-text css-py8788" data-testid="inventory-badge-text">Out of Stock</p></div></div></div></div></div><div class="css-0"><div class="css-f5i5wc"><div class="chakra-linkbox css-vhnn8v"><div data-testid="product-image" class="css-16dr4ly"><img alt="Gatorade G FIT Citrus Berry 6x500.0 ml, $0.27/100ml" src="https://assets.shop.loblaws.ca/products/21521362/b3/en/front/21521362_front_a06_@2.png" srcset="https://assets.shop.loblaws.ca/products/21521362/b3/en/front/21521362_front_a06_@2.png 1x, https://assets.shop.loblaws.ca/products/21521362/b3/en/front/21521362_front_a06_@2.png 2x" loading="lazy" class="chakra-image css-oguq8l" aria-hidden="true"></div><div class="css-qoklea"><div class="css-12dchmx"></div><div data-testid="price-product-tile" class="css-8atqhb"><p class="chakra-text css-0"><span class="chakra-text css-o93gbd" data-testid="sale-price"><span class="css-idkz9h">$7.99</span>$7.99</span><span class="chakra-text css-623q5h" data-testid="was-price"><span class="css-idkz9h">$10.49</span>$10.49</span></p><p class="chakra-text css-1m5a6y8" data-testid="price-descriptor">SAVE $2.50</p></div><a href="/g-fit-citrus-berry/p/21521362_C06?source=nspt" class="chakra-linkbox__overlay css-1hnz6hu"><div class="css-0"><p class="chakra-text css-1ecdp9w" data-testid="product-brand">Gatorade</p><h3 class="chakra-heading css-6qrhwc" id="21521362_C06" data-testid="product-title">G FIT Citrus Berry</h3><p class="chakra-text css-1yftjin" data-testid="product-package-size">6x500.0 ml, $0.27/100ml</p></div></a><div class="css-8keand"></div></div><div class="css-1q5omjq"><div class="css-fcebb8"><div data-testid="atc-compact" class="css-y94ivq" style="width: 45px;"><button type="button" class="chakra-button css-mudsm6" data-testid="atc-button"><svg stroke="currentColor" fill="currentColor" stroke-width="0" viewBox="0 0 24 24" focusable="false" class="chakra-icon css-1g3sp7a" data-testid="btn-icon" aria-hidden="true" height="1em" width="1em" xmlns="http://www.w3.org/2000/svg"><path d="M19 13h-6v6h-2v-6H5v-2h6V5h2v6h6v2z"></path></svg><span class="css-idkz9h">Add G FIT Citrus Berry to cart</span></button></div></div><div class="css-4saf4a"><p class="chakra-text css-py8788" data-testid="inventory-badge-text">Low Stock</p></div></div></div></div></div><div class="css-0"><div class="css-f5i5wc"><div class="chakra-linkbox css-vhnn8v"><div data-testid="product-image" class="css-16dr4ly"><img alt="Reign Cherry Limeade, Can 473 ml, $0.63/100ml" src="https://assets.shop.loblaws.ca/products/21588718/b3/en/front/21588718_front_a06_@2.png" srcset="https://assets.shop.loblaws.ca/products/21588718/b3/en/front/21588718_front_a06_@2.png 1x, https://assets.shop.loblaws.ca/products/21588718/b3/en/front/21588718_front_a06_@2.png 2x" loading="lazy" class="chakra-image css-oguq8l" aria-hidden="true"></div><div class="css-qoklea"><div class="css-12dchmx"></div><div data-testid="price-product-tile" class="css-8atqhb"><p class="chakra-text css-0"><span class="chakra-text css-pwnbcb" data-testid="regular-price"><span class="css-idkz9h">$3.00</span>$3.00</span></p></div><a href="/cherry-limeade-can/p/21588718_EA?source=nspt" class="chakra-linkbox__overlay css-1hnz6hu"><div class="css-0"><p class="chakra-text css-1ecdp9w" data-testid="product-brand">Reign</p><h3 class="chakra-heading css-6qrhwc" id="21588718_EA" data-testid="product-title">Cherry Limeade, Can</h3><p class="chakra-text css-1yftjin" data-testid="product-package-size">473 ml, $0.63/100ml</p></div></a><div class="css-8keand"></div></div><div class="css-1q5omjq"><div class="css-fcebb8"><div data-testid="atc-compact" class="css-y94ivq" style="width: 45px;"><button type="button" class="chakra-button css-mudsm6" data-testid="atc-button"><svg stroke="currentColor" fill="currentColor" stroke-width="0" viewBox="0 0 24 24" focusable="false" class="chakra-icon css-1g3sp7a" data-testid="btn-icon" aria-hidden="true" height="1em" width="1em" xmlns="http://www.w3.org/2000/svg"><path d="M19 13h-6v6h-2v-6H5v-2h6V5h2v6h6v2z"></path></svg><span class="css-idkz9h">Add Cherry Limeade, Can to cart</span></button></div></div></div></div></div></div><div class="css-0"><div class="css-f5i5wc"><div class="chakra-linkbox css-vhnn8v"><div data-testid="product-image" class="css-16dr4ly"><img alt="Monster Energy Zero Sugar 473 ml, $0.63/100ml" src="https://assets.shop.loblaws.ca/products/20938012/b3/en/front/20938012_front_a06_@2.png" srcset="https://assets.shop.loblaws.ca/products/20938012/b3/en/front/20938012_front_a06_@2.png 1x, https://assets.shop.loblaws.ca/products/20938012/b3/en/front/20938012_front_a06_@2.png 2x" loading="lazy" class="chakra-image css-oguq8l" aria-hidden="true"></div><div class="css-qoklea"><div class="css-12dchmx"></div><div data-testid="price-product-tile" class="css-8atqhb"><p class="chakra-text css-0"><span class="chakra-text css-pwnbcb" data-testid="regular-price"><span class="css-idkz9h">$3.00</span>$3.00</span></p></div><a href="/zero-sugar/p/20938012_EA?source=nspt" class="chakra-linkbox__overlay css-1hnz6hu"><div class="css-0"><p class="chakra-text css-1ecdp9w" data-testid="product-brand">Monster Energy</p><h3 class="chakra-heading css-6qrhwc" id="20938012_EA" data-testid="product-title">Zero Sugar</h3><p class="chakra-text css-1yftjin" data-testid="product-package-size">473 ml, $0.63/100ml</p></div></a><div class="css-8keand"></div></div><div class="css-1q5omjq"><div class="css-fcebb8"><div data-testid="atc-compact" class="css-y94ivq" style="width: 45px;"><button type="button" class="chakra-button css-mudsm6" data-testid="atc-button"><svg stroke="currentColor" fill="currentColor" stroke-width="0" viewBox="0 0 24 24" focusable="false" class="chakra-icon css-1g3sp7a" data-testid="btn-icon" aria-hidden="true" height="1em" width="1em" xmlns="http://www.w3.org/2000/svg"><path d="M19 13h-6v6h-2v-6H5v-2h6V5h2v6h6v2z"></path></svg><span class="css-idkz9h">Add Zero Sugar to cart</span></button></div></div></div></div></div></div><div class="css-0"><div class="css-f5i5wc"><div class="chakra-linkbox css-vhnn8v"><div data-testid="product-image" class="css-16dr4ly"><img alt="Reign Reignbow Sherbet 473 ml, $0.63/100ml" src="https://assets.shop.loblaws.ca/products/21519767/b3/en/front/21519767_front_a06_@2.png" srcset="https://assets.shop.loblaws.ca/products/21519767/b3/en/front/21519767_front_a06_@2.png 1x, https://assets.shop.loblaws.ca/products/21519767/b3/en/front/21519767_front_a06_@2.png 2x" loading="lazy" class="chakra-image css-oguq8l" aria-hidden="true"></div><div class="css-qoklea"><div class="css-12dchmx"></div><div data-testid="price-product-tile" class="css-8atqhb"><p class="chakra-text css-0"><span class="chakra-text css-pwnbcb" data-testid="regular-price"><span class="css-idkz9h">$3.00</span>$3.00</span></p></div><a href="/reignbow-sherbet/p/21519767_EA?source=nspt" class="chakra-linkbox__overlay css-1hnz6hu"><div class="css-0"><p class="chakra-text css-1ecdp9w" data-testid="product-brand">Reign</p><h3 class="chakra-heading css-6qrhwc" id="21519767_EA" data-testid="product-title">Reignbow Sherbet</h3><p class="chakra-text css-1yftjin" data-testid="product-package-size">473 ml, $0.63/100ml</p></div></a><div class="css-8keand"></div></div><div class="css-1q5omjq"><div class="css-fcebb8"><div data-testid="atc-compact" class="css-y94ivq" style="width: 45px;"><button type="button" class="chakra-button css-mudsm6" data-testid="atc-button"><svg stroke="currentColor" fill="currentColor" stroke-width="0" viewBox="0 0 24 24" focusable="false" class="chakra-icon css-1g3sp7a" data-testid="btn-icon" aria-hidden="true" height="1em" width="1em" xmlns="http://www.w3.org/2000/svg"><path d="M19 13h-6v6h-2v-6H5v-2h6V5h2v6h6v2z"></path></svg><span class="css-idkz9h">Add Reignbow Sherbet to cart</span></button></div></div></div></div></div></div><div class="css-0"><div class="css-f5i5wc"><div class="chakra-linkbox css-vhnn8v"><div data-testid="product-image" class="css-16dr4ly"><img alt="Monster Energy Ultra Fiesta 473 ml, $0.63/100ml" src="https://assets.shop.loblaws.ca/products/21357112/b3/en/front/21357112_front_a06_@2.png" srcset="https://assets.shop.loblaws.ca/products/21357112/b3/en/front/21357112_front_a06_@2.png 1x, https://assets.shop.loblaws.ca/products/21357112/b3/en/front/21357112_front_a06_@2.png 2x" loading="lazy" class="chakra-image css-oguq8l" aria-hidden="true"></div><div class="css-qoklea"><div class="css-12dchmx"></div><div data-testid="price-product-tile" class="css-8atqhb"><p class="chakra-text css-0"><span class="chakra-text css-pwnbcb" data-testid="regular-price"><span class="css-idkz9h">$3.00</span>$3.00</span></p></div><a href="/ultra-fiesta/p/21357112_EA?source=nspt" class="chakra-linkbox__overlay css-1hnz6hu"><div class="css-0"><p class="chakra-text css-1ecdp9w" data-testid="product-brand">Monster Energy</p><h3 class="chakra-heading css-6qrhwc" id="21357112_EA" data-testid="product-title">Ultra Fiesta</h3><p class="chakra-text css-1yftjin" data-testid="product-package-size">473 ml, $0.63/100ml</p></div></a><div class="css-8keand"></div></div><div class="css-1q5omjq"><div class="css-fcebb8"><div data-testid="atc-compact" class="css-y94ivq" style="width: 45px;"><button type="button" class="chakra-button css-mudsm6" data-testid="atc-button"><svg stroke="currentColor" fill="currentColor" stroke-width="0" viewBox="0 0 24 24" focusable="false" class="chakra-icon css-1g3sp7a" data-testid="btn-icon" aria-hidden="true" height="1em" width="1em" xmlns="http://www.w3.org/2000/svg"><path d="M19 13h-6v6h-2v-6H5v-2h6V5h2v6h6v2z"></path></svg><span class="css-idkz9h">Add Ultra Fiesta to cart</span></button></div></div></div></div></div></div><div class="css-0"><div class="css-f5i5wc"><div class="chakra-linkbox css-vhnn8v"><div data-testid="product-image" class="css-16dr4ly"><img alt="Reign Kiwi Blend Can 355 ml, $0.85/100ml" src="https://assets.shop.loblaws.ca/products/21595360/b3/en/front/21595360_front_a06_@2.png" srcset="https://assets.shop.loblaws.ca/products/21595360/b3/en/front/21595360_front_a06_@2.png 1x, https://assets.shop.loblaws.ca/products/21595360/b3/en/front/21595360_front_a06_@2.png 2x" loading="lazy" class="chakra-image css-oguq8l" aria-hidden="true"></div><div class="css-qoklea"><div class="css-12dchmx"><div class="chakra-badge css-34x0wr" data-testid="product-badge"><div class="css-u4p24i">New</div></div></div><div data-testid="price-product-tile" class="css-8atqhb"><p class="chakra-text css-0"><span class="chakra-text css-pwnbcb" data-testid="regular-price"><span class="css-idkz9h">$3.00</span>$3.00</span></p></div><a href="/kiwi-blend-can/p/21595360_EA?source=nspt" class="chakra-linkbox__overlay css-1hnz6hu"><div class="css-0"><p class="chakra-text css-1ecdp9w" data-testid="product-brand">Reign</p><h3 class="chakra-heading css-6qrhwc" id="21595360_EA" data-testid="product-title">Kiwi Blend Can</h3><p class="chakra-text css-1yftjin" data-testid="product-package-size">355 ml, $0.85/100ml</p></div></a><div class="css-8keand"></div></div><div class="css-1q5omjq"><div class="css-fcebb8"><div data-testid="atc-compact" class="css-y94ivq" style="width: 45px;"><button type="button" class="chakra-button css-mudsm6" data-testid="atc-button"><svg stroke="currentColor" fill="currentColor" stroke-width="0" viewBox="0 0 24 24" focusable="false" class="chakra-icon css-1g3sp7a" data-testid="btn-icon" aria-hidden="true" height="1em" width="1em" xmlns="http://www.w3.org/2000/svg"><path d="M19 13h-6v6h-2v-6H5v-2h6V5h2v6h6v2z"></path></svg><span class="css-idkz9h">Add Kiwi Blend Can to cart</span></button></div></div></div></div></div></div><div class="css-0"><div class="css-f5i5wc"><div class="chakra-linkbox css-vhnn8v"><div data-testid="product-image" class="css-16dr4ly"><img alt="Reign Peach Nectarine Can 355 ml, $0.85/100ml" src="https://assets.shop.loblaws.ca/products/21595694/b3/en/front/21595694_front_a06_@2.png" srcset="https://assets.shop.loblaws.ca/products/21595694/b3/en/front/21595694_front_a06_@2.png 1x, https://assets.shop.loblaws.ca/products/21595694/b3/en/front/21595694_front_a06_@2.png 2x" loading="lazy" class="chakra-image css-oguq8l" aria-hidden="true"></div><div class="css-qoklea"><div class="css-12dchmx"><div class="chakra-badge css-34x0wr" data-testid="product-badge"><div class="css-u4p24i">New</div></div></div><div data-testid="price-product-tile" class="css-8atqhb"><p class="chakra-text css-0"><span class="chakra-text css-pwnbcb" data-testid="regular-price"><span class="css-idkz9h">$3.00</span>$3.00</span></p></div><a href="/peach-nectarine-can/p/21595694_EA?source=nspt" class="chakra-linkbox__overlay css-1hnz6hu"><div class="css-0"><p class="chakra-text css-1ecdp9w" data-testid="product-brand">Reign</p><h3 class="chakra-heading css-6qrhwc" id="21595694_EA" data-testid="product-title">Peach Nectarine Can</h3><p class="chakra-text css-1yftjin" data-testid="product-package-size">355 ml, $0.85/100ml</p></div></a><div class="css-8keand"></div></div><div class="css-1q5omjq"><div class="css-fcebb8"><div data-testid="atc-compact" class="css-y94ivq" style="width: 45px;"><button type="button" class="chakra-button css-mudsm6" data-testid="atc-button"><svg stroke="currentColor" fill="currentColor" stroke-width="0" viewBox="0 0 24 24" focusable="false" class="chakra-icon css-1g3sp7a" data-testid="btn-icon" aria-hidden="true" height="1em" width="1em" xmlns="http://www.w3.org/2000/svg"><path d="M19 13h-6v6h-2v-6H5v-2h6V5h2v6h6v2z"></path></svg><span class="css-idkz9h">Add Peach Nectarine Can to cart</span></button></div></div></div></div></div></div><div class="css-0"><div class="css-f5i5wc"><div class="chakra-linkbox css-vhnn8v"><div data-testid="product-image" class="css-16dr4ly"><img alt="BodyArmor SuperDrink Orange Mango Bottle 473 ml, $0.63/100ml" src="https://assets.shop.loblaws.ca/products/21586596/b3/en/front/21586596_front_a06_@2.png" srcset="https://assets.shop.loblaws.ca/products/21586596/b3/en/front/21586596_front_a06_@2.png 1x, https://assets.shop.loblaws.ca/products/21586596/b3/en/front/21586596_front_a06_@2.png 2x" loading="lazy" class="chakra-image css-oguq8l" aria-hidden="true"></div><div class="css-qoklea"><div class="css-12dchmx"></div><div data-testid="price-product-tile" class="css-8atqhb"><p class="chakra-text css-0"><span class="chakra-text css-pwnbcb" data-testid="regular-price"><span class="css-idkz9h">$2.99</span>$2.99</span></p></div><a href="/superdrink-orange-mango-bottle/p/21586596_EA?source=nspt" class="chakra-linkbox__overlay css-1hnz6hu"><div class="css-0"><p class="chakra-text css-1ecdp9w" data-testid="product-brand">BodyArmor</p><h3 class="chakra-heading css-6qrhwc" id="21586596_EA" data-testid="product-title">SuperDrink Orange Mango Bottle</h3><p class="chakra-text css-1yftjin" data-testid="product-package-size">473 ml, $0.63/100ml</p></div></a><div class="css-8keand"></div></div><div class="css-1q5omjq"><div class="css-fcebb8"><div data-testid="atc-compact" class="css-y94ivq" style="width: 45px;"><button type="button" class="chakra-button css-mudsm6" data-testid="atc-button"><svg stroke="currentColor" fill="currentColor" stroke-width="0" viewBox="0 0 24 24" focusable="false" class="chakra-icon css-1g3sp7a" data-testid="btn-icon" aria-hidden="true" height="1em" width="1em" xmlns="http://www.w3.org/2000/svg"><path d="M19 13h-6v6h-2v-6H5v-2h6V5h2v6h6v2z"></path></svg><span class="css-idkz9h">Add SuperDrink Orange Mango Bottle to cart</span></button></div></div></div></div></div></div><div class="css-0"><div class="css-f5i5wc"><div class="chakra-linkbox css-vhnn8v"><div data-testid="product-image" class="css-16dr4ly"><img alt="Core Power Vanilla High-Protein Milk Shake, Bottle 414 ml, $0.92/100ml" src="https://assets.shop.loblaws.ca/products/21165945/b3/en/front/21165945_front_a06_@2.png" srcset="https://assets.shop.loblaws.ca/products/21165945/b3/en/front/21165945_front_a06_@2.png 1x, https://assets.shop.loblaws.ca/products/21165945/b3/en/front/21165945_front_a06_@2.png 2x" loading="lazy" class="chakra-image css-oguq8l" aria-hidden="true"></div><div class="css-qoklea"><div class="css-12dchmx"></div><div data-testid="price-product-tile" class="css-8atqhb"><p class="chakra-text css-0"><span class="chakra-text css-pwnbcb" data-testid="regular-price"><span class="css-idkz9h">$3.79</span>$3.79</span></p></div><a href="/vanilla-high-protein-milk-shake-bottle/p/21165945_EA?source=nspt" class="chakra-linkbox__overlay css-1hnz6hu"><div class="css-0"><p class="chakra-text css-1ecdp9w" data-testid="product-brand">Core Power</p><h3 class="chakra-heading css-6qrhwc" id="21165945_EA" data-testid="product-title">Vanilla High-Protein Milk Shake, Bottle</h3><p class="chakra-text css-1yftjin" data-testid="product-package-size">414 ml, $0.92/100ml</p></div></a><div class="css-8keand"></div></div><div class="css-1q5omjq"><div class="css-fcebb8"><div data-testid="atc-compact" class="css-y94ivq" style="width: 45px;"><button type="button" class="chakra-button css-mudsm6" data-testid="atc-button"><svg stroke="currentColor" fill="currentColor" stroke-width="0" viewBox="0 0 24 24" focusable="false" class="chakra-icon css-1g3sp7a" data-testid="btn-icon" aria-hidden="true" height="1em" width="1em" xmlns="http://www.w3.org/2000/svg"><path d="M19 13h-6v6h-2v-6H5v-2h6V5h2v6h6v2z"></path></svg><span class="css-idkz9h">Add Vanilla High-Protein Milk Shake, Bottle to cart</span></button></div></div></div></div></div></div><div class="css-0"><div class="css-f5i5wc"><div class="chakra-linkbox css-vhnn8v"><div data-testid="product-image" class="css-16dr4ly"><img alt="Monster Energy Punch Mango Loco 4x473.0 ml, $0.53/100ml" src="https://assets.shop.loblaws.ca/products/21239622/b3/en/front/21239622_front_a06_@2.png" srcset="https://assets.shop.loblaws.ca/products/21239622/b3/en/front/21239622_front_a06_@2.png 1x, https://assets.shop.loblaws.ca/products/21239622/b3/en/front/21239622_front_a06_@2.png 2x" loading="lazy" class="chakra-image css-oguq8l" aria-hidden="true"></div><div class="css-qoklea"><div class="css-12dchmx"></div><div data-testid="price-product-tile" class="css-8atqhb"><p class="chakra-text css-0"><span class="chakra-text css-pwnbcb" data-testid="regular-price"><span class="css-idkz9h">$9.99</span>$9.99</span></p></div><a href="/punch-mango-loco/p/21239622_C04?source=nspt" class="chakra-linkbox__overlay css-1hnz6hu"><div class="css-0"><p class="chakra-text css-1ecdp9w" data-testid="product-brand">Monster Energy</p><h3 class="chakra-heading css-6qrhwc" id="21239622_C04" data-testid="product-title">Punch Mango Loco</h3><p class="chakra-text css-1yftjin" data-testid="product-package-size">4x473.0 ml, $0.53/100ml</p></div></a><div class="css-8keand"></div></div><div class="css-1q5omjq"><div class="css-fcebb8"><div data-testid="atc-compact" class="css-y94ivq" style="width: 45px;"><button type="button" class="chakra-button css-mudsm6" data-testid="atc-button"><svg stroke="currentColor" fill="currentColor" stroke-width="0" viewBox="0 0 24 24" focusable="false" class="chakra-icon css-1g3sp7a" data-testid="btn-icon" aria-hidden="true" height="1em" width="1em" xmlns="http://www.w3.org/2000/svg"><path d="M19 13h-6v6h-2v-6H5v-2h6V5h2v6h6v2z"></path></svg><span class="css-idkz9h">Add Punch Mango Loco to cart</span></button></div></div></div></div></div></div></div><div data-testid="product-grid" class="css-epcqr3"><div class="css-0"><div class="css-f5i5wc"><div class="chakra-linkbox css-vhnn8v"><div data-testid="product-image" class="css-16dr4ly"><img alt="BodyArmor SuperDrink Orange Mango Bottle 473 ml, $0.63/100ml" src="https://assets.shop.loblaws.ca/products/21586596/b3/en/front/21586596_front_a06_@2.png" srcset="https://assets.shop.loblaws.ca/products/21586596/b3/en/front/21586596_front_a06_@2.png 1x, https://assets.shop.loblaws.ca/products/21586596/b3/en/front/21586596_front_a06_@2.png 2x" loading="lazy" class="chakra-image css-oguq8l" aria-hidden="true"></div><div class="css-qoklea"><div class="css-12dchmx"></div><div data-testid="price-product-tile" class="css-8atqhb"><p class="chakra-text css-0"><span class="chakra-text css-pwnbcb" data-testid="regular-price"><span class="css-idkz9h">$2.99</span>$2.99</span></p></div><a href="/superdrink-orange-mango-bottle/p/21586596_EA?source=nspt" class="chakra-linkbox__overlay css-1hnz6hu"><div class="css-0"><p class="chakra-text css-1ecdp9w" data-testid="product-brand">BodyArmor</p><h3 class="chakra-heading css-6qrhwc" id="21586596_EA" data-testid="product-title">SuperDrink Orange Mango Bottle</h3><p class="chakra-text css-1yftjin" data-testid="product-package-size">473 ml, $0.63/100ml</p></div></a><div class="css-8keand"></div></div><div class="css-1q5omjq"><div class="css-fcebb8"><div data-testid="atc-compact" class="css-y94ivq" style="width: 45px;"><button type="button" class="chakra-button css-mudsm6" data-testid="atc-button"><svg stroke="currentColor" fill="currentColor" stroke-width="0" viewBox="0 0 24 24" focusable="false" class="chakra-icon css-1g3sp7a" data-testid="btn-icon" aria-hidden="true" height="1em" width="1em" xmlns="http://www.w3.org/2000/svg"><path d="M19 13h-6v6h-2v-6H5v-2h6V5h2v6h6v2z"></path></svg><span class="css-idkz9h">Add SuperDrink Orange Mango Bottle to cart</span></button></div></div></div></div></div></div><div class="css-0"><div class="css-f5i5wc"><div class="chakra-linkbox css-vhnn8v"><div data-testid="product-image" class="css-16dr4ly"><img alt="Bang Energy Drink Zero Sugar Peach Mango 473 ml, $0.74/100ml" src="https://assets.shop.loblaws.ca/products/21618309/b3/en/front/21618309_front_a06_@2.png" srcset="https://assets.shop.loblaws.ca/products/21618309/b3/en/front/21618309_front_a06_@2.png 1x, https://assets.shop.loblaws.ca/products/21618309/b3/en/front/21618309_front_a06_@2.png 2x" loading="lazy" class="chakra-image css-oguq8l" aria-hidden="true"></div><div class="css-qoklea"><div class="css-12dchmx"><div class="chakra-badge css-34x0wr" data-testid="product-badge"><div class="css-u4p24i">New</div></div></div><div data-testid="price-product-tile" class="css-8atqhb"><p class="chakra-text css-0"><span class="chakra-text css-pwnbcb" data-testid="regular-price"><span class="css-idkz9h">$3.49</span>$3.49</span></p></div><a href="/energy-drink-zero-sugar-peach-mango/p/21618309_EA?source=nspt" class="chakra-linkbox__overlay css-1hnz6hu"><div class="css-0"><p class="chakra-text css-1ecdp9w" data-testid="product-brand">Bang</p><h3 class="chakra-heading css-6qrhwc" id="21618309_EA" data-testid="product-title">Energy Drink Zero Sugar Peach Mango</h3><p class="chakra-text css-1yftjin" data-testid="product-package-size">473 ml, $0.74/100ml</p></div></a><div class="css-8keand"></div></div><div class="css-1q5omjq"><div class="css-fcebb8"><div data-testid="atc-compact" class="css-y94ivq" style="width: 45px;"><button disabled="" type="button" class="chakra-button css-mudsm6" data-testid="atc-button"><svg stroke="currentColor" fill="currentColor" stroke-width="0" viewBox="0 0 24 24" focusable="false" class="chakra-icon css-1g3sp7a" data-testid="btn-icon" aria-hidden="true" height="1em" width="1em" xmlns="http://www.w3.org/2000/svg"><path d="M19 13h-6v6h-2v-6H5v-2h6V5h2v6h6v2z"></path></svg><span class="css-idkz9h">Add Energy Drink Zero Sugar Peach Mango to cart</span></button></div></div><div class="css-4saf4a"><p class="chakra-text css-py8788" data-testid="inventory-badge-text">Out of Stock</p></div></div></div></div></div><div class="css-0"><div class="css-f5i5wc"><div class="chakra-linkbox css-vhnn8v"><div data-testid="product-image" class="css-16dr4ly"><img alt="Red Bull Energy Drink, Peach-Nectarine 4x250.0 ml, $1.00/100ml" src="https://assets.shop.loblaws.ca/products/21241822/b3/en/front/21241822_front_a06_@2.png" srcset="https://assets.shop.loblaws.ca/products/21241822/b3/en/front/21241822_front_a06_@2.png 1x, https://assets.shop.loblaws.ca/products/21241822/b3/en/front/21241822_front_a06_@2.png 2x" loading="lazy" class="chakra-image css-oguq8l" aria-hidden="true"></div><div class="css-qoklea"><div class="css-12dchmx"></div><div data-testid="price-product-tile" class="css-8atqhb"><p class="chakra-text css-0"><span class="chakra-text css-pwnbcb" data-testid="regular-price"><span class="css-idkz9h">$9.99</span>$9.99</span></p></div><a href="/energy-drink-peach-nectarine/p/21241822_C04?source=nspt" class="chakra-linkbox__overlay css-1hnz6hu"><div class="css-0"><p class="chakra-text css-1ecdp9w" data-testid="product-brand">Red Bull</p><h3 class="chakra-heading css-6qrhwc" id="21241822_C04" data-testid="product-title">Energy Drink, Peach-Nectarine</h3><p class="chakra-text css-1yftjin" data-testid="product-package-size">4x250.0 ml, $1.00/100ml</p></div></a><div class="css-8keand"></div></div><div class="css-1q5omjq"><div class="css-fcebb8"><div data-testid="atc-compact" class="css-y94ivq" style="width: 45px;"><button type="button" class="chakra-button css-mudsm6" data-testid="atc-button"><svg stroke="currentColor" fill="currentColor" stroke-width="0" viewBox="0 0 24 24" focusable="false" class="chakra-icon css-1g3sp7a" data-testid="btn-icon" aria-hidden="true" height="1em" width="1em" xmlns="http://www.w3.org/2000/svg"><path d="M19 13h-6v6h-2v-6H5v-2h6V5h2v6h6v2z"></path></svg><span class="css-idkz9h">Add Energy Drink, Peach-Nectarine to cart</span></button></div></div></div></div></div></div><div class="css-0"><div class="css-f5i5wc"><div class="chakra-linkbox css-vhnn8v"><div data-testid="product-image" class="css-16dr4ly"><img alt="Red Bull Energy Drink The Red Edition™ 250 ml, $1.20/100ml" src="https://assets.shop.loblaws.ca/products/21581367/b3/en/front/21581367_front_a06_@2.png" srcset="https://assets.shop.loblaws.ca/products/21581367/b3/en/front/21581367_front_a06_@2.png 1x, https://assets.shop.loblaws.ca/products/21581367/b3/en/front/21581367_front_a06_@2.png 2x" loading="lazy" class="chakra-image css-oguq8l" aria-hidden="true"></div><div class="css-qoklea"><div class="css-12dchmx"></div><div data-testid="price-product-tile" class="css-8atqhb"><p class="chakra-text css-0"><span class="chakra-text css-pwnbcb" data-testid="regular-price"><span class="css-idkz9h">$3.00</span>$3.00</span></p></div><a href="/energy-drink-the-red-edition/p/21581367_EA?source=nspt" class="chakra-linkbox__overlay css-1hnz6hu"><div class="css-0"><p class="chakra-text css-1ecdp9w" data-testid="product-brand">Red Bull</p><h3 class="chakra-heading css-6qrhwc" id="21581367_EA" data-testid="product-title">Energy Drink The Red Edition™</h3><p class="chakra-text css-1yftjin" data-testid="product-package-size">250 ml, $1.20/100ml</p></div></a><div class="css-8keand"></div></div><div class="css-1q5omjq"><div class="css-fcebb8"><div data-testid="atc-compact" class="css-y94ivq" style="width: 45px;"><button type="button" class="chakra-button css-mudsm6" data-testid="atc-button"><svg stroke="currentColor" fill="currentColor" stroke-width="0" viewBox="0 0 24 24" focusable="false" class="chakra-icon css-1g3sp7a" data-testid="btn-icon" aria-hidden="true" height="1em" width="1em" xmlns="http://www.w3.org/2000/svg"><path d="M19 13h-6v6h-2v-6H5v-2h6V5h2v6h6v2z"></path></svg><span class="css-idkz9h">Add Energy Drink The Red Edition™ to cart</span></button></div></div></div></div></div></div><div class="css-0"><div class="css-f5i5wc"><div class="chakra-linkbox css-vhnn8v"><div data-testid="product-image" class="css-16dr4ly"><img alt="Monster Energy Java Mean Bean 444 ml, $0.68/100ml" src="https://assets.shop.loblaws.ca/products/20938099/b3/en/front/20938099_front_a06_@2.png" srcset="https://assets.shop.loblaws.ca/products/20938099/b3/en/front/20938099_front_a06_@2.png 1x, https://assets.shop.loblaws.ca/products/20938099/b3/en/front/20938099_front_a06_@2.png 2x" loading="lazy" class="chakra-image css-oguq8l" aria-hidden="true"></div><div class="css-qoklea"><div class="css-12dchmx"></div><div data-testid="price-product-tile" class="css-8atqhb"><p class="chakra-text css-0"><span class="chakra-text css-pwnbcb" data-testid="regular-price"><span class="css-idkz9h">$3.00</span>$3.00</span></p></div><a href="/java-mean-bean/p/20938099_EA?source=nspt" class="chakra-linkbox__overlay css-1hnz6hu"><div class="css-0"><p class="chakra-text css-1ecdp9w" data-testid="product-brand">Monster Energy</p><h3 class="chakra-heading css-6qrhwc" id="20938099_EA" data-testid="product-title">Java Mean Bean</h3><p class="chakra-text css-1yftjin" data-testid="product-package-size">444 ml, $0.68/100ml</p></div></a><div class="css-8keand"></div></div><div class="css-1q5omjq"><div class="css-fcebb8"><div data-testid="atc-compact" class="css-y94ivq" style="width: 45px;"><button type="button" class="chakra-button css-mudsm6" data-testid="atc-button"><svg stroke="currentColor" fill="currentColor" stroke-width="0" viewBox="0 0 24 24" focusable="false" class="chakra-icon css-1g3sp7a" data-testid="btn-icon" aria-hidden="true" height="1em" width="1em" xmlns="http://www.w3.org/2000/svg"><path d="M19 13h-6v6h-2v-6H5v-2h6V5h2v6h6v2z"></path></svg><span class="css-idkz9h">Add Java Mean Bean to cart</span></button></div></div></div></div></div></div><div class="css-0"><div class="css-f5i5wc"><div class="chakra-linkbox css-vhnn8v"><div data-testid="product-image" class="css-16dr4ly"><img alt="BodyArmor SuperDrink Strawberry Banana Bottle 473 ml, $0.63/100ml" src="https://assets.shop.loblaws.ca/products/21582808/b3/en/front/21582808_front_a06_@2.png" srcset="https://assets.shop.loblaws.ca/products/21582808/b3/en/front/21582808_front_a06_@2.png 1x, https://assets.shop.loblaws.ca/products/21582808/b3/en/front/21582808_front_a06_@2.png 2x" loading="lazy" class="chakra-image css-oguq8l" aria-hidden="true"></div><div class="css-qoklea"><div class="css-12dchmx"></div><div data-testid="price-product-tile" class="css-8atqhb"><p class="chakra-text css-0"><span class="chakra-text css-pwnbcb" data-testid="regular-price"><span class="css-idkz9h">$2.99</span>$2.99</span></p></div><a href="/superdrink-strawberry-banana-bottle/p/21582808_EA?source=nspt" class="chakra-linkbox__overlay css-1hnz6hu"><div class="css-0"><p class="chakra-text css-1ecdp9w" data-testid="product-brand">BodyArmor</p><h3 class="chakra-heading css-6qrhwc" id="21582808_EA" data-testid="product-title">SuperDrink Strawberry Banana Bottle</h3><p class="chakra-text css-1yftjin" data-testid="product-package-size">473 ml, $0.63/100ml</p></div></a><div class="css-8keand"></div></div><div class="css-1q5omjq"><div class="css-fcebb8"><div data-testid="atc-compact" class="css-y94ivq" style="width: 45px;"><button type="button" class="chakra-button css-mudsm6" data-testid="atc-button"><svg stroke="currentColor" fill="currentColor" stroke-width="0" viewBox="0 0 24 24" focusable="false" class="chakra-icon css-1g3sp7a" data-testid="btn-icon" aria-hidden="true" height="1em" width="1em" xmlns="http://www.w3.org/2000/svg"><path d="M19 13h-6v6h-2v-6H5v-2h6V5h2v6h6v2z"></path></svg><span class="css-idkz9h">Add SuperDrink Strawberry Banana Bottle to cart</span></button></div></div></div></div></div></div><div class="css-0"><div class="css-f5i5wc"><div class="chakra-linkbox css-vhnn8v"><div data-testid="product-image" class="css-16dr4ly"><img alt="Red Bull Energy Drink Sugarfree™ 4x250.0 ml, $1.00/100ml" src="https://assets.shop.loblaws.ca/products/20166737002/b3/en/front/20166737002_front_a06_@2.png" srcset="https://assets.shop.loblaws.ca/products/20166737002/b3/en/front/20166737002_front_a06_@2.png 1x, https://assets.shop.loblaws.ca/products/20166737002/b3/en/front/20166737002_front_a06_@2.png 2x" loading="lazy" class="chakra-image css-oguq8l" aria-hidden="true"></div><div class="css-qoklea"><div class="css-12dchmx"></div><div data-testid="price-product-tile" class="css-8atqhb"><p class="chakra-text css-0"><span class="chakra-text css-pwnbcb" data-testid="regular-price"><span class="css-idkz9h">$9.99</span>$9.99</span></p></div><a href="/energy-drink-sugarfree/p/20166737002_C04?source=nspt" class="chakra-linkbox__overlay css-1hnz6hu"><div class="css-0"><p class="chakra-text css-1ecdp9w" data-testid="product-brand">Red Bull</p><h3 class="chakra-heading css-6qrhwc" id="20166737002_C04" data-testid="product-title">Energy Drink Sugarfree™</h3><p class="chakra-text css-1yftjin" data-testid="product-package-size">4x250.0 ml, $1.00/100ml</p></div></a><div class="css-8keand"></div></div><div class="css-1q5omjq"><div class="css-fcebb8"><div data-testid="atc-compact" class="css-y94ivq" style="width: 45px;"><button type="button" class="chakra-button css-mudsm6" data-testid="atc-button"><svg stroke="currentColor" fill="currentColor" stroke-width="0" viewBox="0 0 24 24" focusable="false" class="chakra-icon css-1g3sp7a" data-testid="btn-icon" aria-hidden="true" height="1em" width="1em" xmlns="http://www.w3.org/2000/svg"><path d="M19 13h-6v6h-2v-6H5v-2h6V5h2v6h6v2z"></path></svg><span class="css-idkz9h">Add Energy Drink Sugarfree™ to cart</span></button></div></div></div></div></div></div><div class="css-0"><div class="css-f5i5wc"><div class="chakra-linkbox css-vhnn8v"><div data-testid="product-image" class="css-16dr4ly"><img alt="Monster Energy Zero Sugar 4x473.0 ml, $0.53/100ml" src="https://assets.shop.loblaws.ca/products/21529177/b3/en/front/21529177_front_a06_@2.png" srcset="https://assets.shop.loblaws.ca/products/21529177/b3/en/front/21529177_front_a06_@2.png 1x, https://assets.shop.loblaws.ca/products/21529177/b3/en/front/21529177_front_a06_@2.png 2x" loading="lazy" class="chakra-image css-oguq8l" aria-hidden="true"></div><div class="css-qoklea"><div class="css-12dchmx"></div><div data-testid="price-product-tile" class="css-8atqhb"><p class="chakra-text css-0"><span class="chakra-text css-pwnbcb" data-testid="regular-price"><span class="css-idkz9h">$9.99</span>$9.99</span></p></div><a href="/zero-sugar/p/21529177_C04?source=nspt" class="chakra-linkbox__overlay css-1hnz6hu"><div class="css-0"><p class="chakra-text css-1ecdp9w" data-testid="product-brand">Monster Energy</p><h3 class="chakra-heading css-6qrhwc" id="21529177_C04" data-testid="product-title">Zero Sugar</h3><p class="chakra-text css-1yftjin" data-testid="product-package-size">4x473.0 ml, $0.53/100ml</p></div></a><div class="css-8keand"></div></div><div class="css-1q5omjq"><div class="css-fcebb8"><div data-testid="atc-compact" class="css-y94ivq" style="width: 45px;"><button type="button" class="chakra-button css-mudsm6" data-testid="atc-button"><svg stroke="currentColor" fill="currentColor" stroke-width="0" viewBox="0 0 24 24" focusable="false" class="chakra-icon css-1g3sp7a" data-testid="btn-icon" aria-hidden="true" height="1em" width="1em" xmlns="http://www.w3.org/2000/svg"><path d="M19 13h-6v6h-2v-6H5v-2h6V5h2v6h6v2z"></path></svg><span class="css-idkz9h">Add Zero Sugar to cart</span></button></div></div></div></div></div></div><div class="css-0"><div class="css-f5i5wc"><div class="chakra-linkbox css-vhnn8v"><div data-testid="product-image" class="css-16dr4ly"><img alt="Gatorade Frost Lemon-Lime (Instant) Powder 560 g, $1.48/100g" src="https://assets.shop.loblaws.ca/products/20336724002/b3/en/front/20336724002_front_a06_@2.png" srcset="https://assets.shop.loblaws.ca/products/20336724002/b3/en/front/20336724002_front_a06_@2.png 1x, https://assets.shop.loblaws.ca/products/20336724002/b3/en/front/20336724002_front_a06_@2.png 2x" loading="lazy" class="chakra-image css-oguq8l" aria-hidden="true"></div><div class="css-qoklea"><div class="css-12dchmx"></div><div data-testid="price-product-tile" class="css-8atqhb"><p class="chakra-text css-0"><span class="chakra-text css-pwnbcb" data-testid="regular-price"><span class="css-idkz9h">$8.29</span>$8.29</span></p></div><a href="/frost-lemon-lime-instant-powder/p/20336724002_EA?source=nspt" class="chakra-linkbox__overlay css-1hnz6hu"><div class="css-0"><p class="chakra-text css-1ecdp9w" data-testid="product-brand">Gatorade</p><h3 class="chakra-heading css-6qrhwc" id="20336724002_EA" data-testid="product-title">Frost Lemon-Lime (Instant) Powder</h3><p class="chakra-text css-1yftjin" data-testid="product-package-size">560 g, $1.48/100g</p></div></a><div class="css-8keand"></div></div><div class="css-1q5omjq"><div class="css-fcebb8"><div data-testid="atc-compact" class="css-y94ivq" style="width: 45px;"><button type="button" class="chakra-button css-mudsm6" data-testid="atc-button"><svg stroke="currentColor" fill="currentColor" stroke-width="0" viewBox="0 0 24 24" focusable="false" class="chakra-icon css-1g3sp7a" data-testid="btn-icon" aria-hidden="true" height="1em" width="1em" xmlns="http://www.w3.org/2000/svg"><path d="M19 13h-6v6h-2v-6H5v-2h6V5h2v6h6v2z"></path></svg><span class="css-idkz9h">Add Frost Lemon-Lime (Instant) Powder to cart</span></button></div></div></div></div></div></div><div class="css-0"><div class="css-f5i5wc"><div class="chakra-linkbox css-vhnn8v"><div data-testid="product-image" class="css-16dr4ly"><img alt="Monster Energy Ultra Sunrise 473 ml, $0.63/100ml" src="https://assets.shop.loblaws.ca/products/20875127/b3/en/front/20875127_front_a06_@2.png" srcset="https://assets.shop.loblaws.ca/products/20875127/b3/en/front/20875127_front_a06_@2.png 1x, https://assets.shop.loblaws.ca/products/20875127/b3/en/front/20875127_front_a06_@2.png 2x" loading="lazy" class="chakra-image css-oguq8l" aria-hidden="true"></div><div class="css-qoklea"><div class="css-12dchmx"></div><div data-testid="price-product-tile" class="css-8atqhb"><p class="chakra-text css-0"><span class="chakra-text css-pwnbcb" data-testid="regular-price"><span class="css-idkz9h">$3.00</span>$3.00</span></p></div><a href="/ultra-sunrise/p/20875127_EA?source=nspt" class="chakra-linkbox__overlay css-1hnz6hu"><div class="css-0"><p class="chakra-text css-1ecdp9w" data-testid="product-brand">Monster Energy</p><h3 class="chakra-heading css-6qrhwc" id="20875127_EA" data-testid="product-title">Ultra Sunrise</h3><p class="chakra-text css-1yftjin" data-testid="product-package-size">473 ml, $0.63/100ml</p></div></a><div class="css-8keand"></div></div><div class="css-1q5omjq"><div class="css-fcebb8"><div data-testid="atc-compact" class="css-y94ivq" style="width: 45px;"><button type="button" class="chakra-button css-mudsm6" data-testid="atc-button"><svg stroke="currentColor" fill="currentColor" stroke-width="0" viewBox="0 0 24 24" focusable="false" class="chakra-icon css-1g3sp7a" data-testid="btn-icon" aria-hidden="true" height="1em" width="1em" xmlns="http://www.w3.org/2000/svg"><path d="M19 13h-6v6h-2v-6H5v-2h6V5h2v6h6v2z"></path></svg><span class="css-idkz9h">Add Ultra Sunrise to cart</span></button></div></div></div></div></div></div><div class="css-0"><div class="css-f5i5wc"><div class="chakra-linkbox css-vhnn8v"><div data-testid="product-image" class="css-16dr4ly"><img alt="Monster Energy Punch Aussie Style Lemonade 473 ml, $0.63/100ml" src="https://assets.shop.loblaws.ca/products/21519934/b3/en/front/21519934_front_a06_@2.png" srcset="https://assets.shop.loblaws.ca/products/21519934/b3/en/front/21519934_front_a06_@2.png 1x, https://assets.shop.loblaws.ca/products/21519934/b3/en/front/21519934_front_a06_@2.png 2x" loading="lazy" class="chakra-image css-oguq8l" aria-hidden="true"></div><div class="css-qoklea"><div class="css-12dchmx"></div><div data-testid="price-product-tile" class="css-8atqhb"><p class="chakra-text css-0"><span class="chakra-text css-pwnbcb" data-testid="regular-price"><span class="css-idkz9h">$3.00</span>$3.00</span></p></div><a href="/punch-aussie-style-lemonade/p/21519934_EA?source=nspt" class="chakra-linkbox__overlay css-1hnz6hu"><div class="css-0"><p class="chakra-text css-1ecdp9w" data-testid="product-brand">Monster Energy</p><h3 class="chakra-heading css-6qrhwc" id="21519934_EA" data-testid="product-title">Punch Aussie Style Lemonade</h3><p class="chakra-text css-1yftjin" data-testid="product-package-size">473 ml, $0.63/100ml</p></div></a><div class="css-8keand"></div></div><div class="css-1q5omjq"><div class="css-fcebb8"><div data-testid="atc-compact" class="css-y94ivq" style="width: 45px;"><button type="button" class="chakra-button css-mudsm6" data-testid="atc-button"><svg stroke="currentColor" fill="currentColor" stroke-width="0" viewBox="0 0 24 24" focusable="false" class="chakra-icon css-1g3sp7a" data-testid="btn-icon" aria-hidden="true" height="1em" width="1em" xmlns="http://www.w3.org/2000/svg"><path d="M19 13h-6v6h-2v-6H5v-2h6V5h2v6h6v2z"></path></svg><span class="css-idkz9h">Add Punch Aussie Style Lemonade to cart</span></button></div></div></div></div></div></div><div class="css-0"><div class="css-f5i5wc"><div class="chakra-linkbox css-vhnn8v"><div data-testid="product-image" class="css-16dr4ly"><img alt="BodyArmor Lyte Peach Mango 473 ml, $0.63/100ml" src="https://assets.shop.loblaws.ca/products/21585195/b3/en/front/21585195_front_a06_@2.png" srcset="https://assets.shop.loblaws.ca/products/21585195/b3/en/front/21585195_front_a06_@2.png 1x, https://assets.shop.loblaws.ca/products/21585195/b3/en/front/21585195_front_a06_@2.png 2x" loading="lazy" class="chakra-image css-oguq8l" aria-hidden="true"></div><div class="css-qoklea"><div class="css-12dchmx"></div><div data-testid="price-product-tile" class="css-8atqhb"><p class="chakra-text css-0"><span class="chakra-text css-pwnbcb" data-testid="regular-price"><span class="css-idkz9h">$2.99</span>$2.99</span></p></div><a href="/lyte-peach-mango/p/21585195_EA?source=nspt" class="chakra-linkbox__overlay css-1hnz6hu"><div class="css-0"><p class="chakra-text css-1ecdp9w" data-testid="product-brand">BodyArmor</p><h3 class="chakra-heading css-6qrhwc" id="21585195_EA" data-testid="product-title">Lyte Peach Mango</h3><p class="chakra-text css-1yftjin" data-testid="product-package-size">473 ml, $0.63/100ml</p></div></a><div class="css-8keand"></div></div><div class="css-1q5omjq"><div class="css-fcebb8"><div data-testid="atc-compact" class="css-y94ivq" style="width: 45px;"><button type="button" class="chakra-button css-mudsm6" data-testid="atc-button"><svg stroke="currentColor" fill="currentColor" stroke-width="0" viewBox="0 0 24 24" focusable="false" class="chakra-icon css-1g3sp7a" data-testid="btn-icon" aria-hidden="true" height="1em" width="1em" xmlns="http://www.w3.org/2000/svg"><path d="M19 13h-6v6h-2v-6H5v-2h6V5h2v6h6v2z"></path></svg><span class="css-idkz9h">Add Lyte Peach Mango to cart</span></button></div></div></div></div></div></div><div class="css-0"><div class="css-f5i5wc"><div class="chakra-linkbox css-vhnn8v"><div data-testid="product-image" class="css-16dr4ly"><img alt="Monster Energy Ultra Gold 473 ml, $0.63/100ml" src="https://assets.shop.loblaws.ca/products/21438319/b3/en/front/21438319_front_a06_@2.png" srcset="https://assets.shop.loblaws.ca/products/21438319/b3/en/front/21438319_front_a06_@2.png 1x, https://assets.shop.loblaws.ca/products/21438319/b3/en/front/21438319_front_a06_@2.png 2x" loading="lazy" class="chakra-image css-oguq8l" aria-hidden="true"></div><div class="css-qoklea"><div class="css-12dchmx"></div><div data-testid="price-product-tile" class="css-8atqhb"><p class="chakra-text css-0"><span class="chakra-text css-pwnbcb" data-testid="regular-price"><span class="css-idkz9h">$3.00</span>$3.00</span></p></div><a href="/ultra-gold/p/21438319_EA?source=nspt" class="chakra-linkbox__overlay css-1hnz6hu"><div class="css-0"><p class="chakra-text css-1ecdp9w" data-testid="product-brand">Monster Energy</p><h3 class="chakra-heading css-6qrhwc" id="21438319_EA" data-testid="product-title">Ultra Gold</h3><p class="chakra-text css-1yftjin" data-testid="product-package-size">473 ml, $0.63/100ml</p></div></a><div class="css-8keand"></div></div><div class="css-1q5omjq"><div class="css-fcebb8"><div data-testid="atc-compact" class="css-y94ivq" style="width: 45px;"><button type="button" class="chakra-button css-mudsm6" data-testid="atc-button"><svg stroke="currentColor" fill="currentColor" stroke-width="0" viewBox="0 0 24 24" focusable="false" class="chakra-icon css-1g3sp7a" data-testid="btn-icon" aria-hidden="true" height="1em" width="1em" xmlns="http://www.w3.org/2000/svg"><path d="M19 13h-6v6h-2v-6H5v-2h6V5h2v6h6v2z"></path></svg><span class="css-idkz9h">Add Ultra Gold to cart</span></button></div></div></div></div></div></div><div class="css-0"><div class="css-f5i5wc"><div class="chakra-linkbox css-vhnn8v"><div data-testid="product-image" class="css-16dr4ly"><img alt="Red Bull Energy Drink Sugarfree™ 8x250.0 ml, $0.90/100ml" src="https://assets.shop.loblaws.ca/products/21022950/b3/en/front/21022950_front_a06_@2.png" srcset="https://assets.shop.loblaws.ca/products/21022950/b3/en/front/21022950_front_a06_@2.png 1x, https://assets.shop.loblaws.ca/products/21022950/b3/en/front/21022950_front_a06_@2.png 2x" loading="lazy" class="chakra-image css-oguq8l" aria-hidden="true"></div><div class="css-qoklea"><div class="css-12dchmx"></div><div data-testid="price-product-tile" class="css-8atqhb"><p class="chakra-text css-0"><span class="chakra-text css-o93gbd" data-testid="sale-price"><span class="css-idkz9h">$17.99</span>$17.99</span><span class="chakra-text css-623q5h" data-testid="was-price"><span class="css-idkz9h">$18.99</span>$18.99</span></p><p class="chakra-text css-1m5a6y8" data-testid="price-descriptor">SAVE $1.00</p></div><a href="/energy-drink-sugarfree/p/21022950_C08?source=nspt" class="chakra-linkbox__overlay css-1hnz6hu"><div class="css-0"><p class="chakra-text css-1ecdp9w" data-testid="product-brand">Red Bull</p><h3 class="chakra-heading css-6qrhwc" id="21022950_C08" data-testid="product-title">Energy Drink Sugarfree™</h3><p class="chakra-text css-1yftjin" data-testid="product-package-size">8x250.0 ml, $0.90/100ml</p></div></a><div class="css-8keand"></div></div><div class="css-1q5omjq"><div class="css-fcebb8"><div data-testid="atc-compact" class="css-y94ivq" style="width: 45px;"><button type="button" class="chakra-button css-mudsm6" data-testid="atc-button"><svg stroke="currentColor" fill="currentColor" stroke-width="0" viewBox="0 0 24 24" focusable="false" class="chakra-icon css-1g3sp7a" data-testid="btn-icon" aria-hidden="true" height="1em" width="1em" xmlns="http://www.w3.org/2000/svg"><path d="M19 13h-6v6h-2v-6H5v-2h6V5h2v6h6v2z"></path></svg><span class="css-idkz9h">Add Energy Drink Sugarfree™ to cart</span></button></div></div></div></div></div></div><div class="css-0"><div class="css-f5i5wc"><div class="chakra-linkbox css-vhnn8v"><div data-testid="product-image" class="css-16dr4ly"><img alt="Gatorade GFIT Watermelon Strawberry 828 ml, $0.24/100ml" src="https://assets.shop.loblaws.ca/products/21516011/b3/en/front/21516011_front_a06_@2.png" srcset="https://assets.shop.loblaws.ca/products/21516011/b3/en/front/21516011_front_a06_@2.png 1x, https://assets.shop.loblaws.ca/products/21516011/b3/en/front/21516011_front_a06_@2.png 2x" loading="lazy" class="chakra-image css-oguq8l" aria-hidden="true"></div><div class="css-qoklea"><div class="css-12dchmx"></div><div data-testid="price-product-tile" class="css-8atqhb"><p class="chakra-text css-0"><span class="chakra-text css-o93gbd" data-testid="sale-price"><span class="css-idkz9h">$1.99</span>$1.99</span><span class="chakra-text css-623q5h" data-testid="was-price"><span class="css-idkz9h">$2.54</span>$2.54</span></p><p class="chakra-text css-1m5a6y8" data-testid="price-descriptor">SAVE $0.55</p></div><a href="/gfit-watermelon-strawberry/p/21516011_EA?source=nspt" class="chakra-linkbox__overlay css-1hnz6hu"><div class="css-0"><p class="chakra-text css-1ecdp9w" data-testid="product-brand">Gatorade</p><h3 class="chakra-heading css-6qrhwc" id="21516011_EA" data-testid="product-title">GFIT Watermelon Strawberry</h3><p class="chakra-text css-1yftjin" data-testid="product-package-size">828 ml, $0.24/100ml</p></div></a><div class="css-8keand"><p class="chakra-text css-wytexo" data-testid="product-pco-badge">500 PC Optimum Points</p></div></div><div class="css-1q5omjq"><div class="css-fcebb8"><div data-testid="atc-compact" class="css-y94ivq" style="width: 45px;"><button type="button" class="chakra-button css-mudsm6" data-testid="atc-button"><svg stroke="currentColor" fill="currentColor" stroke-width="0" viewBox="0 0 24 24" focusable="false" class="chakra-icon css-1g3sp7a" data-testid="btn-icon" aria-hidden="true" height="1em" width="1em" xmlns="http://www.w3.org/2000/svg"><path d="M19 13h-6v6h-2v-6H5v-2h6V5h2v6h6v2z"></path></svg><span class="css-idkz9h">Add GFIT Watermelon Strawberry to cart</span></button></div></div></div></div></div></div><div class="css-0"><div class="css-f5i5wc"><div class="chakra-linkbox css-vhnn8v"><div data-testid="product-image" class="css-16dr4ly"><img alt="Rubicon Sparkling Guava Beverage 355 ml, $0.56/100ml" src="https://assets.shop.loblaws.ca/products/21456792/b3/en/front/21456792_front_a06_@2.png" srcset="https://assets.shop.loblaws.ca/products/21456792/b3/en/front/21456792_front_a06_@2.png 1x, https://assets.shop.loblaws.ca/products/21456792/b3/en/front/21456792_front_a06_@2.png 2x" loading="lazy" class="chakra-image css-oguq8l" aria-hidden="true"></div><div class="css-qoklea"><div class="css-12dchmx"></div><div data-testid="price-product-tile" class="css-8atqhb"><p class="chakra-text css-0"><span class="chakra-text css-o93gbd" data-testid="sale-price"><span class="css-idkz9h">$2.00</span>$2.00</span><span class="chakra-text css-623q5h" data-testid="was-price"><span class="css-idkz9h">$2.29</span>$2.29</span></p><p class="chakra-text css-1m5a6y8" data-testid="price-descriptor">SAVE $0.29</p></div><a href="/sparkling-guava-beverage/p/21456792_EA?source=nspt" class="chakra-linkbox__overlay css-1hnz6hu"><div class="css-0"><p class="chakra-text css-1ecdp9w" data-testid="product-brand">Rubicon</p><h3 class="chakra-heading css-6qrhwc" id="21456792_EA" data-testid="product-title">Sparkling Guava Beverage</h3><p class="chakra-text css-1yftjin" data-testid="product-package-size">355 ml, $0.56/100ml</p></div></a><div class="css-8keand"></div></div><div class="css-1q5omjq"><div class="css-fcebb8"><div data-testid="atc-compact" class="css-y94ivq" style="width: 45px;"><button type="button" class="chakra-button css-mudsm6" data-testid="atc-button"><svg stroke="currentColor" fill="currentColor" stroke-width="0" viewBox="0 0 24 24" focusable="false" class="chakra-icon css-1g3sp7a" data-testid="btn-icon" aria-hidden="true" height="1em" width="1em" xmlns="http://www.w3.org/2000/svg"><path d="M19 13h-6v6h-2v-6H5v-2h6V5h2v6h6v2z"></path></svg><span class="css-idkz9h">Add Sparkling Guava Beverage to cart</span></button></div></div></div></div></div></div><div class="css-0"><div class="css-f5i5wc"><div class="chakra-linkbox css-vhnn8v"><div data-testid="product-image" class="css-16dr4ly"><img alt="Red Bull Energy Drink™ 8x250.0 ml, $0.90/100ml" src="https://assets.shop.loblaws.ca/products/20096534001/b3/en/front/20096534001_front_a06_@2.png" srcset="https://assets.shop.loblaws.ca/products/20096534001/b3/en/front/20096534001_front_a06_@2.png 1x, https://assets.shop.loblaws.ca/products/20096534001/b3/en/front/20096534001_front_a06_@2.png 2x" loading="lazy" class="chakra-image css-oguq8l" aria-hidden="true"></div><div class="css-qoklea"><div class="css-12dchmx"></div><div data-testid="price-product-tile" class="css-8atqhb"><p class="chakra-text css-0"><span class="chakra-text css-o93gbd" data-testid="sale-price"><span class="css-idkz9h">$17.99</span>$17.99</span><span class="chakra-text css-623q5h" data-testid="was-price"><span class="css-idkz9h">$18.99</span>$18.99</span></p><p class="chakra-text css-1m5a6y8" data-testid="price-descriptor">SAVE $1.00</p></div><a href="/energy-drink/p/20096534001_C08?source=nspt" class="chakra-linkbox__overlay css-1hnz6hu"><div class="css-0"><p class="chakra-text css-1ecdp9w" data-testid="product-brand">Red Bull</p><h3 class="chakra-heading css-6qrhwc" id="20096534001_C08" data-testid="product-title">Energy Drink™</h3><p class="chakra-text css-1yftjin" data-testid="product-package-size">8x250.0 ml, $0.90/100ml</p></div></a><div class="css-8keand"></div></div><div class="css-1q5omjq"><div class="css-fcebb8"><div data-testid="atc-compact" class="css-y94ivq" style="width: 45px;"><button type="button" class="chakra-button css-mudsm6" data-testid="atc-button"><svg stroke="currentColor" fill="currentColor" stroke-width="0" viewBox="0 0 24 24" focusable="false" class="chakra-icon css-1g3sp7a" data-testid="btn-icon" aria-hidden="true" height="1em" width="1em" xmlns="http://www.w3.org/2000/svg"><path d="M19 13h-6v6h-2v-6H5v-2h6V5h2v6h6v2z"></path></svg><span class="css-idkz9h">Add Energy Drink™ to cart</span></button></div></div><div class="css-4saf4a"><p class="chakra-text css-py8788" data-testid="inventory-badge-text">Low Stock</p></div></div></div></div></div><div class="css-0"><div class="css-f5i5wc"><div class="chakra-linkbox css-vhnn8v"><div data-testid="product-image" class="css-16dr4ly"><img alt="Bang Energy Drink Zero Sugar Black Cherry Vanilla 473 ml, $0.74/100ml" src="https://assets.shop.loblaws.ca/products/21445063/b3/en/front/21445063_front_a06_@2.png" srcset="https://assets.shop.loblaws.ca/products/21445063/b3/en/front/21445063_front_a06_@2.png 1x, https://assets.shop.loblaws.ca/products/21445063/b3/en/front/21445063_front_a06_@2.png 2x" loading="lazy" class="chakra-image css-oguq8l" aria-hidden="true"></div><div class="css-qoklea"><div class="css-12dchmx"><div class="chakra-badge css-34x0wr" data-testid="product-badge"><div class="css-u4p24i">New</div></div></div><div data-testid="price-product-tile" class="css-8atqhb"><p class="chakra-text css-0"><span class="chakra-text css-pwnbcb" data-testid="regular-price"><span class="css-idkz9h">$3.49</span>$3.49</span></p></div><a href="/energy-drink-zero-sugar-black-cherry-vanilla/p/21445063_EA?source=nspt" class="chakra-linkbox__overlay css-1hnz6hu"><div class="css-0"><p class="chakra-text css-1ecdp9w" data-testid="product-brand">Bang</p><h3 class="chakra-heading css-6qrhwc" id="21445063_EA" data-testid="product-title">Energy Drink Zero Sugar Black Cherry Vanilla</h3><p class="chakra-text css-1yftjin" data-testid="product-package-size">473 ml, $0.74/100ml</p></div></a><div class="css-8keand"></div></div><div class="css-1q5omjq"><div class="css-fcebb8"><div data-testid="atc-compact" class="css-y94ivq" style="width: 45px;"><button disabled="" type="button" class="chakra-button css-mudsm6" data-testid="atc-button"><svg stroke="currentColor" fill="currentColor" stroke-width="0" viewBox="0 0 24 24" focusable="false" class="chakra-icon css-1g3sp7a" data-testid="btn-icon" aria-hidden="true" height="1em" width="1em" xmlns="http://www.w3.org/2000/svg"><path d="M19 13h-6v6h-2v-6H5v-2h6V5h2v6h6v2z"></path></svg><span class="css-idkz9h">Add Energy Drink Zero Sugar Black Cherry Vanilla to cart</span></button></div></div><div class="css-4saf4a"><p class="chakra-text css-py8788" data-testid="inventory-badge-text">Out of Stock</p></div></div></div></div></div><div class="css-0"><div class="css-f5i5wc"><div class="chakra-linkbox css-vhnn8v"><div data-testid="product-image" class="css-16dr4ly"><img alt="Red Bull Energy Drink 355 ml, $1.21/100ml" src="https://assets.shop.loblaws.ca/products/20134482001/b3/en/front/20134482001_front_a06_@2.png" srcset="https://assets.shop.loblaws.ca/products/20134482001/b3/en/front/20134482001_front_a06_@2.png 1x, https://assets.shop.loblaws.ca/products/20134482001/b3/en/front/20134482001_front_a06_@2.png 2x" loading="lazy" class="chakra-image css-oguq8l" aria-hidden="true"></div><div class="css-qoklea"><div class="css-12dchmx"></div><div data-testid="price-product-tile" class="css-8atqhb"><p class="chakra-text css-0"><span class="chakra-text css-pwnbcb" data-testid="regular-price"><span class="css-idkz9h">$4.29</span>$4.29</span></p></div><a href="/energy-drink/p/20134482001_EA?source=nspt" class="chakra-linkbox__overlay css-1hnz6hu"><div class="css-0"><p class="chakra-text css-1ecdp9w" data-testid="product-brand">Red Bull</p><h3 class="chakra-heading css-6qrhwc" id="20134482001_EA" data-testid="product-title">Energy Drink</h3><p class="chakra-text css-1yftjin" data-testid="product-package-size">355 ml, $1.21/100ml</p></div></a><div class="css-8keand"></div></div><div class="css-1q5omjq"><div class="css-fcebb8"><div data-testid="atc-compact" class="css-y94ivq" style="width: 45px;"><button type="button" class="chakra-button css-mudsm6" data-testid="atc-button"><svg stroke="currentColor" fill="currentColor" stroke-width="0" viewBox="0 0 24 24" focusable="false" class="chakra-icon css-1g3sp7a" data-testid="btn-icon" aria-hidden="true" height="1em" width="1em" xmlns="http://www.w3.org/2000/svg"><path d="M19 13h-6v6h-2v-6H5v-2h6V5h2v6h6v2z"></path></svg><span class="css-idkz9h">Add Energy Drink to cart</span></button></div></div></div></div></div></div><div class="css-0"><div class="css-f5i5wc"><div class="chakra-linkbox css-vhnn8v"><div data-testid="product-image" class="css-16dr4ly"><img alt="Gatorade Gatorlyte Sport Drink Strawberry Kiwi 591 ml, $0.34/100ml" src="https://assets.shop.loblaws.ca/products/21449960/b3/en/front/21449960_front_a06_@2.png" srcset="https://assets.shop.loblaws.ca/products/21449960/b3/en/front/21449960_front_a06_@2.png 1x, https://assets.shop.loblaws.ca/products/21449960/b3/en/front/21449960_front_a06_@2.png 2x" loading="lazy" class="chakra-image css-oguq8l" aria-hidden="true"></div><div class="css-qoklea"><div class="css-12dchmx"></div><div data-testid="price-product-tile" class="css-8atqhb"><p class="chakra-text css-0"><span class="chakra-text css-pwnbcb" data-testid="regular-price"><span class="css-idkz9h">$1.99</span>$1.99</span></p></div><a href="/gatorlyte-sport-drink-strawberry-kiwi/p/21449960_EA?source=nspt" class="chakra-linkbox__overlay css-1hnz6hu"><div class="css-0"><p class="chakra-text css-1ecdp9w" data-testid="product-brand">Gatorade</p><h3 class="chakra-heading css-6qrhwc" id="21449960_EA" data-testid="product-title">Gatorlyte Sport Drink Strawberry Kiwi</h3><p class="chakra-text css-1yftjin" data-testid="product-package-size">591 ml, $0.34/100ml</p></div></a><div class="css-8keand"><p class="chakra-text css-wytexo" data-testid="product-pco-badge">500 PC Optimum Points</p></div></div><div class="css-1q5omjq"><div class="css-fcebb8"><div data-testid="atc-compact" class="css-y94ivq" style="width: 45px;"><button type="button" class="chakra-button css-mudsm6" data-testid="atc-button"><svg stroke="currentColor" fill="currentColor" stroke-width="0" viewBox="0 0 24 24" focusable="false" class="chakra-icon css-1g3sp7a" data-testid="btn-icon" aria-hidden="true" height="1em" width="1em" xmlns="http://www.w3.org/2000/svg"><path d="M19 13h-6v6h-2v-6H5v-2h6V5h2v6h6v2z"></path></svg><span class="css-idkz9h">Add Gatorlyte Sport Drink Strawberry Kiwi to cart</span></button></div></div></div></div></div></div><div class="css-0"><div class="css-f5i5wc"><div class="chakra-linkbox css-vhnn8v"><div data-testid="product-image" class="css-16dr4ly"><img alt="Gatorade G FIT Blackberry Raspberry 828 ml, $0.24/100ml" src="https://assets.shop.loblaws.ca/products/21585283/b3/en/front/21585283_front_a06_@2.png" srcset="https://assets.shop.loblaws.ca/products/21585283/b3/en/front/21585283_front_a06_@2.png 1x, https://assets.shop.loblaws.ca/products/21585283/b3/en/front/21585283_front_a06_@2.png 2x" loading="lazy" class="chakra-image css-oguq8l" aria-hidden="true"></div><div class="css-qoklea"><div class="css-12dchmx"></div><div data-testid="price-product-tile" class="css-8atqhb"><p class="chakra-text css-0"><span class="chakra-text css-pwnbcb" data-testid="regular-price"><span class="css-idkz9h">$1.99</span>$1.99</span></p></div><a href="/g-fit-blackberry-raspberry/p/21585283_EA?source=nspt" class="chakra-linkbox__overlay css-1hnz6hu"><div class="css-0"><p class="chakra-text css-1ecdp9w" data-testid="product-brand">Gatorade</p><h3 class="chakra-heading css-6qrhwc" id="21585283_EA" data-testid="product-title">G FIT Blackberry Raspberry</h3><p class="chakra-text css-1yftjin" data-testid="product-package-size">828 ml, $0.24/100ml</p></div></a><div class="css-8keand"><p class="chakra-text css-wytexo" data-testid="product-pco-badge">500 PC Optimum Points</p></div></div><div class="css-1q5omjq"><div class="css-fcebb8"><div data-testid="atc-compact" class="css-y94ivq" style="width: 45px;"><button type="button" class="chakra-button css-mudsm6" data-testid="atc-button"><svg stroke="currentColor" fill="currentColor" stroke-width="0" viewBox="0 0 24 24" focusable="false" class="chakra-icon css-1g3sp7a" data-testid="btn-icon" aria-hidden="true" height="1em" width="1em" xmlns="http://www.w3.org/2000/svg"><path d="M19 13h-6v6h-2v-6H5v-2h6V5h2v6h6v2z"></path></svg><span class="css-idkz9h">Add G FIT Blackberry Raspberry to cart</span></button></div></div></div></div></div></div><div class="css-0"><div class="css-f5i5wc"><div class="chakra-linkbox css-vhnn8v"><div data-testid="product-image" class="css-16dr4ly"><img alt="Red Bull Energy Drink Sugarfree™ 355 ml, $1.21/100ml" src="https://assets.shop.loblaws.ca/products/20134482002/b3/en/front/20134482002_front_a06_@2.png" srcset="https://assets.shop.loblaws.ca/products/20134482002/b3/en/front/20134482002_front_a06_@2.png 1x, https://assets.shop.loblaws.ca/products/20134482002/b3/en/front/20134482002_front_a06_@2.png 2x" loading="lazy" class="chakra-image css-oguq8l" aria-hidden="true"></div><div class="css-qoklea"><div class="css-12dchmx"></div><div data-testid="price-product-tile" class="css-8atqhb"><p class="chakra-text css-0"><span class="chakra-text css-pwnbcb" data-testid="regular-price"><span class="css-idkz9h">$4.29</span>$4.29</span></p></div><a href="/energy-drink-sugarfree/p/20134482002_EA?source=nspt" class="chakra-linkbox__overlay css-1hnz6hu"><div class="css-0"><p class="chakra-text css-1ecdp9w" data-testid="product-brand">Red Bull</p><h3 class="chakra-heading css-6qrhwc" id="20134482002_EA" data-testid="product-title">Energy Drink Sugarfree™</h3><p class="chakra-text css-1yftjin" data-testid="product-package-size">355 ml, $1.21/100ml</p></div></a><div class="css-8keand"></div></div><div class="css-1q5omjq"><div class="css-fcebb8"><div data-testid="atc-compact" class="css-y94ivq" style="width: 45px;"><button type="button" class="chakra-button css-mudsm6" data-testid="atc-button"><svg stroke="currentColor" fill="currentColor" stroke-width="0" viewBox="0 0 24 24" focusable="false" class="chakra-icon css-1g3sp7a" data-testid="btn-icon" aria-hidden="true" height="1em" width="1em" xmlns="http://www.w3.org/2000/svg"><path d="M19 13h-6v6h-2v-6H5v-2h6V5h2v6h6v2z"></path></svg><span class="css-idkz9h">Add Energy Drink Sugarfree™ to cart</span></button></div></div></div></div></div></div><div class="css-0"><div class="css-f5i5wc"><div class="chakra-linkbox css-vhnn8v"><div data-testid="product-image" class="css-16dr4ly"><img alt="Rockstar Pure Zero Punched Energy Drink 473 ml, $0.63/100ml" src="https://assets.shop.loblaws.ca/products/20853077002/b3/en/front/20853077002_front_a06_@2.png" srcset="https://assets.shop.loblaws.ca/products/20853077002/b3/en/front/20853077002_front_a06_@2.png 1x, https://assets.shop.loblaws.ca/products/20853077002/b3/en/front/20853077002_front_a06_@2.png 2x" loading="lazy" class="chakra-image css-oguq8l" aria-hidden="true"></div><div class="css-qoklea"><div class="css-12dchmx"></div><div data-testid="price-product-tile" class="css-8atqhb"><p class="chakra-text css-0"><span class="chakra-text css-pwnbcb" data-testid="regular-price"><span class="css-idkz9h">$3.00</span>$3.00</span></p></div><a href="/pure-zero-punched-energy-drink/p/20853077002_EA?source=nspt" class="chakra-linkbox__overlay css-1hnz6hu"><div class="css-0"><p class="chakra-text css-1ecdp9w" data-testid="product-brand">Rockstar</p><h3 class="chakra-heading css-6qrhwc" id="20853077002_EA" data-testid="product-title">Pure Zero Punched Energy Drink</h3><p class="chakra-text css-1yftjin" data-testid="product-package-size">473 ml, $0.63/100ml</p></div></a><div class="css-8keand"><p class="chakra-text css-wytexo" data-testid="product-pco-badge">250 PC Optimum Points</p></div></div><div class="css-1q5omjq"><div class="css-fcebb8"><div data-testid="atc-compact" class="css-y94ivq" style="width: 45px;"><button type="button" class="chakra-button css-mudsm6" data-testid="atc-button"><svg stroke="currentColor" fill="currentColor" stroke-width="0" viewBox="0 0 24 24" focusable="false" class="chakra-icon css-1g3sp7a" data-testid="btn-icon" aria-hidden="true" height="1em" width="1em" xmlns="http://www.w3.org/2000/svg"><path d="M19 13h-6v6h-2v-6H5v-2h6V5h2v6h6v2z"></path></svg><span class="css-idkz9h">Add Pure Zero Punched Energy Drink to cart</span></button></div></div></div></div></div></div><div class="css-0"><div class="css-f5i5wc"><div class="chakra-linkbox css-vhnn8v"><div data-testid="product-image" class="css-16dr4ly"><img alt="Red Bull Energy Drink The Yellow Edition™ 4x250.0 ea" src="https://assets.shop.loblaws.ca/products/20952938/b3/en/front/20952938_front_a06_@2.png" srcset="https://assets.shop.loblaws.ca/products/20952938/b3/en/front/20952938_front_a06_@2.png 1x, https://assets.shop.loblaws.ca/products/20952938/b3/en/front/20952938_front_a06_@2.png 2x" loading="lazy" class="chakra-image css-oguq8l" aria-hidden="true"></div><div class="css-qoklea"><div class="css-12dchmx"></div><div data-testid="price-product-tile" class="css-8atqhb"><p class="chakra-text css-0"><span class="chakra-text css-pwnbcb" data-testid="regular-price"><span class="css-idkz9h">$9.99</span>$9.99</span></p></div><a href="/energy-drink-the-yellow-edition/p/20952938_C04?source=nspt" class="chakra-linkbox__overlay css-1hnz6hu"><div class="css-0"><p class="chakra-text css-1ecdp9w" data-testid="product-brand">Red Bull</p><h3 class="chakra-heading css-6qrhwc" id="20952938_C04" data-testid="product-title">Energy Drink The Yellow Edition™</h3><p class="chakra-text css-1yftjin" data-testid="product-package-size">4x250.0 ea</p></div></a><div class="css-8keand"></div></div><div class="css-1q5omjq"><div class="css-fcebb8"><div data-testid="atc-compact" class="css-y94ivq" style="width: 45px;"><button type="button" class="chakra-button css-mudsm6" data-testid="atc-button"><svg stroke="currentColor" fill="currentColor" stroke-width="0" viewBox="0 0 24 24" focusable="false" class="chakra-icon css-1g3sp7a" data-testid="btn-icon" aria-hidden="true" height="1em" width="1em" xmlns="http://www.w3.org/2000/svg"><path d="M19 13h-6v6h-2v-6H5v-2h6V5h2v6h6v2z"></path></svg><span class="css-idkz9h">Add Energy Drink The Yellow Edition™ to cart</span></button></div></div></div></div></div></div><div class="css-0"><div class="css-f5i5wc"><div class="chakra-linkbox css-vhnn8v"><div data-testid="product-image" class="css-16dr4ly"><img alt="BodyArmor Lyte Blueberry Pomegranate 473 ml, $0.63/100ml" src="https://assets.shop.loblaws.ca/products/21586715/b3/en/front/21586715_front_a06_@2.png" srcset="https://assets.shop.loblaws.ca/products/21586715/b3/en/front/21586715_front_a06_@2.png 1x, https://assets.shop.loblaws.ca/products/21586715/b3/en/front/21586715_front_a06_@2.png 2x" loading="lazy" class="chakra-image css-oguq8l" aria-hidden="true"></div><div class="css-qoklea"><div class="css-12dchmx"></div><div data-testid="price-product-tile" class="css-8atqhb"><p class="chakra-text css-0"><span class="chakra-text css-pwnbcb" data-testid="regular-price"><span class="css-idkz9h">$2.99</span>$2.99</span></p></div><a href="/lyte-blueberry-pomegranate/p/21586715_EA?source=nspt" class="chakra-linkbox__overlay css-1hnz6hu"><div class="css-0"><p class="chakra-text css-1ecdp9w" data-testid="product-brand">BodyArmor</p><h3 class="chakra-heading css-6qrhwc" id="21586715_EA" data-testid="product-title">Lyte Blueberry Pomegranate</h3><p class="chakra-text css-1yftjin" data-testid="product-package-size">473 ml, $0.63/100ml</p></div></a><div class="css-8keand"></div></div><div class="css-1q5omjq"><div class="css-fcebb8"><div data-testid="atc-compact" class="css-y94ivq" style="width: 45px;"><button type="button" class="chakra-button css-mudsm6" data-testid="atc-button"><svg stroke="currentColor" fill="currentColor" stroke-width="0" viewBox="0 0 24 24" focusable="false" class="chakra-icon css-1g3sp7a" data-testid="btn-icon" aria-hidden="true" height="1em" width="1em" xmlns="http://www.w3.org/2000/svg"><path d="M19 13h-6v6h-2v-6H5v-2h6V5h2v6h6v2z"></path></svg><span class="css-idkz9h">Add Lyte Blueberry Pomegranate to cart</span></button></div></div></div></div></div></div><div class="css-0"><div class="css-f5i5wc"><div class="chakra-linkbox css-vhnn8v"><div data-testid="product-image" class="css-16dr4ly"><img alt="Monster Energy Rehab Tea+Lemonade 458 ml, $0.66/100ml" src="https://assets.shop.loblaws.ca/products/21396365/b3/en/front/21396365_front_a06_@2.png" srcset="https://assets.shop.loblaws.ca/products/21396365/b3/en/front/21396365_front_a06_@2.png 1x, https://assets.shop.loblaws.ca/products/21396365/b3/en/front/21396365_front_a06_@2.png 2x" loading="lazy" class="chakra-image css-oguq8l" aria-hidden="true"></div><div class="css-qoklea"><div class="css-12dchmx"></div><div data-testid="price-product-tile" class="css-8atqhb"><p class="chakra-text css-0"><span class="chakra-text css-pwnbcb" data-testid="regular-price"><span class="css-idkz9h">$3.00</span>$3.00</span></p></div><a href="/rehab-tea-lemonade/p/21396365_EA?source=nspt" class="chakra-linkbox__overlay css-1hnz6hu"><div class="css-0"><p class="chakra-text css-1ecdp9w" data-testid="product-brand">Monster Energy</p><h3 class="chakra-heading css-6qrhwc" id="21396365_EA" data-testid="product-title">Rehab Tea+Lemonade</h3><p class="chakra-text css-1yftjin" data-testid="product-package-size">458 ml, $0.66/100ml</p></div></a><div class="css-8keand"></div></div><div class="css-1q5omjq"><div class="css-fcebb8"><div data-testid="atc-compact" class="css-y94ivq" style="width: 45px;"><button type="button" class="chakra-button css-mudsm6" data-testid="atc-button"><svg stroke="currentColor" fill="currentColor" stroke-width="0" viewBox="0 0 24 24" focusable="false" class="chakra-icon css-1g3sp7a" data-testid="btn-icon" aria-hidden="true" height="1em" width="1em" xmlns="http://www.w3.org/2000/svg"><path d="M19 13h-6v6h-2v-6H5v-2h6V5h2v6h6v2z"></path></svg><span class="css-idkz9h">Add Rehab Tea+Lemonade to cart</span></button></div></div></div></div></div></div><div class="css-0"><div class="css-f5i5wc"><div class="chakra-linkbox css-vhnn8v"><div data-testid="product-image" class="css-16dr4ly"><img alt="Rockstar Punched Fruit Punch Energy Drink  473 ml, $0.63/100ml" src="https://assets.shop.loblaws.ca/products/20368415011/b3/en/front/20368415011_front_a06_@2.png" srcset="https://assets.shop.loblaws.ca/products/20368415011/b3/en/front/20368415011_front_a06_@2.png 1x, https://assets.shop.loblaws.ca/products/20368415011/b3/en/front/20368415011_front_a06_@2.png 2x" loading="lazy" class="chakra-image css-oguq8l" aria-hidden="true"></div><div class="css-qoklea"><div class="css-12dchmx"></div><div data-testid="price-product-tile" class="css-8atqhb"><p class="chakra-text css-0"><span class="chakra-text css-pwnbcb" data-testid="regular-price"><span class="css-idkz9h">$3.00</span>$3.00</span></p></div><a href="/punched-fruit-punch-energy-drink/p/20368415011_EA?source=nspt" class="chakra-linkbox__overlay css-1hnz6hu"><div class="css-0"><p class="chakra-text css-1ecdp9w" data-testid="product-brand">Rockstar</p><h3 class="chakra-heading css-6qrhwc" id="20368415011_EA" data-testid="product-title">Punched Fruit Punch Energy Drink </h3><p class="chakra-text css-1yftjin" data-testid="product-package-size">473 ml, $0.63/100ml</p></div></a><div class="css-8keand"><p class="chakra-text css-wytexo" data-testid="product-pco-badge">250 PC Optimum Points</p></div></div><div class="css-1q5omjq"><div class="css-fcebb8"><div data-testid="atc-compact" class="css-y94ivq" style="width: 45px;"><button type="button" class="chakra-button css-mudsm6" data-testid="atc-button"><svg stroke="currentColor" fill="currentColor" stroke-width="0" viewBox="0 0 24 24" focusable="false" class="chakra-icon css-1g3sp7a" data-testid="btn-icon" aria-hidden="true" height="1em" width="1em" xmlns="http://www.w3.org/2000/svg"><path d="M19 13h-6v6h-2v-6H5v-2h6V5h2v6h6v2z"></path></svg><span class="css-idkz9h">Add Punched Fruit Punch Energy Drink  to cart</span></button></div></div></div></div></div></div><div class="css-0"><div class="css-f5i5wc"><div class="chakra-linkbox css-vhnn8v"><div data-testid="product-image" class="css-16dr4ly"><img alt="Gatorade GFIT Tropical Mango 828 ml, $0.24/100ml" src="https://assets.shop.loblaws.ca/products/21516025/b3/en/front/21516025_front_a06_@2.png" srcset="https://assets.shop.loblaws.ca/products/21516025/b3/en/front/21516025_front_a06_@2.png 1x, https://assets.shop.loblaws.ca/products/21516025/b3/en/front/21516025_front_a06_@2.png 2x" loading="lazy" class="chakra-image css-oguq8l" aria-hidden="true"></div><div class="css-qoklea"><div class="css-12dchmx"></div><div data-testid="price-product-tile" class="css-8atqhb"><p class="chakra-text css-0"><span class="chakra-text css-o93gbd" data-testid="sale-price"><span class="css-idkz9h">$1.99</span>$1.99</span><span class="chakra-text css-623q5h" data-testid="was-price"><span class="css-idkz9h">$2.24</span>$2.24</span></p><p class="chakra-text css-1m5a6y8" data-testid="price-descriptor">SAVE $0.25</p></div><a href="/gfit-tropical-mango/p/21516025_EA?source=nspt" class="chakra-linkbox__overlay css-1hnz6hu"><div class="css-0"><p class="chakra-text css-1ecdp9w" data-testid="product-brand">Gatorade</p><h3 class="chakra-heading css-6qrhwc" id="21516025_EA" data-testid="product-title">GFIT Tropical Mango</h3><p class="chakra-text css-1yftjin" data-testid="product-package-size">828 ml, $0.24/100ml</p></div></a><div class="css-8keand"><p class="chakra-text css-wytexo" data-testid="product-pco-badge">500 PC Optimum Points</p></div></div><div class="css-1q5omjq"><div class="css-fcebb8"><div data-testid="atc-compact" class="css-y94ivq" style="width: 45px;"><button type="button" class="chakra-button css-mudsm6" data-testid="atc-button"><svg stroke="currentColor" fill="currentColor" stroke-width="0" viewBox="0 0 24 24" focusable="false" class="chakra-icon css-1g3sp7a" data-testid="btn-icon" aria-hidden="true" height="1em" width="1em" xmlns="http://www.w3.org/2000/svg"><path d="M19 13h-6v6h-2v-6H5v-2h6V5h2v6h6v2z"></path></svg><span class="css-idkz9h">Add GFIT Tropical Mango to cart</span></button></div></div></div></div></div></div><div class="css-0"><div class="css-f5i5wc"><div class="chakra-linkbox css-vhnn8v"><div data-testid="product-image" class="css-16dr4ly"><img alt="Monster Energy Reserve Watermelon 473 ml, $0.63/100ml" src="https://assets.shop.loblaws.ca/products/21475289/b3/en/front/21475289_front_a06_@2.png" srcset="https://assets.shop.loblaws.ca/products/21475289/b3/en/front/21475289_front_a06_@2.png 1x, https://assets.shop.loblaws.ca/products/21475289/b3/en/front/21475289_front_a06_@2.png 2x" loading="lazy" class="chakra-image css-oguq8l" aria-hidden="true"></div><div class="css-qoklea"><div class="css-12dchmx"></div><div data-testid="price-product-tile" class="css-8atqhb"><p class="chakra-text css-0"><span class="chakra-text css-pwnbcb" data-testid="regular-price"><span class="css-idkz9h">$3.00</span>$3.00</span></p></div><a href="/reserve-watermelon/p/21475289_EA?source=nspt" class="chakra-linkbox__overlay css-1hnz6hu"><div class="css-0"><p class="chakra-text css-1ecdp9w" data-testid="product-brand">Monster Energy</p><h3 class="chakra-heading css-6qrhwc" id="21475289_EA" data-testid="product-title">Reserve Watermelon</h3><p class="chakra-text css-1yftjin" data-testid="product-package-size">473 ml, $0.63/100ml</p></div></a><div class="css-8keand"></div></div><div class="css-1q5omjq"><div class="css-fcebb8"><div data-testid="atc-compact" class="css-y94ivq" style="width: 45px;"><button disabled="" type="button" class="chakra-button css-mudsm6" data-testid="atc-button"><svg stroke="currentColor" fill="currentColor" stroke-width="0" viewBox="0 0 24 24" focusable="false" class="chakra-icon css-1g3sp7a" data-testid="btn-icon" aria-hidden="true" height="1em" width="1em" xmlns="http://www.w3.org/2000/svg"><path d="M19 13h-6v6h-2v-6H5v-2h6V5h2v6h6v2z"></path></svg><span class="css-idkz9h">Add Reserve Watermelon to cart</span></button></div></div><div class="css-4saf4a"><p class="chakra-text css-py8788" data-testid="inventory-badge-text">Out of Stock</p></div></div></div></div></div><div class="css-0"><div class="css-f5i5wc"><div class="chakra-linkbox css-vhnn8v"><div data-testid="product-image" class="css-16dr4ly"><img alt="Gatorade Frost Glacier Freeze Powder 560 g, $1.48/100g" src="https://assets.shop.loblaws.ca/products/20336724001/b3/en/front/20336724001_front_a06_@2.png" srcset="https://assets.shop.loblaws.ca/products/20336724001/b3/en/front/20336724001_front_a06_@2.png 1x, https://assets.shop.loblaws.ca/products/20336724001/b3/en/front/20336724001_front_a06_@2.png 2x" loading="lazy" class="chakra-image css-oguq8l" aria-hidden="true"></div><div class="css-qoklea"><div class="css-12dchmx"></div><div data-testid="price-product-tile" class="css-8atqhb"><p class="chakra-text css-0"><span class="chakra-text css-pwnbcb" data-testid="regular-price"><span class="css-idkz9h">$8.29</span>$8.29</span></p></div><a href="/frost-glacier-freeze-powder/p/20336724001_EA?source=nspt" class="chakra-linkbox__overlay css-1hnz6hu"><div class="css-0"><p class="chakra-text css-1ecdp9w" data-testid="product-brand">Gatorade</p><h3 class="chakra-heading css-6qrhwc" id="20336724001_EA" data-testid="product-title">Frost Glacier Freeze Powder</h3><p class="chakra-text css-1yftjin" data-testid="product-package-size">560 g, $1.48/100g</p></div></a><div class="css-8keand"></div></div><div class="css-1q5omjq"><div class="css-fcebb8"><div data-testid="atc-compact" class="css-y94ivq" style="width: 45px;"><button type="button" class="chakra-button css-mudsm6" data-testid="atc-button"><svg stroke="currentColor" fill="currentColor" stroke-width="0" viewBox="0 0 24 24" focusable="false" class="chakra-icon css-1g3sp7a" data-testid="btn-icon" aria-hidden="true" height="1em" width="1em" xmlns="http://www.w3.org/2000/svg"><path d="M19 13h-6v6h-2v-6H5v-2h6V5h2v6h6v2z"></path></svg><span class="css-idkz9h">Add Frost Glacier Freeze Powder to cart</span></button></div></div></div></div></div></div><div class="css-0"><div class="css-f5i5wc"><div class="chakra-linkbox css-vhnn8v"><div data-testid="product-image" class="css-16dr4ly"><img alt="Monster Energy Ultra Watermelon 473 ml, $0.63/100ml" src="https://assets.shop.loblaws.ca/products/21394805/b3/en/front/21394805_front_a06_@2.png" srcset="https://assets.shop.loblaws.ca/products/21394805/b3/en/front/21394805_front_a06_@2.png 1x, https://assets.shop.loblaws.ca/products/21394805/b3/en/front/21394805_front_a06_@2.png 2x" loading="lazy" class="chakra-image css-oguq8l" aria-hidden="true"></div><div class="css-qoklea"><div class="css-12dchmx"></div><div data-testid="price-product-tile" class="css-8atqhb"><p class="chakra-text css-0"><span class="chakra-text css-pwnbcb" data-testid="regular-price"><span class="css-idkz9h">$3.00</span>$3.00</span></p></div><a href="/ultra-watermelon/p/21394805_EA?source=nspt" class="chakra-linkbox__overlay css-1hnz6hu"><div class="css-0"><p class="chakra-text css-1ecdp9w" data-testid="product-brand">Monster Energy</p><h3 class="chakra-heading css-6qrhwc" id="21394805_EA" data-testid="product-title">Ultra Watermelon</h3><p class="chakra-text css-1yftjin" data-testid="product-package-size">473 ml, $0.63/100ml</p></div></a><div class="css-8keand"></div></div><div class="css-1q5omjq"><div class="css-fcebb8"><div data-testid="atc-compact" class="css-y94ivq" style="width: 45px;"><button type="button" class="chakra-button css-mudsm6" data-testid="atc-button"><svg stroke="currentColor" fill="currentColor" stroke-width="0" viewBox="0 0 24 24" focusable="false" class="chakra-icon css-1g3sp7a" data-testid="btn-icon" aria-hidden="true" height="1em" width="1em" xmlns="http://www.w3.org/2000/svg"><path d="M19 13h-6v6h-2v-6H5v-2h6V5h2v6h6v2z"></path></svg><span class="css-idkz9h">Add Ultra Watermelon to cart</span></button></div></div></div></div></div></div><div class="css-0"><div class="css-f5i5wc"><div class="chakra-linkbox css-vhnn8v"><div data-testid="product-image" class="css-16dr4ly"><img alt="Supligen Instant Breakfast Beverage Vanilla Flavour 250 ml, $0.72/100ml" src="https://assets.shop.loblaws.ca/products/21381630/b3/en/front/21381630_front_a06_@2.png" srcset="https://assets.shop.loblaws.ca/products/21381630/b3/en/front/21381630_front_a06_@2.png 1x, https://assets.shop.loblaws.ca/products/21381630/b3/en/front/21381630_front_a06_@2.png 2x" loading="lazy" class="chakra-image css-oguq8l" aria-hidden="true"></div><div class="css-qoklea"><div class="css-12dchmx"></div><div data-testid="price-product-tile" class="css-8atqhb"><p class="chakra-text css-0"><span class="chakra-text css-pwnbcb" data-testid="regular-price"><span class="css-idkz9h">$1.79</span>$1.79</span></p></div><a href="/instant-breakfast-beverage-vanilla-flavour/p/21381630_EA?source=nspt" class="chakra-linkbox__overlay css-1hnz6hu"><div class="css-0"><p class="chakra-text css-1ecdp9w" data-testid="product-brand">Supligen</p><h3 class="chakra-heading css-6qrhwc" id="21381630_EA" data-testid="product-title">Instant Breakfast Beverage Vanilla Flavour</h3><p class="chakra-text css-1yftjin" data-testid="product-package-size">250 ml, $0.72/100ml</p></div></a><div class="css-8keand"></div></div><div class="css-1q5omjq"><div class="css-fcebb8"><div data-testid="atc-compact" class="css-y94ivq" style="width: 45px;"><button type="button" class="chakra-button css-mudsm6" data-testid="atc-button"><svg stroke="currentColor" fill="currentColor" stroke-width="0" viewBox="0 0 24 24" focusable="false" class="chakra-icon css-1g3sp7a" data-testid="btn-icon" aria-hidden="true" height="1em" width="1em" xmlns="http://www.w3.org/2000/svg"><path d="M19 13h-6v6h-2v-6H5v-2h6V5h2v6h6v2z"></path></svg><span class="css-idkz9h">Add Instant Breakfast Beverage Vanilla Flavour to cart</span></button></div></div></div></div></div></div><div class="css-0"><div class="css-f5i5wc"><div class="chakra-linkbox css-vhnn8v"><div data-testid="product-image" class="css-16dr4ly"><img alt="Monster Energy Ultra Variety Pack Cans 12x473.0 ml, $0.53/100ml" src="https://assets.shop.loblaws.ca/products/21593805/b3/en/front/21593805_front_a06_@2.png" srcset="https://assets.shop.loblaws.ca/products/21593805/b3/en/front/21593805_front_a06_@2.png 1x, https://assets.shop.loblaws.ca/products/21593805/b3/en/front/21593805_front_a06_@2.png 2x" loading="lazy" class="chakra-image css-oguq8l" aria-hidden="true"></div><div class="css-qoklea"><div class="css-12dchmx"><div class="chakra-badge css-34x0wr" data-testid="product-badge"><div class="css-u4p24i">New</div></div></div><div data-testid="price-product-tile" class="css-8atqhb"><p class="chakra-text css-0"><span class="chakra-text css-pwnbcb" data-testid="regular-price"><span class="css-idkz9h">$29.99</span>$29.99</span></p></div><a href="/ultra-variety-pack-cans/p/21593805_C12?source=nspt" class="chakra-linkbox__overlay css-1hnz6hu"><div class="css-0"><p class="chakra-text css-1ecdp9w" data-testid="product-brand">Monster Energy</p><h3 class="chakra-heading css-6qrhwc" id="21593805_C12" data-testid="product-title">Ultra Variety Pack Cans</h3><p class="chakra-text css-1yftjin" data-testid="product-package-size">12x473.0 ml, $0.53/100ml</p></div></a><div class="css-8keand"></div></div><div class="css-1q5omjq"><div class="css-fcebb8"><div data-testid="atc-compact" class="css-y94ivq" style="width: 45px;"><button disabled="" type="button" class="chakra-button css-mudsm6" data-testid="atc-button"><svg stroke="currentColor" fill="currentColor" stroke-width="0" viewBox="0 0 24 24" focusable="false" class="chakra-icon css-1g3sp7a" data-testid="btn-icon" aria-hidden="true" height="1em" width="1em" xmlns="http://www.w3.org/2000/svg"><path d="M19 13h-6v6h-2v-6H5v-2h6V5h2v6h6v2z"></path></svg><span class="css-idkz9h">Add Ultra Variety Pack Cans to cart</span></button></div></div><div class="css-4saf4a"><p class="chakra-text css-py8788" data-testid="inventory-badge-text">Out of Stock</p></div></div></div></div></div><div class="css-0"><div class="css-f5i5wc"><div class="chakra-linkbox css-vhnn8v"><div data-testid="product-image" class="css-16dr4ly"><img alt="Red Bull Energy Drink Sugarfree™ 473 ml, $1.05/100ml" src="https://assets.shop.loblaws.ca/products/20772666/b3/en/front/20772666_front_a06_@2.png" srcset="https://assets.shop.loblaws.ca/products/20772666/b3/en/front/20772666_front_a06_@2.png 1x, https://assets.shop.loblaws.ca/products/20772666/b3/en/front/20772666_front_a06_@2.png 2x" loading="lazy" class="chakra-image css-oguq8l" aria-hidden="true"></div><div class="css-qoklea"><div class="css-12dchmx"></div><div data-testid="price-product-tile" class="css-8atqhb"><p class="chakra-text css-0"><span class="chakra-text css-pwnbcb" data-testid="regular-price"><span class="css-idkz9h">$4.99</span>$4.99</span></p></div><a href="/energy-drink-sugarfree/p/20772666_EA?source=nspt" class="chakra-linkbox__overlay css-1hnz6hu"><div class="css-0"><p class="chakra-text css-1ecdp9w" data-testid="product-brand">Red Bull</p><h3 class="chakra-heading css-6qrhwc" id="20772666_EA" data-testid="product-title">Energy Drink Sugarfree™</h3><p class="chakra-text css-1yftjin" data-testid="product-package-size">473 ml, $1.05/100ml</p></div></a><div class="css-8keand"></div></div><div class="css-1q5omjq"><div class="css-fcebb8"><div data-testid="atc-compact" class="css-y94ivq" style="width: 45px;"><button type="button" class="chakra-button css-mudsm6" data-testid="atc-button"><svg stroke="currentColor" fill="currentColor" stroke-width="0" viewBox="0 0 24 24" focusable="false" class="chakra-icon css-1g3sp7a" data-testid="btn-icon" aria-hidden="true" height="1em" width="1em" xmlns="http://www.w3.org/2000/svg"><path d="M19 13h-6v6h-2v-6H5v-2h6V5h2v6h6v2z"></path></svg><span class="css-idkz9h">Add Energy Drink Sugarfree™ to cart</span></button></div></div></div></div></div></div><div class="css-0"><div class="css-f5i5wc"><div class="chakra-linkbox css-vhnn8v"><div data-testid="product-image" class="css-16dr4ly"><img alt="Gatorade Gatorlyte Sport Drink Cherry Lime  591 ml, $0.34/100ml" src="https://assets.shop.loblaws.ca/products/21449905/b3/en/front/21449905_front_a06_@2.png" srcset="https://assets.shop.loblaws.ca/products/21449905/b3/en/front/21449905_front_a06_@2.png 1x, https://assets.shop.loblaws.ca/products/21449905/b3/en/front/21449905_front_a06_@2.png 2x" loading="lazy" class="chakra-image css-oguq8l" aria-hidden="true"></div><div class="css-qoklea"><div class="css-12dchmx"></div><div data-testid="price-product-tile" class="css-8atqhb"><p class="chakra-text css-0"><span class="chakra-text css-pwnbcb" data-testid="regular-price"><span class="css-idkz9h">$1.99</span>$1.99</span></p></div><a href="/gatorlyte-sport-drink-cherry-lime/p/21449905_EA?source=nspt" class="chakra-linkbox__overlay css-1hnz6hu"><div class="css-0"><p class="chakra-text css-1ecdp9w" data-testid="product-brand">Gatorade</p><h3 class="chakra-heading css-6qrhwc" id="21449905_EA" data-testid="product-title">Gatorlyte Sport Drink Cherry Lime </h3><p class="chakra-text css-1yftjin" data-testid="product-package-size">591 ml, $0.34/100ml</p></div></a><div class="css-8keand"><p class="chakra-text css-wytexo" data-testid="product-pco-badge">500 PC Optimum Points</p></div></div><div class="css-1q5omjq"><div class="css-fcebb8"><div data-testid="atc-compact" class="css-y94ivq" style="width: 45px;"><button type="button" class="chakra-button css-mudsm6" data-testid="atc-button"><svg stroke="currentColor" fill="currentColor" stroke-width="0" viewBox="0 0 24 24" focusable="false" class="chakra-icon css-1g3sp7a" data-testid="btn-icon" aria-hidden="true" height="1em" width="1em" xmlns="http://www.w3.org/2000/svg"><path d="M19 13h-6v6h-2v-6H5v-2h6V5h2v6h6v2z"></path></svg><span class="css-idkz9h">Add Gatorlyte Sport Drink Cherry Lime  to cart</span></button></div></div><div class="css-4saf4a"><p class="chakra-text css-py8788" data-testid="inventory-badge-text">Low Stock</p></div></div></div></div></div><div class="css-0"><div class="css-f5i5wc"><div class="chakra-linkbox css-vhnn8v"><div data-testid="product-image" class="css-16dr4ly"><img alt="Core Power Banana High-Protein Milk Shake, Bottle 414 ml, $0.92/100ml" src="https://assets.shop.loblaws.ca/products/21166381/b3/en/front/21166381_front_a06_@2.png" srcset="https://assets.shop.loblaws.ca/products/21166381/b3/en/front/21166381_front_a06_@2.png 1x, https://assets.shop.loblaws.ca/products/21166381/b3/en/front/21166381_front_a06_@2.png 2x" loading="lazy" class="chakra-image css-oguq8l" aria-hidden="true"></div><div class="css-qoklea"><div class="css-12dchmx"></div><div data-testid="price-product-tile" class="css-8atqhb"><p class="chakra-text css-0"><span class="chakra-text css-pwnbcb" data-testid="regular-price"><span class="css-idkz9h">$3.79</span>$3.79</span></p></div><a href="/banana-high-protein-milk-shake-bottle/p/21166381_EA?source=nspt" class="chakra-linkbox__overlay css-1hnz6hu"><div class="css-0"><p class="chakra-text css-1ecdp9w" data-testid="product-brand">Core Power</p><h3 class="chakra-heading css-6qrhwc" id="21166381_EA" data-testid="product-title">Banana High-Protein Milk Shake, Bottle</h3><p class="chakra-text css-1yftjin" data-testid="product-package-size">414 ml, $0.92/100ml</p></div></a><div class="css-8keand"></div></div><div class="css-1q5omjq"><div class="css-fcebb8"><div data-testid="atc-compact" class="css-y94ivq" style="width: 45px;"><button type="button" class="chakra-button css-mudsm6" data-testid="atc-button"><svg stroke="currentColor" fill="currentColor" stroke-width="0" viewBox="0 0 24 24" focusable="false" class="chakra-icon css-1g3sp7a" data-testid="btn-icon" aria-hidden="true" height="1em" width="1em" xmlns="http://www.w3.org/2000/svg"><path d="M19 13h-6v6h-2v-6H5v-2h6V5h2v6h6v2z"></path></svg><span class="css-idkz9h">Add Banana High-Protein Milk Shake, Bottle to cart</span></button></div></div></div></div></div></div><div class="css-0"><div class="css-f5i5wc"><div class="chakra-linkbox css-vhnn8v"><div data-testid="product-image" class="css-16dr4ly"><img alt="Rubicon Sparkling Passion Fruit Beverage 355 ml, $0.56/100ml" src="https://assets.shop.loblaws.ca/products/21456791/b3/en/front/21456791_front_a06_@2.png" srcset="https://assets.shop.loblaws.ca/products/21456791/b3/en/front/21456791_front_a06_@2.png 1x, https://assets.shop.loblaws.ca/products/21456791/b3/en/front/21456791_front_a06_@2.png 2x" loading="lazy" class="chakra-image css-oguq8l" aria-hidden="true"></div><div class="css-qoklea"><div class="css-12dchmx"></div><div data-testid="price-product-tile" class="css-8atqhb"><p class="chakra-text css-0"><span class="chakra-text css-o93gbd" data-testid="sale-price"><span class="css-idkz9h">$2.00</span>$2.00</span><span class="chakra-text css-623q5h" data-testid="was-price"><span class="css-idkz9h">$2.29</span>$2.29</span></p><p class="chakra-text css-1m5a6y8" data-testid="price-descriptor">SAVE $0.29</p></div><a href="/sparkling-passion-fruit-beverage/p/21456791_EA?source=nspt" class="chakra-linkbox__overlay css-1hnz6hu"><div class="css-0"><p class="chakra-text css-1ecdp9w" data-testid="product-brand">Rubicon</p><h3 class="chakra-heading css-6qrhwc" id="21456791_EA" data-testid="product-title">Sparkling Passion Fruit Beverage</h3><p class="chakra-text css-1yftjin" data-testid="product-package-size">355 ml, $0.56/100ml</p></div></a><div class="css-8keand"></div></div><div class="css-1q5omjq"><div class="css-fcebb8"><div data-testid="atc-compact" class="css-y94ivq" style="width: 45px;"><button type="button" class="chakra-button css-mudsm6" data-testid="atc-button"><svg stroke="currentColor" fill="currentColor" stroke-width="0" viewBox="0 0 24 24" focusable="false" class="chakra-icon css-1g3sp7a" data-testid="btn-icon" aria-hidden="true" height="1em" width="1em" xmlns="http://www.w3.org/2000/svg"><path d="M19 13h-6v6h-2v-6H5v-2h6V5h2v6h6v2z"></path></svg><span class="css-idkz9h">Add Sparkling Passion Fruit Beverage to cart</span></button></div></div></div></div></div></div><div class="css-0"><div class="css-f5i5wc"><div class="chakra-linkbox css-vhnn8v"><div data-testid="product-image" class="css-16dr4ly"><img alt="Core Power Chocolate High-Protein Milk Shake, Bottle 414 ml, $0.92/100ml" src="https://assets.shop.loblaws.ca/products/21166000/b3/en/front/21166000_front_a06_@2.png" srcset="https://assets.shop.loblaws.ca/products/21166000/b3/en/front/21166000_front_a06_@2.png 1x, https://assets.shop.loblaws.ca/products/21166000/b3/en/front/21166000_front_a06_@2.png 2x" loading="lazy" class="chakra-image css-oguq8l" aria-hidden="true"></div><div class="css-qoklea"><div class="css-12dchmx"></div><div data-testid="price-product-tile" class="css-8atqhb"><p class="chakra-text css-0"><span class="chakra-text css-pwnbcb" data-testid="regular-price"><span class="css-idkz9h">$3.79</span>$3.79</span></p></div><a href="/chocolate-high-protein-milk-shake-bottle/p/21166000_EA?source=nspt" class="chakra-linkbox__overlay css-1hnz6hu"><div class="css-0"><p class="chakra-text css-1ecdp9w" data-testid="product-brand">Core Power</p><h3 class="chakra-heading css-6qrhwc" id="21166000_EA" data-testid="product-title">Chocolate High-Protein Milk Shake, Bottle</h3><p class="chakra-text css-1yftjin" data-testid="product-package-size">414 ml, $0.92/100ml</p></div></a><div class="css-8keand"></div></div><div class="css-1q5omjq"><div class="css-fcebb8"><div data-testid="atc-compact" class="css-y94ivq" style="width: 45px;"><button type="button" class="chakra-button css-mudsm6" data-testid="atc-button"><svg stroke="currentColor" fill="currentColor" stroke-width="0" viewBox="0 0 24 24" focusable="false" class="chakra-icon css-1g3sp7a" data-testid="btn-icon" aria-hidden="true" height="1em" width="1em" xmlns="http://www.w3.org/2000/svg"><path d="M19 13h-6v6h-2v-6H5v-2h6V5h2v6h6v2z"></path></svg><span class="css-idkz9h">Add Chocolate High-Protein Milk Shake, Bottle to cart</span></button></div></div></div></div></div></div><div class="css-0"><div class="css-f5i5wc"><div class="chakra-linkbox css-vhnn8v"><div data-testid="product-image" class="css-16dr4ly"><img alt="BodyArmor SuperDrink Fruit Punch Bottle 473 ml, $0.63/100ml" src="https://assets.shop.loblaws.ca/products/21583338/b3/en/front/21583338_front_a06_@2.png" srcset="https://assets.shop.loblaws.ca/products/21583338/b3/en/front/21583338_front_a06_@2.png 1x, https://assets.shop.loblaws.ca/products/21583338/b3/en/front/21583338_front_a06_@2.png 2x" loading="lazy" class="chakra-image css-oguq8l" aria-hidden="true"></div><div class="css-qoklea"><div class="css-12dchmx"></div><div data-testid="price-product-tile" class="css-8atqhb"><p class="chakra-text css-0"><span class="chakra-text css-pwnbcb" data-testid="regular-price"><span class="css-idkz9h">$2.99</span>$2.99</span></p></div><a href="/superdrink-fruit-punch-bottle/p/21583338_EA?source=nspt" class="chakra-linkbox__overlay css-1hnz6hu"><div class="css-0"><p class="chakra-text css-1ecdp9w" data-testid="product-brand">BodyArmor</p><h3 class="chakra-heading css-6qrhwc" id="21583338_EA" data-testid="product-title">SuperDrink Fruit Punch Bottle</h3><p class="chakra-text css-1yftjin" data-testid="product-package-size">473 ml, $0.63/100ml</p></div></a><div class="css-8keand"></div></div><div class="css-1q5omjq"><div class="css-fcebb8"><div data-testid="atc-compact" class="css-y94ivq" style="width: 45px;"><button type="button" class="chakra-button css-mudsm6" data-testid="atc-button"><svg stroke="currentColor" fill="currentColor" stroke-width="0" viewBox="0 0 24 24" focusable="false" class="chakra-icon css-1g3sp7a" data-testid="btn-icon" aria-hidden="true" height="1em" width="1em" xmlns="http://www.w3.org/2000/svg"><path d="M19 13h-6v6h-2v-6H5v-2h6V5h2v6h6v2z"></path></svg><span class="css-idkz9h">Add SuperDrink Fruit Punch Bottle to cart</span></button></div></div></div></div></div></div><div class="css-0"><div class="css-f5i5wc"><div class="chakra-linkbox css-vhnn8v"><div data-testid="product-image" class="css-16dr4ly"><img alt="Monster Energy Original 4x473.0 ml, $0.53/100ml" src="https://assets.shop.loblaws.ca/products/20937631/b3/en/front/20937631_front_a06_@2.png" srcset="https://assets.shop.loblaws.ca/products/20937631/b3/en/front/20937631_front_a06_@2.png 1x, https://assets.shop.loblaws.ca/products/20937631/b3/en/front/20937631_front_a06_@2.png 2x" loading="lazy" class="chakra-image css-oguq8l" aria-hidden="true"></div><div class="css-qoklea"><div class="css-12dchmx"></div><div data-testid="price-product-tile" class="css-8atqhb"><p class="chakra-text css-0"><span class="chakra-text css-pwnbcb" data-testid="regular-price"><span class="css-idkz9h">$9.99</span>$9.99</span></p></div><a href="/original/p/20937631_C04?source=nspt" class="chakra-linkbox__overlay css-1hnz6hu"><div class="css-0"><p class="chakra-text css-1ecdp9w" data-testid="product-brand">Monster Energy</p><h3 class="chakra-heading css-6qrhwc" id="20937631_C04" data-testid="product-title">Original</h3><p class="chakra-text css-1yftjin" data-testid="product-package-size">4x473.0 ml, $0.53/100ml</p></div></a><div class="css-8keand"></div></div><div class="css-1q5omjq"><div class="css-fcebb8"><div data-testid="atc-compact" class="css-y94ivq" style="width: 45px;"><button type="button" class="chakra-button css-mudsm6" data-testid="atc-button"><svg stroke="currentColor" fill="currentColor" stroke-width="0" viewBox="0 0 24 24" focusable="false" class="chakra-icon css-1g3sp7a" data-testid="btn-icon" aria-hidden="true" height="1em" width="1em" xmlns="http://www.w3.org/2000/svg"><path d="M19 13h-6v6h-2v-6H5v-2h6V5h2v6h6v2z"></path></svg><span class="css-idkz9h">Add Original to cart</span></button></div></div></div></div></div></div><div class="css-0"><div class="css-f5i5wc"><div class="chakra-linkbox css-vhnn8v"><div data-testid="product-image" class="css-16dr4ly"><img alt="Monster Energy Reserve White Pineapple 473 ml, $0.63/100ml" src="https://assets.shop.loblaws.ca/products/21475288/b3/en/front/21475288_front_a06_@2.png" srcset="https://assets.shop.loblaws.ca/products/21475288/b3/en/front/21475288_front_a06_@2.png 1x, https://assets.shop.loblaws.ca/products/21475288/b3/en/front/21475288_front_a06_@2.png 2x" loading="lazy" class="chakra-image css-oguq8l" aria-hidden="true"></div><div class="css-qoklea"><div class="css-12dchmx"></div><div data-testid="price-product-tile" class="css-8atqhb"><p class="chakra-text css-0"><span class="chakra-text css-pwnbcb" data-testid="regular-price"><span class="css-idkz9h">$3.00</span>$3.00</span></p></div><a href="/reserve-white-pineapple/p/21475288_EA?source=nspt" class="chakra-linkbox__overlay css-1hnz6hu"><div class="css-0"><p class="chakra-text css-1ecdp9w" data-testid="product-brand">Monster Energy</p><h3 class="chakra-heading css-6qrhwc" id="21475288_EA" data-testid="product-title">Reserve White Pineapple</h3><p class="chakra-text css-1yftjin" data-testid="product-package-size">473 ml, $0.63/100ml</p></div></a><div class="css-8keand"></div></div><div class="css-1q5omjq"><div class="css-fcebb8"><div data-testid="atc-compact" class="css-y94ivq" style="width: 45px;"><button type="button" class="chakra-button css-mudsm6" data-testid="atc-button"><svg stroke="currentColor" fill="currentColor" stroke-width="0" viewBox="0 0 24 24" focusable="false" class="chakra-icon css-1g3sp7a" data-testid="btn-icon" aria-hidden="true" height="1em" width="1em" xmlns="http://www.w3.org/2000/svg"><path d="M19 13h-6v6h-2v-6H5v-2h6V5h2v6h6v2z"></path></svg><span class="css-idkz9h">Add Reserve White Pineapple to cart</span></button></div></div></div></div></div></div><div class="css-0"><div class="css-f5i5wc"><div class="chakra-linkbox css-vhnn8v"><div data-testid="product-image" class="css-16dr4ly"><img alt="Monster Energy Punch Mango Loco 473 ml, $0.63/100ml" src="https://assets.shop.loblaws.ca/products/21128337/b3/en/front/21128337_front_a06_@2.png" srcset="https://assets.shop.loblaws.ca/products/21128337/b3/en/front/21128337_front_a06_@2.png 1x, https://assets.shop.loblaws.ca/products/21128337/b3/en/front/21128337_front_a06_@2.png 2x" loading="lazy" class="chakra-image css-oguq8l" aria-hidden="true"></div><div class="css-qoklea"><div class="css-12dchmx"></div><div data-testid="price-product-tile" class="css-8atqhb"><p class="chakra-text css-0"><span class="chakra-text css-pwnbcb" data-testid="regular-price"><span class="css-idkz9h">$3.00</span>$3.00</span></p></div><a href="/punch-mango-loco/p/21128337_EA?source=nspt" class="chakra-linkbox__overlay css-1hnz6hu"><div class="css-0"><p class="chakra-text css-1ecdp9w" data-testid="product-brand">Monster Energy</p><h3 class="chakra-heading css-6qrhwc" id="21128337_EA" data-testid="product-title">Punch Mango Loco</h3><p class="chakra-text css-1yftjin" data-testid="product-package-size">473 ml, $0.63/100ml</p></div></a><div class="css-8keand"></div></div><div class="css-1q5omjq"><div class="css-fcebb8"><div data-testid="atc-compact" class="css-y94ivq" style="width: 45px;"><button type="button" class="chakra-button css-mudsm6" data-testid="atc-button"><svg stroke="currentColor" fill="currentColor" stroke-width="0" viewBox="0 0 24 24" focusable="false" class="chakra-icon css-1g3sp7a" data-testid="btn-icon" aria-hidden="true" height="1em" width="1em" xmlns="http://www.w3.org/2000/svg"><path d="M19 13h-6v6h-2v-6H5v-2h6V5h2v6h6v2z"></path></svg><span class="css-idkz9h">Add Punch Mango Loco to cart</span></button></div></div></div></div></div></div><div class="css-0"><div class="css-f5i5wc"><div class="chakra-linkbox css-vhnn8v"><div data-testid="product-image" class="css-16dr4ly"><img alt="Monster Rehab Wild Berry Tea, Can 458 ml, $0.66/100ml" src="https://assets.shop.loblaws.ca/products/21588655/b3/en/front/21588655_front_a06_@2.png" srcset="https://assets.shop.loblaws.ca/products/21588655/b3/en/front/21588655_front_a06_@2.png 1x, https://assets.shop.loblaws.ca/products/21588655/b3/en/front/21588655_front_a06_@2.png 2x" loading="lazy" class="chakra-image css-oguq8l" aria-hidden="true"></div><div class="css-qoklea"><div class="css-12dchmx"></div><div data-testid="price-product-tile" class="css-8atqhb"><p class="chakra-text css-0"><span class="chakra-text css-pwnbcb" data-testid="regular-price"><span class="css-idkz9h">$3.00</span>$3.00</span></p></div><a href="/rehab-wild-berry-tea-can/p/21588655_EA?source=nspt" class="chakra-linkbox__overlay css-1hnz6hu"><div class="css-0"><p class="chakra-text css-1ecdp9w" data-testid="product-brand">Monster</p><h3 class="chakra-heading css-6qrhwc" id="21588655_EA" data-testid="product-title">Rehab Wild Berry Tea, Can</h3><p class="chakra-text css-1yftjin" data-testid="product-package-size">458 ml, $0.66/100ml</p></div></a><div class="css-8keand"></div></div><div class="css-1q5omjq"><div class="css-fcebb8"><div data-testid="atc-compact" class="css-y94ivq" style="width: 45px;"><button disabled="" type="button" class="chakra-button css-mudsm6" data-testid="atc-button"><svg stroke="currentColor" fill="currentColor" stroke-width="0" viewBox="0 0 24 24" focusable="false" class="chakra-icon css-1g3sp7a" data-testid="btn-icon" aria-hidden="true" height="1em" width="1em" xmlns="http://www.w3.org/2000/svg"><path d="M19 13h-6v6h-2v-6H5v-2h6V5h2v6h6v2z"></path></svg><span class="css-idkz9h">Add Rehab Wild Berry Tea, Can to cart</span></button></div></div><div class="css-4saf4a"><p class="chakra-text css-py8788" data-testid="inventory-badge-text">Out of Stock</p></div></div></div></div></div><div class="css-0"><div class="css-f5i5wc"><div class="chakra-linkbox css-vhnn8v"><div data-testid="product-image" class="css-16dr4ly"><img alt="Red Bull Energy Drink The Red Edition™ 4x250.0 ml, $1.00/100ml" src="https://assets.shop.loblaws.ca/products/21291177/b3/en/front/21291177_front_a06_@2.png" srcset="https://assets.shop.loblaws.ca/products/21291177/b3/en/front/21291177_front_a06_@2.png 1x, https://assets.shop.loblaws.ca/products/21291177/b3/en/front/21291177_front_a06_@2.png 2x" loading="lazy" class="chakra-image css-oguq8l" aria-hidden="true"></div><div class="css-qoklea"><div class="css-12dchmx"></div><div data-testid="price-product-tile" class="css-8atqhb"><p class="chakra-text css-0"><span class="chakra-text css-pwnbcb" data-testid="regular-price"><span class="css-idkz9h">$9.99</span>$9.99</span></p></div><a href="/energy-drink-the-red-edition/p/21291177_C04?source=nspt" class="chakra-linkbox__overlay css-1hnz6hu"><div class="css-0"><p class="chakra-text css-1ecdp9w" data-testid="product-brand">Red Bull</p><h3 class="chakra-heading css-6qrhwc" id="21291177_C04" data-testid="product-title">Energy Drink The Red Edition™</h3><p class="chakra-text css-1yftjin" data-testid="product-package-size">4x250.0 ml, $1.00/100ml</p></div></a><div class="css-8keand"></div></div><div class="css-1q5omjq"><div class="css-fcebb8"><div data-testid="atc-compact" class="css-y94ivq" style="width: 45px;"><button type="button" class="chakra-button css-mudsm6" data-testid="atc-button"><svg stroke="currentColor" fill="currentColor" stroke-width="0" viewBox="0 0 24 24" focusable="false" class="chakra-icon css-1g3sp7a" data-testid="btn-icon" aria-hidden="true" height="1em" width="1em" xmlns="http://www.w3.org/2000/svg"><path d="M19 13h-6v6h-2v-6H5v-2h6V5h2v6h6v2z"></path></svg><span class="css-idkz9h">Add Energy Drink The Red Edition™ to cart</span></button></div></div></div></div></div></div><div class="css-0"><div class="css-f5i5wc"><div class="chakra-linkbox css-vhnn8v"><div data-testid="product-image" class="css-16dr4ly"><img alt="BodyArmor Lyte Dragonfruit Berry 473 ml, $0.63/100ml" src="https://assets.shop.loblaws.ca/products/21582710/b3/en/front/21582710_front_a06_@2.png" srcset="https://assets.shop.loblaws.ca/products/21582710/b3/en/front/21582710_front_a06_@2.png 1x, https://assets.shop.loblaws.ca/products/21582710/b3/en/front/21582710_front_a06_@2.png 2x" loading="lazy" class="chakra-image css-oguq8l" aria-hidden="true"></div><div class="css-qoklea"><div class="css-12dchmx"></div><div data-testid="price-product-tile" class="css-8atqhb"><p class="chakra-text css-0"><span class="chakra-text css-pwnbcb" data-testid="regular-price"><span class="css-idkz9h">$2.99</span>$2.99</span></p></div><a href="/lyte-dragonfruit-berry/p/21582710_EA?source=nspt" class="chakra-linkbox__overlay css-1hnz6hu"><div class="css-0"><p class="chakra-text css-1ecdp9w" data-testid="product-brand">BodyArmor</p><h3 class="chakra-heading css-6qrhwc" id="21582710_EA" data-testid="product-title">Lyte Dragonfruit Berry</h3><p class="chakra-text css-1yftjin" data-testid="product-package-size">473 ml, $0.63/100ml</p></div></a><div class="css-8keand"></div></div><div class="css-1q5omjq"><div class="css-fcebb8"><div data-testid="atc-compact" class="css-y94ivq" style="width: 45px;"><button type="button" class="chakra-button css-mudsm6" data-testid="atc-button"><svg stroke="currentColor" fill="currentColor" stroke-width="0" viewBox="0 0 24 24" focusable="false" class="chakra-icon css-1g3sp7a" data-testid="btn-icon" aria-hidden="true" height="1em" width="1em" xmlns="http://www.w3.org/2000/svg"><path d="M19 13h-6v6h-2v-6H5v-2h6V5h2v6h6v2z"></path></svg><span class="css-idkz9h">Add Lyte Dragonfruit Berry to cart</span></button></div></div><div class="css-4saf4a"><p class="chakra-text css-py8788" data-testid="inventory-badge-text">Low Stock</p></div></div></div></div></div><div class="css-0"><div class="css-f5i5wc"><div class="chakra-linkbox css-vhnn8v"><div data-testid="product-image" class="css-16dr4ly"><img alt="Monster Energy Ultra Rosa 473 ml, $0.63/100ml" src="https://assets.shop.loblaws.ca/products/21307944/b3/en/front/21307944_front_a06_@2.png" srcset="https://assets.shop.loblaws.ca/products/21307944/b3/en/front/21307944_front_a06_@2.png 1x, https://assets.shop.loblaws.ca/products/21307944/b3/en/front/21307944_front_a06_@2.png 2x" loading="lazy" class="chakra-image css-oguq8l" aria-hidden="true"></div><div class="css-qoklea"><div class="css-12dchmx"></div><div data-testid="price-product-tile" class="css-8atqhb"><p class="chakra-text css-0"><span class="chakra-text css-pwnbcb" data-testid="regular-price"><span class="css-idkz9h">$3.00</span>$3.00</span></p></div><a href="/ultra-rosa/p/21307944_EA?source=nspt" class="chakra-linkbox__overlay css-1hnz6hu"><div class="css-0"><p class="chakra-text css-1ecdp9w" data-testid="product-brand">Monster Energy</p><h3 class="chakra-heading css-6qrhwc" id="21307944_EA" data-testid="product-title">Ultra Rosa</h3><p class="chakra-text css-1yftjin" data-testid="product-package-size">473 ml, $0.63/100ml</p></div></a><div class="css-8keand"></div></div><div class="css-1q5omjq"><div class="css-fcebb8"><div data-testid="atc-compact" class="css-y94ivq" style="width: 45px;"><button type="button" class="chakra-button css-mudsm6" data-testid="atc-button"><svg stroke="currentColor" fill="currentColor" stroke-width="0" viewBox="0 0 24 24" focusable="false" class="chakra-icon css-1g3sp7a" data-testid="btn-icon" aria-hidden="true" height="1em" width="1em" xmlns="http://www.w3.org/2000/svg"><path d="M19 13h-6v6h-2v-6H5v-2h6V5h2v6h6v2z"></path></svg><span class="css-idkz9h">Add Ultra Rosa to cart</span></button></div></div></div></div></div></div><div class="css-0"><div class="css-f5i5wc"><div class="chakra-linkbox css-vhnn8v"><div data-testid="product-image" class="css-16dr4ly"><img alt="Monster Reserve Orange Dreamsicle, Can 473 ml, $0.63/100ml" src="https://assets.shop.loblaws.ca/products/21588692/b3/en/front/21588692_front_a06_@2.png" srcset="https://assets.shop.loblaws.ca/products/21588692/b3/en/front/21588692_front_a06_@2.png 1x, https://assets.shop.loblaws.ca/products/21588692/b3/en/front/21588692_front_a06_@2.png 2x" loading="lazy" class="chakra-image css-oguq8l" aria-hidden="true"></div><div class="css-qoklea"><div class="css-12dchmx"></div><div data-testid="price-product-tile" class="css-8atqhb"><p class="chakra-text css-0"><span class="chakra-text css-pwnbcb" data-testid="regular-price"><span class="css-idkz9h">$3.00</span>$3.00</span></p></div><a href="/reserve-orange-dreamsicle-can/p/21588692_EA?source=nspt" class="chakra-linkbox__overlay css-1hnz6hu"><div class="css-0"><p class="chakra-text css-1ecdp9w" data-testid="product-brand">Monster</p><h3 class="chakra-heading css-6qrhwc" id="21588692_EA" data-testid="product-title">Reserve Orange Dreamsicle, Can</h3><p class="chakra-text css-1yftjin" data-testid="product-package-size">473 ml, $0.63/100ml</p></div></a><div class="css-8keand"></div></div><div class="css-1q5omjq"><div class="css-fcebb8"><div data-testid="atc-compact" class="css-y94ivq" style="width: 45px;"><button type="button" class="chakra-button css-mudsm6" data-testid="atc-button"><svg stroke="currentColor" fill="currentColor" stroke-width="0" viewBox="0 0 24 24" focusable="false" class="chakra-icon css-1g3sp7a" data-testid="btn-icon" aria-hidden="true" height="1em" width="1em" xmlns="http://www.w3.org/2000/svg"><path d="M19 13h-6v6h-2v-6H5v-2h6V5h2v6h6v2z"></path></svg><span class="css-idkz9h">Add Reserve Orange Dreamsicle, Can to cart</span></button></div></div></div></div></div></div></div><div data-testid="product-grid" class="css-epcqr3"><div class="css-0"><div class="css-f5i5wc"><div class="chakra-linkbox css-vhnn8v"><div data-testid="product-image" class="css-16dr4ly"><img alt="Gatorade Gatorlyte Sport Drink Orange  591 ml, $0.34/100ml" src="https://assets.shop.loblaws.ca/products/21449906/b3/en/front/21449906_front_a06_@2.png" srcset="https://assets.shop.loblaws.ca/products/21449906/b3/en/front/21449906_front_a06_@2.png 1x, https://assets.shop.loblaws.ca/products/21449906/b3/en/front/21449906_front_a06_@2.png 2x" loading="lazy" class="chakra-image css-oguq8l" aria-hidden="true"></div><div class="css-qoklea"><div class="css-12dchmx"></div><div data-testid="price-product-tile" class="css-8atqhb"><p class="chakra-text css-0"><span class="chakra-text css-pwnbcb" data-testid="regular-price"><span class="css-idkz9h">$1.99</span>$1.99</span></p></div><a href="/gatorlyte-sport-drink-orange/p/21449906_EA?source=nspt" class="chakra-linkbox__overlay css-1hnz6hu"><div class="css-0"><p class="chakra-text css-1ecdp9w" data-testid="product-brand">Gatorade</p><h3 class="chakra-heading css-6qrhwc" id="21449906_EA" data-testid="product-title">Gatorlyte Sport Drink Orange </h3><p class="chakra-text css-1yftjin" data-testid="product-package-size">591 ml, $0.34/100ml</p></div></a><div class="css-8keand"><p class="chakra-text css-wytexo" data-testid="product-pco-badge">500 PC Optimum Points</p></div></div><div class="css-1q5omjq"><div class="css-fcebb8"><div data-testid="atc-compact" class="css-y94ivq" style="width: 45px;"><button type="button" class="chakra-button css-mudsm6" data-testid="atc-button"><svg stroke="currentColor" fill="currentColor" stroke-width="0" viewBox="0 0 24 24" focusable="false" class="chakra-icon css-1g3sp7a" data-testid="btn-icon" aria-hidden="true" height="1em" width="1em" xmlns="http://www.w3.org/2000/svg"><path d="M19 13h-6v6h-2v-6H5v-2h6V5h2v6h6v2z"></path></svg><span class="css-idkz9h">Add Gatorlyte Sport Drink Orange  to cart</span></button></div></div></div></div></div></div><div class="css-0"><div class="css-f5i5wc"><div class="chakra-linkbox css-vhnn8v"><div data-testid="product-image" class="css-16dr4ly"><img alt="Nutrament Energy Nutrition Drink Vanilla 325 ml, $1.47/100ml" src="https://assets.shop.loblaws.ca/products/21613313/b3/en/front/21613313_front_a06_@2.png" srcset="https://assets.shop.loblaws.ca/products/21613313/b3/en/front/21613313_front_a06_@2.png 1x, https://assets.shop.loblaws.ca/products/21613313/b3/en/front/21613313_front_a06_@2.png 2x" loading="lazy" class="chakra-image css-oguq8l" aria-hidden="true"></div><div class="css-qoklea"><div class="css-12dchmx"><div class="chakra-badge css-34x0wr" data-testid="product-badge"><div class="css-u4p24i">New</div></div></div><div data-testid="price-product-tile" class="css-8atqhb"><p class="chakra-text css-0"><span class="chakra-text css-pwnbcb" data-testid="regular-price"><span class="css-idkz9h">$4.79</span>$4.79</span></p></div><a href="/energy-nutrition-drink-vanilla/p/21613313_EA?source=nspt" class="chakra-linkbox__overlay css-1hnz6hu"><div class="css-0"><p class="chakra-text css-1ecdp9w" data-testid="product-brand">Nutrament</p><h3 class="chakra-heading css-6qrhwc" id="21613313_EA" data-testid="product-title">Energy Nutrition Drink Vanilla</h3><p class="chakra-text css-1yftjin" data-testid="product-package-size">325 ml, $1.47/100ml</p></div></a><div class="css-8keand"></div></div><div class="css-1q5omjq"><div class="css-fcebb8"><div data-testid="atc-compact" class="css-y94ivq" style="width: 45px;"><button type="button" class="chakra-button css-mudsm6" data-testid="atc-button"><svg stroke="currentColor" fill="currentColor" stroke-width="0" viewBox="0 0 24 24" focusable="false" class="chakra-icon css-1g3sp7a" data-testid="btn-icon" aria-hidden="true" height="1em" width="1em" xmlns="http://www.w3.org/2000/svg"><path d="M19 13h-6v6h-2v-6H5v-2h6V5h2v6h6v2z"></path></svg><span class="css-idkz9h">Add Energy Nutrition Drink Vanilla to cart</span></button></div></div></div></div></div></div><div class="css-0"><div class="css-f5i5wc"><div class="chakra-linkbox css-vhnn8v"><div data-testid="product-image" class="css-16dr4ly"><img alt="Supligen Instant Breakfast Beverage Vanilla Flavour 290 ml, $1.03/100ml" src="https://assets.shop.loblaws.ca/products/21416978/b3/en/front/21416978_front_a06_@2.png" srcset="https://assets.shop.loblaws.ca/products/21416978/b3/en/front/21416978_front_a06_@2.png 1x, https://assets.shop.loblaws.ca/products/21416978/b3/en/front/21416978_front_a06_@2.png 2x" loading="lazy" class="chakra-image css-oguq8l" aria-hidden="true"></div><div class="css-qoklea"><div class="css-12dchmx"></div><div data-testid="price-product-tile" class="css-8atqhb"><p class="chakra-text css-0"><span class="chakra-text css-pwnbcb" data-testid="regular-price"><span class="css-idkz9h">$2.99</span>$2.99</span></p></div><a href="/instant-breakfast-beverage-vanilla-flavour/p/21416978_EA?source=nspt" class="chakra-linkbox__overlay css-1hnz6hu"><div class="css-0"><p class="chakra-text css-1ecdp9w" data-testid="product-brand">Supligen</p><h3 class="chakra-heading css-6qrhwc" id="21416978_EA" data-testid="product-title">Instant Breakfast Beverage Vanilla Flavour</h3><p class="chakra-text css-1yftjin" data-testid="product-package-size">290 ml, $1.03/100ml</p></div></a><div class="css-8keand"></div></div><div class="css-1q5omjq"><div class="css-fcebb8"><div data-testid="atc-compact" class="css-y94ivq" style="width: 45px;"><button type="button" class="chakra-button css-mudsm6" data-testid="atc-button"><svg stroke="currentColor" fill="currentColor" stroke-width="0" viewBox="0 0 24 24" focusable="false" class="chakra-icon css-1g3sp7a" data-testid="btn-icon" aria-hidden="true" height="1em" width="1em" xmlns="http://www.w3.org/2000/svg"><path d="M19 13h-6v6h-2v-6H5v-2h6V5h2v6h6v2z"></path></svg><span class="css-idkz9h">Add Instant Breakfast Beverage Vanilla Flavour to cart</span></button></div></div></div></div></div></div><div class="css-0"><div class="css-f5i5wc"><div class="chakra-linkbox css-vhnn8v"><div data-testid="product-image" class="css-16dr4ly"><img alt="Gatorade Frost Orange (Instant) Powder 560 g, $1.48/100g" src="https://assets.shop.loblaws.ca/products/20336724003/b3/en/front/20336724003_front_a06_@2.png" srcset="https://assets.shop.loblaws.ca/products/20336724003/b3/en/front/20336724003_front_a06_@2.png 1x, https://assets.shop.loblaws.ca/products/20336724003/b3/en/front/20336724003_front_a06_@2.png 2x" loading="lazy" class="chakra-image css-oguq8l" aria-hidden="true"></div><div class="css-qoklea"><div class="css-12dchmx"></div><div data-testid="price-product-tile" class="css-8atqhb"><p class="chakra-text css-0"><span class="chakra-text css-pwnbcb" data-testid="regular-price"><span class="css-idkz9h">$8.29</span>$8.29</span></p></div><a href="/frost-orange-instant-powder/p/20336724003_EA?source=nspt" class="chakra-linkbox__overlay css-1hnz6hu"><div class="css-0"><p class="chakra-text css-1ecdp9w" data-testid="product-brand">Gatorade</p><h3 class="chakra-heading css-6qrhwc" id="20336724003_EA" data-testid="product-title">Frost Orange (Instant) Powder</h3><p class="chakra-text css-1yftjin" data-testid="product-package-size">560 g, $1.48/100g</p></div></a><div class="css-8keand"></div></div><div class="css-1q5omjq"><div class="css-fcebb8"><div data-testid="atc-compact" class="css-y94ivq" style="width: 45px;"><button type="button" class="chakra-button css-mudsm6" data-testid="atc-button"><svg stroke="currentColor" fill="currentColor" stroke-width="0" viewBox="0 0 24 24" focusable="false" class="chakra-icon css-1g3sp7a" data-testid="btn-icon" aria-hidden="true" height="1em" width="1em" xmlns="http://www.w3.org/2000/svg"><path d="M19 13h-6v6h-2v-6H5v-2h6V5h2v6h6v2z"></path></svg><span class="css-idkz9h">Add Frost Orange (Instant) Powder to cart</span></button></div></div></div></div></div></div><div class="css-0"><div class="css-f5i5wc"><div class="chakra-linkbox css-vhnn8v"><div data-testid="product-image" class="css-16dr4ly"><img alt="Rockstar Punched Orange Swirl 473 ml, $1.12/100ml" src="https://assets.shop.loblaws.ca/products/21611210/b3/en/front/21611210_front_a06_@2.png" srcset="https://assets.shop.loblaws.ca/products/21611210/b3/en/front/21611210_front_a06_@2.png 1x, https://assets.shop.loblaws.ca/products/21611210/b3/en/front/21611210_front_a06_@2.png 2x" loading="lazy" class="chakra-image css-oguq8l" aria-hidden="true"></div><div class="css-qoklea"><div class="css-12dchmx"><div class="chakra-badge css-34x0wr" data-testid="product-badge"><div class="css-u4p24i">New</div></div></div><div data-testid="price-product-tile" class="css-8atqhb"><p class="chakra-text css-0"><span class="chakra-text css-pwnbcb" data-testid="regular-price"><span class="css-idkz9h">$5.29</span>$5.29</span></p></div><a href="/punched-orange-swirl/p/21611210_EA?source=nspt" class="chakra-linkbox__overlay css-1hnz6hu"><div class="css-0"><p class="chakra-text css-1ecdp9w" data-testid="product-brand">Rockstar</p><h3 class="chakra-heading css-6qrhwc" id="21611210_EA" data-testid="product-title">Punched Orange Swirl</h3><p class="chakra-text css-1yftjin" data-testid="product-package-size">473 ml, $1.12/100ml</p></div></a><div class="css-8keand"></div></div><div class="css-1q5omjq"><div class="css-fcebb8"><div data-testid="atc-compact" class="css-y94ivq" style="width: 45px;"><button type="button" class="chakra-button css-mudsm6" data-testid="atc-button"><svg stroke="currentColor" fill="currentColor" stroke-width="0" viewBox="0 0 24 24" focusable="false" class="chakra-icon css-1g3sp7a" data-testid="btn-icon" aria-hidden="true" height="1em" width="1em" xmlns="http://www.w3.org/2000/svg"><path d="M19 13h-6v6h-2v-6H5v-2h6V5h2v6h6v2z"></path></svg><span class="css-idkz9h">Add Punched Orange Swirl to cart</span></button></div></div></div></div></div></div><div class="css-0"><div class="css-f5i5wc"><div class="chakra-linkbox css-vhnn8v"><div data-testid="product-image" class="css-16dr4ly"><img alt="Rockstar Punched Strawberry Swirl 473 ml, $1.12/100ml" src="https://assets.shop.loblaws.ca/products/21608447/b3/en/front/21608447_front_a06_@2.png" srcset="https://assets.shop.loblaws.ca/products/21608447/b3/en/front/21608447_front_a06_@2.png 1x, https://assets.shop.loblaws.ca/products/21608447/b3/en/front/21608447_front_a06_@2.png 2x" loading="lazy" class="chakra-image css-oguq8l" aria-hidden="true"></div><div class="css-qoklea"><div class="css-12dchmx"><div class="chakra-badge css-34x0wr" data-testid="product-badge"><div class="css-u4p24i">New</div></div></div><div data-testid="price-product-tile" class="css-8atqhb"><p class="chakra-text css-0"><span class="chakra-text css-pwnbcb" data-testid="regular-price"><span class="css-idkz9h">$5.29</span>$5.29</span></p></div><a href="/punched-strawberry-swirl/p/21608447_EA?source=nspt" class="chakra-linkbox__overlay css-1hnz6hu"><div class="css-0"><p class="chakra-text css-1ecdp9w" data-testid="product-brand">Rockstar</p><h3 class="chakra-heading css-6qrhwc" id="21608447_EA" data-testid="product-title">Punched Strawberry Swirl</h3><p class="chakra-text css-1yftjin" data-testid="product-package-size">473 ml, $1.12/100ml</p></div></a><div class="css-8keand"></div></div><div class="css-1q5omjq"><div class="css-fcebb8"><div data-testid="atc-compact" class="css-y94ivq" style="width: 45px;"><button type="button" class="chakra-button css-mudsm6" data-testid="atc-button"><svg stroke="currentColor" fill="currentColor" stroke-width="0" viewBox="0 0 24 24" focusable="false" class="chakra-icon css-1g3sp7a" data-testid="btn-icon" aria-hidden="true" height="1em" width="1em" xmlns="http://www.w3.org/2000/svg"><path d="M19 13h-6v6h-2v-6H5v-2h6V5h2v6h6v2z"></path></svg><span class="css-idkz9h">Add Punched Strawberry Swirl to cart</span></button></div></div></div></div></div></div><div class="css-0"><div class="css-f5i5wc"><div class="chakra-linkbox css-vhnn8v"><div data-testid="product-image" class="css-16dr4ly"><img alt="Red Bull Energy Drink™ 473 ml, $1.05/100ml" src="https://assets.shop.loblaws.ca/products/20370365001/b3/en/front/20370365001_front_a06_@2.png" srcset="https://assets.shop.loblaws.ca/products/20370365001/b3/en/front/20370365001_front_a06_@2.png 1x, https://assets.shop.loblaws.ca/products/20370365001/b3/en/front/20370365001_front_a06_@2.png 2x" loading="lazy" class="chakra-image css-oguq8l" aria-hidden="true"></div><div class="css-qoklea"><div class="css-12dchmx"></div><div data-testid="price-product-tile" class="css-8atqhb"><p class="chakra-text css-0"><span class="chakra-text css-pwnbcb" data-testid="regular-price"><span class="css-idkz9h">$4.99</span>$4.99</span></p></div><a href="/energy-drink/p/20370365001_EA?source=nspt" class="chakra-linkbox__overlay css-1hnz6hu"><div class="css-0"><p class="chakra-text css-1ecdp9w" data-testid="product-brand">Red Bull</p><h3 class="chakra-heading css-6qrhwc" id="20370365001_EA" data-testid="product-title">Energy Drink™</h3><p class="chakra-text css-1yftjin" data-testid="product-package-size">473 ml, $1.05/100ml</p></div></a><div class="css-8keand"></div></div><div class="css-1q5omjq"><div class="css-fcebb8"><div data-testid="atc-compact" class="css-y94ivq" style="width: 45px;"><button type="button" class="chakra-button css-mudsm6" data-testid="atc-button"><svg stroke="currentColor" fill="currentColor" stroke-width="0" viewBox="0 0 24 24" focusable="false" class="chakra-icon css-1g3sp7a" data-testid="btn-icon" aria-hidden="true" height="1em" width="1em" xmlns="http://www.w3.org/2000/svg"><path d="M19 13h-6v6h-2v-6H5v-2h6V5h2v6h6v2z"></path></svg><span class="css-idkz9h">Add Energy Drink™ to cart</span></button></div></div></div></div></div></div><div class="css-0"><div class="css-f5i5wc"><div class="chakra-linkbox css-vhnn8v"><div data-testid="product-image" class="css-16dr4ly"><img alt="Red Bull Energy Drink The Apricot Edition™ Sans Sucre 250 ml, $1.20/100ml" src="https://assets.shop.loblaws.ca/products/21581360/b3/en/front/21581360_front_a06_@2.png" srcset="https://assets.shop.loblaws.ca/products/21581360/b3/en/front/21581360_front_a06_@2.png 1x, https://assets.shop.loblaws.ca/products/21581360/b3/en/front/21581360_front_a06_@2.png 2x" loading="lazy" class="chakra-image css-oguq8l" aria-hidden="true"></div><div class="css-qoklea"><div class="css-12dchmx"></div><div data-testid="price-product-tile" class="css-8atqhb"><p class="chakra-text css-0"><span class="chakra-text css-pwnbcb" data-testid="regular-price"><span class="css-idkz9h">$3.00</span>$3.00</span></p></div><a href="/energy-drink-the-apricot-edition-sans-sucre/p/21581360_EA?source=nspt" class="chakra-linkbox__overlay css-1hnz6hu"><div class="css-0"><p class="chakra-text css-1ecdp9w" data-testid="product-brand">Red Bull</p><h3 class="chakra-heading css-6qrhwc" id="21581360_EA" data-testid="product-title">Energy Drink The Apricot Edition™ Sans Sucre</h3><p class="chakra-text css-1yftjin" data-testid="product-package-size">250 ml, $1.20/100ml</p></div></a><div class="css-8keand"></div></div><div class="css-1q5omjq"><div class="css-fcebb8"><div data-testid="atc-compact" class="css-y94ivq" style="width: 45px;"><button type="button" class="chakra-button css-mudsm6" data-testid="atc-button"><svg stroke="currentColor" fill="currentColor" stroke-width="0" viewBox="0 0 24 24" focusable="false" class="chakra-icon css-1g3sp7a" data-testid="btn-icon" aria-hidden="true" height="1em" width="1em" xmlns="http://www.w3.org/2000/svg"><path d="M19 13h-6v6h-2v-6H5v-2h6V5h2v6h6v2z"></path></svg><span class="css-idkz9h">Add Energy Drink The Apricot Edition™ Sans Sucre to cart</span></button></div></div></div></div></div></div><div class="css-0"><div class="css-f5i5wc"><div class="chakra-linkbox css-vhnn8v"><div data-testid="product-image" class="css-16dr4ly"><img alt="NOS Zero Sugar Can 473 ml, $0.63/100ml" src="https://assets.shop.loblaws.ca/products/21595752/b3/en/front/21595752_front_a06_@2.png" srcset="https://assets.shop.loblaws.ca/products/21595752/b3/en/front/21595752_front_a06_@2.png 1x, https://assets.shop.loblaws.ca/products/21595752/b3/en/front/21595752_front_a06_@2.png 2x" loading="lazy" class="chakra-image css-oguq8l" aria-hidden="true"></div><div class="css-qoklea"><div class="css-12dchmx"><div class="chakra-badge css-34x0wr" data-testid="product-badge"><div class="css-u4p24i">New</div></div></div><div data-testid="price-product-tile" class="css-8atqhb"><p class="chakra-text css-0"><span class="chakra-text css-pwnbcb" data-testid="regular-price"><span class="css-idkz9h">$3.00</span>$3.00</span></p></div><a href="/zero-sugar-can/p/21595752_EA?source=nspt" class="chakra-linkbox__overlay css-1hnz6hu"><div class="css-0"><p class="chakra-text css-1ecdp9w" data-testid="product-brand">NOS</p><h3 class="chakra-heading css-6qrhwc" id="21595752_EA" data-testid="product-title">Zero Sugar Can</h3><p class="chakra-text css-1yftjin" data-testid="product-package-size">473 ml, $0.63/100ml</p></div></a><div class="css-8keand"></div></div><div class="css-1q5omjq"><div class="css-fcebb8"><div data-testid="atc-compact" class="css-y94ivq" style="width: 45px;"><button type="button" class="chakra-button css-mudsm6" data-testid="atc-button"><svg stroke="currentColor" fill="currentColor" stroke-width="0" viewBox="0 0 24 24" focusable="false" class="chakra-icon css-1g3sp7a" data-testid="btn-icon" aria-hidden="true" height="1em" width="1em" xmlns="http://www.w3.org/2000/svg"><path d="M19 13h-6v6h-2v-6H5v-2h6V5h2v6h6v2z"></path></svg><span class="css-idkz9h">Add Zero Sugar Can to cart</span></button></div></div></div></div></div></div><div class="css-0"><div class="css-f5i5wc"><div class="chakra-linkbox css-vhnn8v"><div data-testid="product-image" class="css-16dr4ly"><img alt="Reign Reignbow Sherbet 4x473.0 ml, $0.53/100ml" src="https://assets.shop.loblaws.ca/products/21530775/b3/en/front/21530775_front_a06_@2.png" srcset="https://assets.shop.loblaws.ca/products/21530775/b3/en/front/21530775_front_a06_@2.png 1x, https://assets.shop.loblaws.ca/products/21530775/b3/en/front/21530775_front_a06_@2.png 2x" loading="lazy" class="chakra-image css-oguq8l" aria-hidden="true"></div><div class="css-qoklea"><div class="css-12dchmx"></div><div data-testid="price-product-tile" class="css-8atqhb"><p class="chakra-text css-0"><span class="chakra-text css-pwnbcb" data-testid="regular-price"><span class="css-idkz9h">$9.99</span>$9.99</span></p></div><a href="/reignbow-sherbet/p/21530775_C04?source=nspt" class="chakra-linkbox__overlay css-1hnz6hu"><div class="css-0"><p class="chakra-text css-1ecdp9w" data-testid="product-brand">Reign</p><h3 class="chakra-heading css-6qrhwc" id="21530775_C04" data-testid="product-title">Reignbow Sherbet</h3><p class="chakra-text css-1yftjin" data-testid="product-package-size">4x473.0 ml, $0.53/100ml</p></div></a><div class="css-8keand"></div></div><div class="css-1q5omjq"><div class="css-fcebb8"><div data-testid="atc-compact" class="css-y94ivq" style="width: 45px;"><button type="button" class="chakra-button css-mudsm6" data-testid="atc-button"><svg stroke="currentColor" fill="currentColor" stroke-width="0" viewBox="0 0 24 24" focusable="false" class="chakra-icon css-1g3sp7a" data-testid="btn-icon" aria-hidden="true" height="1em" width="1em" xmlns="http://www.w3.org/2000/svg"><path d="M19 13h-6v6h-2v-6H5v-2h6V5h2v6h6v2z"></path></svg><span class="css-idkz9h">Add Reignbow Sherbet to cart</span></button></div></div></div></div></div></div><div class="css-0"><div class="css-f5i5wc"><div class="chakra-linkbox css-vhnn8v"><div data-testid="product-image" class="css-16dr4ly"><img alt="Monster Energy Ultra Gold 4x473.0 ml, $0.32/100ml" src="https://assets.shop.loblaws.ca/products/21438343/b3/en/front/21438343_front_a06_@2.png" srcset="https://assets.shop.loblaws.ca/products/21438343/b3/en/front/21438343_front_a06_@2.png 1x, https://assets.shop.loblaws.ca/products/21438343/b3/en/front/21438343_front_a06_@2.png 2x" loading="lazy" class="chakra-image css-oguq8l" aria-hidden="true"></div><div class="css-qoklea"><div class="css-12dchmx"></div><div data-testid="price-product-tile" class="css-8atqhb"><p class="chakra-text css-0"><span class="chakra-text css-pwnbcb" data-testid="regular-price"><span class="css-idkz9h">$5.99</span>$5.99</span></p></div><a href="/ultra-gold/p/21438343_C04?source=nspt" class="chakra-linkbox__overlay css-1hnz6hu"><div class="css-0"><p class="chakra-text css-1ecdp9w" data-testid="product-brand">Monster Energy</p><h3 class="chakra-heading css-6qrhwc" id="21438343_C04" data-testid="product-title">Ultra Gold</h3><p class="chakra-text css-1yftjin" data-testid="product-package-size">4x473.0 ml, $0.32/100ml</p></div></a><div class="css-8keand"></div></div><div class="css-1q5omjq"><div class="css-fcebb8"><div data-testid="atc-compact" class="css-y94ivq" style="width: 45px;"><button disabled="" type="button" class="chakra-button css-mudsm6" data-testid="atc-button"><svg stroke="currentColor" fill="currentColor" stroke-width="0" viewBox="0 0 24 24" focusable="false" class="chakra-icon css-1g3sp7a" data-testid="btn-icon" aria-hidden="true" height="1em" width="1em" xmlns="http://www.w3.org/2000/svg"><path d="M19 13h-6v6h-2v-6H5v-2h6V5h2v6h6v2z"></path></svg><span class="css-idkz9h">Add Ultra Gold to cart</span></button></div></div><div class="css-4saf4a"><p class="chakra-text css-py8788" data-testid="inventory-badge-text">Out of Stock</p></div></div></div></div></div><div class="css-0"><div class="css-f5i5wc"><div class="chakra-linkbox css-vhnn8v"><div data-testid="product-image" class="css-16dr4ly"><img alt="Monster Energy Pacific Punch 473 ml, $0.63/100ml" src="https://assets.shop.loblaws.ca/products/21193993/b3/en/front/21193993_front_a06_@2.png" srcset="https://assets.shop.loblaws.ca/products/21193993/b3/en/front/21193993_front_a06_@2.png 1x, https://assets.shop.loblaws.ca/products/21193993/b3/en/front/21193993_front_a06_@2.png 2x" loading="lazy" class="chakra-image css-oguq8l" aria-hidden="true"></div><div class="css-qoklea"><div class="css-12dchmx"></div><div data-testid="price-product-tile" class="css-8atqhb"><p class="chakra-text css-0"><span class="chakra-text css-pwnbcb" data-testid="regular-price"><span class="css-idkz9h">$3.00</span>$3.00</span></p></div><a href="/pacific-punch/p/21193993_EA?source=nspt" class="chakra-linkbox__overlay css-1hnz6hu"><div class="css-0"><p class="chakra-text css-1ecdp9w" data-testid="product-brand">Monster Energy</p><h3 class="chakra-heading css-6qrhwc" id="21193993_EA" data-testid="product-title">Pacific Punch</h3><p class="chakra-text css-1yftjin" data-testid="product-package-size">473 ml, $0.63/100ml</p></div></a><div class="css-8keand"></div></div><div class="css-1q5omjq"><div class="css-fcebb8"><div data-testid="atc-compact" class="css-y94ivq" style="width: 45px;"><button type="button" class="chakra-button css-mudsm6" data-testid="atc-button"><svg stroke="currentColor" fill="currentColor" stroke-width="0" viewBox="0 0 24 24" focusable="false" class="chakra-icon css-1g3sp7a" data-testid="btn-icon" aria-hidden="true" height="1em" width="1em" xmlns="http://www.w3.org/2000/svg"><path d="M19 13h-6v6h-2v-6H5v-2h6V5h2v6h6v2z"></path></svg><span class="css-idkz9h">Add Pacific Punch to cart</span></button></div></div></div></div></div></div><div class="css-0"><div class="css-f5i5wc"><div class="chakra-linkbox css-vhnn8v"><div data-testid="product-image" class="css-16dr4ly"><img alt="BodyArmor SuperDrink Strawberry Grape Bottle 473 ml, $0.63/100ml" src="https://assets.shop.loblaws.ca/products/21586684/b3/en/front/21586684_front_a06_@2.png" srcset="https://assets.shop.loblaws.ca/products/21586684/b3/en/front/21586684_front_a06_@2.png 1x, https://assets.shop.loblaws.ca/products/21586684/b3/en/front/21586684_front_a06_@2.png 2x" loading="lazy" class="chakra-image css-oguq8l" aria-hidden="true"></div><div class="css-qoklea"><div class="css-12dchmx"></div><div data-testid="price-product-tile" class="css-8atqhb"><p class="chakra-text css-0"><span class="chakra-text css-pwnbcb" data-testid="regular-price"><span class="css-idkz9h">$2.99</span>$2.99</span></p></div><a href="/superdrink-strawberry-grape-bottle/p/21586684_EA?source=nspt" class="chakra-linkbox__overlay css-1hnz6hu"><div class="css-0"><p class="chakra-text css-1ecdp9w" data-testid="product-brand">BodyArmor</p><h3 class="chakra-heading css-6qrhwc" id="21586684_EA" data-testid="product-title">SuperDrink Strawberry Grape Bottle</h3><p class="chakra-text css-1yftjin" data-testid="product-package-size">473 ml, $0.63/100ml</p></div></a><div class="css-8keand"></div></div><div class="css-1q5omjq"><div class="css-fcebb8"><div data-testid="atc-compact" class="css-y94ivq" style="width: 45px;"><button type="button" class="chakra-button css-mudsm6" data-testid="atc-button"><svg stroke="currentColor" fill="currentColor" stroke-width="0" viewBox="0 0 24 24" focusable="false" class="chakra-icon css-1g3sp7a" data-testid="btn-icon" aria-hidden="true" height="1em" width="1em" xmlns="http://www.w3.org/2000/svg"><path d="M19 13h-6v6h-2v-6H5v-2h6V5h2v6h6v2z"></path></svg><span class="css-idkz9h">Add SuperDrink Strawberry Grape Bottle to cart</span></button></div></div></div></div></div></div><div class="css-0"><div class="css-f5i5wc"><div class="chakra-linkbox css-vhnn8v"><div data-testid="product-image" class="css-16dr4ly"><img alt="Prime Hydration Hydration Drink Lemonade 500 ml, $0.60/100ml" src="https://assets.shop.loblaws.ca/products/21589302/b3/en/front/21589302_front_a06_@2.png" srcset="https://assets.shop.loblaws.ca/products/21589302/b3/en/front/21589302_front_a06_@2.png 1x, https://assets.shop.loblaws.ca/products/21589302/b3/en/front/21589302_front_a06_@2.png 2x" loading="lazy" class="chakra-image css-oguq8l" aria-hidden="true"></div><div class="css-qoklea"><div class="css-12dchmx"></div><div data-testid="price-product-tile" class="css-8atqhb"><p class="chakra-text css-0"><span class="chakra-text css-pwnbcb" data-testid="regular-price"><span class="css-idkz9h">$2.99</span>$2.99</span></p></div><a href="/hydration-drink-lemonade/p/21589302_EA?source=nspt" class="chakra-linkbox__overlay css-1hnz6hu"><div class="css-0"><p class="chakra-text css-1ecdp9w" data-testid="product-brand">Prime Hydration</p><h3 class="chakra-heading css-6qrhwc" id="21589302_EA" data-testid="product-title">Hydration Drink Lemonade</h3><p class="chakra-text css-1yftjin" data-testid="product-package-size">500 ml, $0.60/100ml</p></div></a><div class="css-8keand"></div></div><div class="css-1q5omjq"><div class="css-fcebb8"><div data-testid="atc-compact" class="css-y94ivq" style="width: 45px;"><button type="button" class="chakra-button css-mudsm6" data-testid="atc-button"><svg stroke="currentColor" fill="currentColor" stroke-width="0" viewBox="0 0 24 24" focusable="false" class="chakra-icon css-1g3sp7a" data-testid="btn-icon" aria-hidden="true" height="1em" width="1em" xmlns="http://www.w3.org/2000/svg"><path d="M19 13h-6v6h-2v-6H5v-2h6V5h2v6h6v2z"></path></svg><span class="css-idkz9h">Add Hydration Drink Lemonade to cart</span></button></div></div></div></div></div></div><div class="css-0"><div class="css-f5i5wc"><div class="chakra-linkbox css-vhnn8v"><div data-testid="product-image" class="css-16dr4ly"><img alt="Prime Hydration Hydration Drink Meta Moon 500 ml, $0.60/100ml" src="https://assets.shop.loblaws.ca/products/21562805/b3/en/front/21562805_front_a06_@2.png" srcset="https://assets.shop.loblaws.ca/products/21562805/b3/en/front/21562805_front_a06_@2.png 1x, https://assets.shop.loblaws.ca/products/21562805/b3/en/front/21562805_front_a06_@2.png 2x" loading="lazy" class="chakra-image css-oguq8l" aria-hidden="true"></div><div class="css-qoklea"><div class="css-12dchmx"></div><div data-testid="price-product-tile" class="css-8atqhb"><p class="chakra-text css-0"><span class="chakra-text css-pwnbcb" data-testid="regular-price"><span class="css-idkz9h">$2.99</span>$2.99</span></p></div><a href="/hydration-drink-meta-moon/p/21562805_EA?source=nspt" class="chakra-linkbox__overlay css-1hnz6hu"><div class="css-0"><p class="chakra-text css-1ecdp9w" data-testid="product-brand">Prime Hydration</p><h3 class="chakra-heading css-6qrhwc" id="21562805_EA" data-testid="product-title">Hydration Drink Meta Moon</h3><p class="chakra-text css-1yftjin" data-testid="product-package-size">500 ml, $0.60/100ml</p></div></a><div class="css-8keand"></div></div><div class="css-1q5omjq"><div class="css-fcebb8"><div data-testid="atc-compact" class="css-y94ivq" style="width: 45px;"><button type="button" class="chakra-button css-mudsm6" data-testid="atc-button"><svg stroke="currentColor" fill="currentColor" stroke-width="0" viewBox="0 0 24 24" focusable="false" class="chakra-icon css-1g3sp7a" data-testid="btn-icon" aria-hidden="true" height="1em" width="1em" xmlns="http://www.w3.org/2000/svg"><path d="M19 13h-6v6h-2v-6H5v-2h6V5h2v6h6v2z"></path></svg><span class="css-idkz9h">Add Hydration Drink Meta Moon to cart</span></button></div></div></div></div></div></div><div class="css-0"><div class="css-f5i5wc"><div class="chakra-linkbox css-vhnn8v"><div data-testid="product-image" class="css-16dr4ly"><img alt="Monster Energy Zero Ultra 4x473.0 ml, $0.53/100ml" src="https://assets.shop.loblaws.ca/products/20767535/b3/en/front/20767535_front_a06_@2.png" srcset="https://assets.shop.loblaws.ca/products/20767535/b3/en/front/20767535_front_a06_@2.png 1x, https://assets.shop.loblaws.ca/products/20767535/b3/en/front/20767535_front_a06_@2.png 2x" loading="lazy" class="chakra-image css-oguq8l" aria-hidden="true"></div><div class="css-qoklea"><div class="css-12dchmx"></div><div data-testid="price-product-tile" class="css-8atqhb"><p class="chakra-text css-0"><span class="chakra-text css-pwnbcb" data-testid="regular-price"><span class="css-idkz9h">$9.99</span>$9.99</span></p></div><a href="/zero-ultra/p/20767535_C04?source=nspt" class="chakra-linkbox__overlay css-1hnz6hu"><div class="css-0"><p class="chakra-text css-1ecdp9w" data-testid="product-brand">Monster Energy</p><h3 class="chakra-heading css-6qrhwc" id="20767535_C04" data-testid="product-title">Zero Ultra</h3><p class="chakra-text css-1yftjin" data-testid="product-package-size">4x473.0 ml, $0.53/100ml</p></div></a><div class="css-8keand"></div></div><div class="css-1q5omjq"><div class="css-fcebb8"><div data-testid="atc-compact" class="css-y94ivq" style="width: 45px;"><button type="button" class="chakra-button css-mudsm6" data-testid="atc-button"><svg stroke="currentColor" fill="currentColor" stroke-width="0" viewBox="0 0 24 24" focusable="false" class="chakra-icon css-1g3sp7a" data-testid="btn-icon" aria-hidden="true" height="1em" width="1em" xmlns="http://www.w3.org/2000/svg"><path d="M19 13h-6v6h-2v-6H5v-2h6V5h2v6h6v2z"></path></svg><span class="css-idkz9h">Add Zero Ultra to cart</span></button></div></div></div></div></div></div><div class="css-0"><div class="css-f5i5wc"><div class="chakra-linkbox css-vhnn8v"><div data-testid="product-image" class="css-16dr4ly"><img alt="Red Bull Energy Drink Blueberry 4x250.0 ml, $1.00/100ml" src="https://assets.shop.loblaws.ca/products/21229628/b3/en/front/21229628_front_a06_@2.png" srcset="https://assets.shop.loblaws.ca/products/21229628/b3/en/front/21229628_front_a06_@2.png 1x, https://assets.shop.loblaws.ca/products/21229628/b3/en/front/21229628_front_a06_@2.png 2x" loading="lazy" class="chakra-image css-oguq8l" aria-hidden="true"></div><div class="css-qoklea"><div class="css-12dchmx"></div><div data-testid="price-product-tile" class="css-8atqhb"><p class="chakra-text css-0"><span class="chakra-text css-pwnbcb" data-testid="regular-price"><span class="css-idkz9h">$9.99</span>$9.99</span></p></div><a href="/energy-drink-blueberry/p/21229628_C04?source=nspt" class="chakra-linkbox__overlay css-1hnz6hu"><div class="css-0"><p class="chakra-text css-1ecdp9w" data-testid="product-brand">Red Bull</p><h3 class="chakra-heading css-6qrhwc" id="21229628_C04" data-testid="product-title">Energy Drink Blueberry</h3><p class="chakra-text css-1yftjin" data-testid="product-package-size">4x250.0 ml, $1.00/100ml</p></div></a><div class="css-8keand"></div></div><div class="css-1q5omjq"><div class="css-fcebb8"><div data-testid="atc-compact" class="css-y94ivq" style="width: 45px;"><button type="button" class="chakra-button css-mudsm6" data-testid="atc-button"><svg stroke="currentColor" fill="currentColor" stroke-width="0" viewBox="0 0 24 24" focusable="false" class="chakra-icon css-1g3sp7a" data-testid="btn-icon" aria-hidden="true" height="1em" width="1em" xmlns="http://www.w3.org/2000/svg"><path d="M19 13h-6v6h-2v-6H5v-2h6V5h2v6h6v2z"></path></svg><span class="css-idkz9h">Add Energy Drink Blueberry to cart</span></button></div></div></div></div></div></div><div class="css-0"><div class="css-f5i5wc"><div class="chakra-linkbox css-vhnn8v"><div data-testid="product-image" class="css-16dr4ly"><img alt="BodyArmor SuperDrink Tropical Punch Bottle 473 ml, $0.63/100ml" src="https://assets.shop.loblaws.ca/products/21583481/b3/en/front/21583481_front_a06_@2.png" srcset="https://assets.shop.loblaws.ca/products/21583481/b3/en/front/21583481_front_a06_@2.png 1x, https://assets.shop.loblaws.ca/products/21583481/b3/en/front/21583481_front_a06_@2.png 2x" loading="lazy" class="chakra-image css-oguq8l" aria-hidden="true"></div><div class="css-qoklea"><div class="css-12dchmx"></div><div data-testid="price-product-tile" class="css-8atqhb"><p class="chakra-text css-0"><span class="chakra-text css-pwnbcb" data-testid="regular-price"><span class="css-idkz9h">$2.99</span>$2.99</span></p></div><a href="/superdrink-tropical-punch-bottle/p/21583481_EA?source=nspt" class="chakra-linkbox__overlay css-1hnz6hu"><div class="css-0"><p class="chakra-text css-1ecdp9w" data-testid="product-brand">BodyArmor</p><h3 class="chakra-heading css-6qrhwc" id="21583481_EA" data-testid="product-title">SuperDrink Tropical Punch Bottle</h3><p class="chakra-text css-1yftjin" data-testid="product-package-size">473 ml, $0.63/100ml</p></div></a><div class="css-8keand"></div></div><div class="css-1q5omjq"><div class="css-fcebb8"><div data-testid="atc-compact" class="css-y94ivq" style="width: 45px;"><button disabled="" type="button" class="chakra-button css-mudsm6" data-testid="atc-button"><svg stroke="currentColor" fill="currentColor" stroke-width="0" viewBox="0 0 24 24" focusable="false" class="chakra-icon css-1g3sp7a" data-testid="btn-icon" aria-hidden="true" height="1em" width="1em" xmlns="http://www.w3.org/2000/svg"><path d="M19 13h-6v6h-2v-6H5v-2h6V5h2v6h6v2z"></path></svg><span class="css-idkz9h">Add SuperDrink Tropical Punch Bottle to cart</span></button></div></div><div class="css-4saf4a"><p class="chakra-text css-py8788" data-testid="inventory-badge-text">Out of Stock</p></div></div></div></div></div><div class="css-0"><div class="css-f5i5wc"><div class="chakra-linkbox css-vhnn8v"><div data-testid="product-image" class="css-16dr4ly"><img alt="Gatorade G FIT Tropical Mango 6x500.0 ml, $0.27/100ml" src="https://assets.shop.loblaws.ca/products/21521747/b3/en/front/21521747_front_a06_@2.png" srcset="https://assets.shop.loblaws.ca/products/21521747/b3/en/front/21521747_front_a06_@2.png 1x, https://assets.shop.loblaws.ca/products/21521747/b3/en/front/21521747_front_a06_@2.png 2x" loading="lazy" class="chakra-image css-oguq8l" aria-hidden="true"></div><div class="css-qoklea"><div class="css-12dchmx"></div><div data-testid="price-product-tile" class="css-8atqhb"><p class="chakra-text css-0"><span class="chakra-text css-o93gbd" data-testid="sale-price"><span class="css-idkz9h">$7.99</span>$7.99</span><span class="chakra-text css-623q5h" data-testid="was-price"><span class="css-idkz9h">$10.49</span>$10.49</span></p><p class="chakra-text css-1m5a6y8" data-testid="price-descriptor">SAVE $2.50</p></div><a href="/g-fit-tropical-mango/p/21521747_C06?source=nspt" class="chakra-linkbox__overlay css-1hnz6hu"><div class="css-0"><p class="chakra-text css-1ecdp9w" data-testid="product-brand">Gatorade</p><h3 class="chakra-heading css-6qrhwc" id="21521747_C06" data-testid="product-title">G FIT Tropical Mango</h3><p class="chakra-text css-1yftjin" data-testid="product-package-size">6x500.0 ml, $0.27/100ml</p></div></a><div class="css-8keand"></div></div><div class="css-1q5omjq"><div class="css-fcebb8"><div data-testid="atc-compact" class="css-y94ivq" style="width: 45px;"><button type="button" class="chakra-button css-mudsm6" data-testid="atc-button"><svg stroke="currentColor" fill="currentColor" stroke-width="0" viewBox="0 0 24 24" focusable="false" class="chakra-icon css-1g3sp7a" data-testid="btn-icon" aria-hidden="true" height="1em" width="1em" xmlns="http://www.w3.org/2000/svg"><path d="M19 13h-6v6h-2v-6H5v-2h6V5h2v6h6v2z"></path></svg><span class="css-idkz9h">Add G FIT Tropical Mango to cart</span></button></div></div><div class="css-4saf4a"><p class="chakra-text css-py8788" data-testid="inventory-badge-text">Low Stock</p></div></div></div></div></div><div class="css-0"><div class="css-f5i5wc"><div class="chakra-linkbox css-vhnn8v"><div data-testid="product-image" class="css-16dr4ly"><img alt="Rubicon Sparkling Mango Beverage 355 ml, $0.56/100ml" src="https://assets.shop.loblaws.ca/products/21456790/b3/en/front/21456790_front_a06_@2.png" srcset="https://assets.shop.loblaws.ca/products/21456790/b3/en/front/21456790_front_a06_@2.png 1x, https://assets.shop.loblaws.ca/products/21456790/b3/en/front/21456790_front_a06_@2.png 2x" loading="lazy" class="chakra-image css-oguq8l" aria-hidden="true"></div><div class="css-qoklea"><div class="css-12dchmx"></div><div data-testid="price-product-tile" class="css-8atqhb"><p class="chakra-text css-0"><span class="chakra-text css-o93gbd" data-testid="sale-price"><span class="css-idkz9h">$2.00</span>$2.00</span><span class="chakra-text css-623q5h" data-testid="was-price"><span class="css-idkz9h">$2.29</span>$2.29</span></p><p class="chakra-text css-1m5a6y8" data-testid="price-descriptor">SAVE $0.29</p></div><a href="/sparkling-mango-beverage/p/21456790_EA?source=nspt" class="chakra-linkbox__overlay css-1hnz6hu"><div class="css-0"><p class="chakra-text css-1ecdp9w" data-testid="product-brand">Rubicon</p><h3 class="chakra-heading css-6qrhwc" id="21456790_EA" data-testid="product-title">Sparkling Mango Beverage</h3><p class="chakra-text css-1yftjin" data-testid="product-package-size">355 ml, $0.56/100ml</p></div></a><div class="css-8keand"></div></div><div class="css-1q5omjq"><div class="css-fcebb8"><div data-testid="atc-compact" class="css-y94ivq" style="width: 45px;"><button type="button" class="chakra-button css-mudsm6" data-testid="atc-button"><svg stroke="currentColor" fill="currentColor" stroke-width="0" viewBox="0 0 24 24" focusable="false" class="chakra-icon css-1g3sp7a" data-testid="btn-icon" aria-hidden="true" height="1em" width="1em" xmlns="http://www.w3.org/2000/svg"><path d="M19 13h-6v6h-2v-6H5v-2h6V5h2v6h6v2z"></path></svg><span class="css-idkz9h">Add Sparkling Mango Beverage to cart</span></button></div></div><div class="css-4saf4a"><p class="chakra-text css-py8788" data-testid="inventory-badge-text">Low Stock</p></div></div></div></div></div><div class="css-0"><div class="css-f5i5wc"><div class="chakra-linkbox css-vhnn8v"><div data-testid="product-image" class="css-16dr4ly"><img alt="NOS Original 473 ml, $0.63/100ml" src="https://assets.shop.loblaws.ca/products/20990649/b3/en/front/20990649_front_a06_@2.png" srcset="https://assets.shop.loblaws.ca/products/20990649/b3/en/front/20990649_front_a06_@2.png 1x, https://assets.shop.loblaws.ca/products/20990649/b3/en/front/20990649_front_a06_@2.png 2x" loading="lazy" class="chakra-image css-oguq8l" aria-hidden="true"></div><div class="css-qoklea"><div class="css-12dchmx"></div><div data-testid="price-product-tile" class="css-8atqhb"><p class="chakra-text css-0"><span class="chakra-text css-pwnbcb" data-testid="regular-price"><span class="css-idkz9h">$3.00</span>$3.00</span></p></div><a href="/original/p/20990649_EA?source=nspt" class="chakra-linkbox__overlay css-1hnz6hu"><div class="css-0"><p class="chakra-text css-1ecdp9w" data-testid="product-brand">NOS</p><h3 class="chakra-heading css-6qrhwc" id="20990649_EA" data-testid="product-title">Original</h3><p class="chakra-text css-1yftjin" data-testid="product-package-size">473 ml, $0.63/100ml</p></div></a><div class="css-8keand"></div></div><div class="css-1q5omjq"><div class="css-fcebb8"><div data-testid="atc-compact" class="css-y94ivq" style="width: 45px;"><button type="button" class="chakra-button css-mudsm6" data-testid="atc-button"><svg stroke="currentColor" fill="currentColor" stroke-width="0" viewBox="0 0 24 24" focusable="false" class="chakra-icon css-1g3sp7a" data-testid="btn-icon" aria-hidden="true" height="1em" width="1em" xmlns="http://www.w3.org/2000/svg"><path d="M19 13h-6v6h-2v-6H5v-2h6V5h2v6h6v2z"></path></svg><span class="css-idkz9h">Add Original to cart</span></button></div></div></div></div></div></div><div class="css-0"><div class="css-f5i5wc"><div class="chakra-linkbox css-vhnn8v"><div data-testid="product-image" class="css-16dr4ly"><img alt="Red Bull Energy Drink The Apricot Edition™ 4x250.0 ml, $1.00/100ml" src="https://assets.shop.loblaws.ca/products/21450543/b3/en/front/21450543_front_a06_@2.png" srcset="https://assets.shop.loblaws.ca/products/21450543/b3/en/front/21450543_front_a06_@2.png 1x, https://assets.shop.loblaws.ca/products/21450543/b3/en/front/21450543_front_a06_@2.png 2x" loading="lazy" class="chakra-image css-oguq8l" aria-hidden="true"></div><div class="css-qoklea"><div class="css-12dchmx"></div><div data-testid="price-product-tile" class="css-8atqhb"><p class="chakra-text css-0"><span class="chakra-text css-pwnbcb" data-testid="regular-price"><span class="css-idkz9h">$9.99</span>$9.99</span></p></div><a href="/energy-drink-the-apricot-edition/p/21450543_C04?source=nspt" class="chakra-linkbox__overlay css-1hnz6hu"><div class="css-0"><p class="chakra-text css-1ecdp9w" data-testid="product-brand">Red Bull</p><h3 class="chakra-heading css-6qrhwc" id="21450543_C04" data-testid="product-title">Energy Drink The Apricot Edition™</h3><p class="chakra-text css-1yftjin" data-testid="product-package-size">4x250.0 ml, $1.00/100ml</p></div></a><div class="css-8keand"></div></div><div class="css-1q5omjq"><div class="css-fcebb8"><div data-testid="atc-compact" class="css-y94ivq" style="width: 45px;"><button type="button" class="chakra-button css-mudsm6" data-testid="atc-button"><svg stroke="currentColor" fill="currentColor" stroke-width="0" viewBox="0 0 24 24" focusable="false" class="chakra-icon css-1g3sp7a" data-testid="btn-icon" aria-hidden="true" height="1em" width="1em" xmlns="http://www.w3.org/2000/svg"><path d="M19 13h-6v6h-2v-6H5v-2h6V5h2v6h6v2z"></path></svg><span class="css-idkz9h">Add Energy Drink The Apricot Edition™ to cart</span></button></div></div></div></div></div></div><div class="css-0"><div class="css-f5i5wc"><div class="chakra-linkbox css-vhnn8v"><div data-testid="product-image" class="css-16dr4ly"><img alt="Bang Blue Razz Energy Drink 473 ml, $0.74/100ml" src="https://assets.shop.loblaws.ca/products/21443802/b3/en/front/21443802_front_a06_@2.png" srcset="https://assets.shop.loblaws.ca/products/21443802/b3/en/front/21443802_front_a06_@2.png 1x, https://assets.shop.loblaws.ca/products/21443802/b3/en/front/21443802_front_a06_@2.png 2x" loading="lazy" class="chakra-image css-oguq8l" aria-hidden="true"></div><div class="css-qoklea"><div class="css-12dchmx"></div><div data-testid="price-product-tile" class="css-8atqhb"><p class="chakra-text css-0"><span class="chakra-text css-pwnbcb" data-testid="regular-price"><span class="css-idkz9h">$3.49</span>$3.49</span></p></div><a href="/blue-razz-energy-drink/p/21443802_EA?source=nspt" class="chakra-linkbox__overlay css-1hnz6hu"><div class="css-0"><p class="chakra-text css-1ecdp9w" data-testid="product-brand">Bang</p><h3 class="chakra-heading css-6qrhwc" id="21443802_EA" data-testid="product-title">Blue Razz Energy Drink</h3><p class="chakra-text css-1yftjin" data-testid="product-package-size">473 ml, $0.74/100ml</p></div></a><div class="css-8keand"></div></div><div class="css-1q5omjq"><div class="css-fcebb8"><div data-testid="atc-compact" class="css-y94ivq" style="width: 45px;"><button disabled="" type="button" class="chakra-button css-mudsm6" data-testid="atc-button"><svg stroke="currentColor" fill="currentColor" stroke-width="0" viewBox="0 0 24 24" focusable="false" class="chakra-icon css-1g3sp7a" data-testid="btn-icon" aria-hidden="true" height="1em" width="1em" xmlns="http://www.w3.org/2000/svg"><path d="M19 13h-6v6h-2v-6H5v-2h6V5h2v6h6v2z"></path></svg><span class="css-idkz9h">Add Blue Razz Energy Drink to cart</span></button></div></div><div class="css-4saf4a"><p class="chakra-text css-py8788" data-testid="inventory-badge-text">Out of Stock</p></div></div></div></div></div><div class="css-0"><div class="css-f5i5wc"><div class="chakra-linkbox css-vhnn8v"><div data-testid="product-image" class="css-16dr4ly"><img alt="Gatorade G FIT Watermelon Strawberry 6x500.0 ml, $0.27/100ml" src="https://assets.shop.loblaws.ca/products/21521751/b3/en/front/21521751_front_a06_@2.png" srcset="https://assets.shop.loblaws.ca/products/21521751/b3/en/front/21521751_front_a06_@2.png 1x, https://assets.shop.loblaws.ca/products/21521751/b3/en/front/21521751_front_a06_@2.png 2x" loading="lazy" class="chakra-image css-oguq8l" aria-hidden="true"></div><div class="css-qoklea"><div class="css-12dchmx"></div><div data-testid="price-product-tile" class="css-8atqhb"><p class="chakra-text css-0"><span class="chakra-text css-o93gbd" data-testid="sale-price"><span class="css-idkz9h">$7.99</span>$7.99</span><span class="chakra-text css-623q5h" data-testid="was-price"><span class="css-idkz9h">$10.49</span>$10.49</span></p><p class="chakra-text css-1m5a6y8" data-testid="price-descriptor">SAVE $2.50</p></div><a href="/g-fit-watermelon-strawberry/p/21521751_C06?source=nspt" class="chakra-linkbox__overlay css-1hnz6hu"><div class="css-0"><p class="chakra-text css-1ecdp9w" data-testid="product-brand">Gatorade</p><h3 class="chakra-heading css-6qrhwc" id="21521751_C06" data-testid="product-title">G FIT Watermelon Strawberry</h3><p class="chakra-text css-1yftjin" data-testid="product-package-size">6x500.0 ml, $0.27/100ml</p></div></a><div class="css-8keand"></div></div><div class="css-1q5omjq"><div class="css-fcebb8"><div data-testid="atc-compact" class="css-y94ivq" style="width: 45px;"><button type="button" class="chakra-button css-mudsm6" data-testid="atc-button"><svg stroke="currentColor" fill="currentColor" stroke-width="0" viewBox="0 0 24 24" focusable="false" class="chakra-icon css-1g3sp7a" data-testid="btn-icon" aria-hidden="true" height="1em" width="1em" xmlns="http://www.w3.org/2000/svg"><path d="M19 13h-6v6h-2v-6H5v-2h6V5h2v6h6v2z"></path></svg><span class="css-idkz9h">Add G FIT Watermelon Strawberry to cart</span></button></div></div></div></div></div></div><div class="css-0"><div class="css-f5i5wc"><div class="chakra-linkbox css-vhnn8v"><div data-testid="product-image" class="css-16dr4ly"><img alt="Red Bull The Winter Edition Energy Drink Fig-Apple 250 ml, $1.20/100ml" src="https://assets.shop.loblaws.ca/products/21547829/b3/en/front/21547829_front_a06_@2.png" srcset="https://assets.shop.loblaws.ca/products/21547829/b3/en/front/21547829_front_a06_@2.png 1x, https://assets.shop.loblaws.ca/products/21547829/b3/en/front/21547829_front_a06_@2.png 2x" loading="lazy" class="chakra-image css-oguq8l" aria-hidden="true"></div><div class="css-qoklea"><div class="css-12dchmx"></div><div data-testid="price-product-tile" class="css-8atqhb"><p class="chakra-text css-0"><span class="chakra-text css-pwnbcb" data-testid="regular-price"><span class="css-idkz9h">$3.00</span>$3.00</span></p></div><a href="/the-winter-edition-energy-drink-fig-apple/p/21547829_EA?source=nspt" class="chakra-linkbox__overlay css-1hnz6hu"><div class="css-0"><p class="chakra-text css-1ecdp9w" data-testid="product-brand">Red Bull</p><h3 class="chakra-heading css-6qrhwc" id="21547829_EA" data-testid="product-title">The Winter Edition Energy Drink Fig-Apple</h3><p class="chakra-text css-1yftjin" data-testid="product-package-size">250 ml, $1.20/100ml</p></div></a><div class="css-8keand"></div></div><div class="css-1q5omjq"><div class="css-fcebb8"><div data-testid="atc-compact" class="css-y94ivq" style="width: 45px;"><button disabled="" type="button" class="chakra-button css-mudsm6" data-testid="atc-button"><svg stroke="currentColor" fill="currentColor" stroke-width="0" viewBox="0 0 24 24" focusable="false" class="chakra-icon css-1g3sp7a" data-testid="btn-icon" aria-hidden="true" height="1em" width="1em" xmlns="http://www.w3.org/2000/svg"><path d="M19 13h-6v6h-2v-6H5v-2h6V5h2v6h6v2z"></path></svg><span class="css-idkz9h">Add The Winter Edition Energy Drink Fig-Apple to cart</span></button></div></div><div class="css-4saf4a"><p class="chakra-text css-py8788" data-testid="inventory-badge-text">Out of Stock</p></div></div></div></div></div><div class="css-0"><div class="css-f5i5wc"><div class="chakra-linkbox css-vhnn8v"><div data-testid="product-image" class="css-16dr4ly"><img alt="Bang Energy Drink Zero Sugar Purple Haze 473 ml, $0.74/100ml" src="https://assets.shop.loblaws.ca/products/21616863/b3/en/front/21616863_front_a06_@2.png" srcset="https://assets.shop.loblaws.ca/products/21616863/b3/en/front/21616863_front_a06_@2.png 1x, https://assets.shop.loblaws.ca/products/21616863/b3/en/front/21616863_front_a06_@2.png 2x" loading="lazy" class="chakra-image css-oguq8l" aria-hidden="true"></div><div class="css-qoklea"><div class="css-12dchmx"><div class="chakra-badge css-34x0wr" data-testid="product-badge"><div class="css-u4p24i">New</div></div></div><div data-testid="price-product-tile" class="css-8atqhb"><p class="chakra-text css-0"><span class="chakra-text css-pwnbcb" data-testid="regular-price"><span class="css-idkz9h">$3.49</span>$3.49</span></p></div><a href="/energy-drink-zero-sugar-purple-haze/p/21616863_EA?source=nspt" class="chakra-linkbox__overlay css-1hnz6hu"><div class="css-0"><p class="chakra-text css-1ecdp9w" data-testid="product-brand">Bang</p><h3 class="chakra-heading css-6qrhwc" id="21616863_EA" data-testid="product-title">Energy Drink Zero Sugar Purple Haze</h3><p class="chakra-text css-1yftjin" data-testid="product-package-size">473 ml, $0.74/100ml</p></div></a><div class="css-8keand"></div></div><div class="css-1q5omjq"><div class="css-fcebb8"><div data-testid="atc-compact" class="css-y94ivq" style="width: 45px;"><button disabled="" type="button" class="chakra-button css-mudsm6" data-testid="atc-button"><svg stroke="currentColor" fill="currentColor" stroke-width="0" viewBox="0 0 24 24" focusable="false" class="chakra-icon css-1g3sp7a" data-testid="btn-icon" aria-hidden="true" height="1em" width="1em" xmlns="http://www.w3.org/2000/svg"><path d="M19 13h-6v6h-2v-6H5v-2h6V5h2v6h6v2z"></path></svg><span class="css-idkz9h">Add Energy Drink Zero Sugar Purple Haze to cart</span></button></div></div><div class="css-4saf4a"><p class="chakra-text css-py8788" data-testid="inventory-badge-text">Out of Stock</p></div></div></div></div></div></div>