<div data-testid="product-grid" class="css-epcqr3"><div class="css-0"><div class="css-f5i5wc"><div class="chakra-linkbox css-vhnn8v"><div data-testid="product-image" class="css-16dr4ly"><img alt="Tropicana Pure Premium Orange Juice (Pulp Free) 2.63 l, $0.27/100ml" src="https://assets.shop.loblaws.ca/products/20119756001/b3/en/front/20119756001_front_a06_@2.png" srcset="https://assets.shop.loblaws.ca/products/20119756001/b3/en/front/20119756001_front_a06_@2.png 1x, https://assets.shop.loblaws.ca/products/20119756001/b3/en/front/20119756001_front_a06_@2.png 2x" loading="lazy" class="chakra-image css-oguq8l" aria-hidden="true"></div><div class="css-qoklea"><div class="css-12dchmx"></div><div data-testid="price-product-tile" class="css-8atqhb"><p class="chakra-text css-0"><span class="chakra-text css-pwnbcb" data-testid="regular-price"><span class="css-idkz9h">$6.99</span>$6.99</span></p></div><a href="/pure-premium-orange-juice-pulp-free/p/20119756001_EA?source=nspt" class="chakra-linkbox__overlay css-1hnz6hu"><div class="css-0"><p class="chakra-text css-1ecdp9w" data-testid="product-brand">Tropicana</p><h3 class="chakra-heading css-6qrhwc" id="20119756001_EA" data-testid="product-title">Pure Premium Orange Juice (Pulp Free)</h3><p class="chakra-text css-1yftjin" data-testid="product-package-size">2.63 l, $0.27/100ml</p></div></a><div class="css-8keand"></div></div><div class="css-1q5omjq"><div class="css-fcebb8"><div data-testid="atc-compact" class="css-y94ivq" style="width: 45px;"><button type="button" class="chakra-button css-mudsm6" data-testid="atc-button"><svg stroke="currentColor" fill="currentColor" stroke-width="0" viewBox="0 0 24 24" focusable="false" class="chakra-icon css-1g3sp7a" data-testid="btn-icon" aria-hidden="true" height="1em" width="1em" xmlns="http://www.w3.org/2000/svg"><path d="M19 13h-6v6h-2v-6H5v-2h6V5h2v6h6v2z"></path></svg><span class="css-idkz9h">Add Pure Premium Orange Juice (Pulp Free) to cart</span></button></div></div></div></div></div></div><div class="css-0"><div class="css-f5i5wc"><div class="chakra-linkbox css-vhnn8v"><div data-testid="product-image" class="css-16dr4ly"><img alt="President's Choice Pulp Free Orange Juice 2.5 l, $0.24/100ml" src="https://assets.shop.loblaws.ca/products/21531644/b3/en/front/21531644_front_a06_@2.png" srcset="https://assets.shop.loblaws.ca/products/21531644/b3/en/front/21531644_front_a06_@2.png 1x, https://assets.shop.loblaws.ca/products/21531644/b3/en/front/21531644_front_a06_@2.png 2x" loading="lazy" class="chakra-image css-oguq8l" aria-hidden="true"></div><div class="css-qoklea"><div class="css-12dchmx"></div><div data-testid="price-product-tile" class="css-8atqhb"><p class="chakra-text css-0"><span class="chakra-text css-pwnbcb" data-testid="regular-price"><span class="css-idkz9h">$5.99</span>$5.99</span></p></div><a href="/pulp-free-orange-juice/p/21531644_EA?source=nspt" class="chakra-linkbox__overlay css-1hnz6hu"><div class="css-0"><p class="chakra-text css-1ecdp9w" data-testid="product-brand">President's Choice</p><h3 class="chakra-heading css-6qrhwc" id="21531644_EA" data-testid="product-title">Pulp Free Orange Juice</h3><p class="chakra-text css-1yftjin" data-testid="product-package-size">2.5 l, $0.24/100ml</p></div></a><div class="css-8keand"></div></div><div class="css-1q5omjq"><div class="css-fcebb8"><div data-testid="atc-compact" class="css-y94ivq" style="width: 45px;"><button type="button" class="chakra-button css-mudsm6" data-testid="atc-button"><svg stroke="currentColor" fill="currentColor" stroke-width="0" viewBox="0 0 24 24" focusable="false" class="chakra-icon css-1g3sp7a" data-testid="btn-icon" aria-hidden="true" height="1em" width="1em" xmlns="http://www.w3.org/2000/svg"><path d="M19 13h-6v6h-2v-6H5v-2h6V5h2v6h6v2z"></path></svg><span class="css-idkz9h">Add Pulp Free Orange Juice to cart</span></button></div></div></div></div></div></div><div class="css-0"><div class="css-f5i5wc"><div class="chakra-linkbox css-vhnn8v"><div data-testid="product-image" class="css-16dr4ly"><img alt="Simply Pulp Free Orange Juice, Bottle 1.54 l, $0.31/100ml" src="https://assets.shop.loblaws.ca/products/21086068/b3/en/front/21086068_front_a06_@2.png" srcset="https://assets.shop.loblaws.ca/products/21086068/b3/en/front/21086068_front_a06_@2.png 1x, https://assets.shop.loblaws.ca/products/21086068/b3/en/front/21086068_front_a06_@2.png 2x" loading="lazy" class="chakra-image css-oguq8l" aria-hidden="true"></div><div class="css-qoklea"><div class="css-12dchmx"></div><div data-testid="price-product-tile" class="css-8atqhb"><p class="chakra-text css-0"><span class="chakra-text css-pwnbcb" data-testid="regular-price"><span class="css-idkz9h">$4.79</span>$4.79</span></p></div><a href="/pulp-free-orange-juice-bottle/p/21086068_EA?source=nspt" class="chakra-linkbox__overlay css-1hnz6hu"><div class="css-0"><p class="chakra-text css-1ecdp9w" data-testid="product-brand">Simply</p><h3 class="chakra-heading css-6qrhwc" id="21086068_EA" data-testid="product-title">Pulp Free Orange Juice, Bottle</h3><p class="chakra-text css-1yftjin" data-testid="product-package-size">1.54 l, $0.31/100ml</p></div></a><div class="css-8keand"></div></div><div class="css-1q5omjq"><div class="css-fcebb8"><div data-testid="atc-compact" class="css-y94ivq" style="width: 45px;"><button type="button" class="chakra-button css-mudsm6" data-testid="atc-button"><svg stroke="currentColor" fill="currentColor" stroke-width="0" viewBox="0 0 24 24" focusable="false" class="chakra-icon css-1g3sp7a" data-testid="btn-icon" aria-hidden="true" height="1em" width="1em" xmlns="http://www.w3.org/2000/svg"><path d="M19 13h-6v6h-2v-6H5v-2h6V5h2v6h6v2z"></path></svg><span class="css-idkz9h">Add Pulp Free Orange Juice, Bottle to cart</span></button></div></div></div></div></div></div><div class="css-0"><div class="css-f5i5wc"><div class="chakra-linkbox css-vhnn8v"><div data-testid="product-image" class="css-16dr4ly"><img alt="Mott's Clamato, Original 1.89 l, $0.23/100ml" src="https://assets.shop.loblaws.ca/products/20318955002/b3/en/front/20318955002_front_a06_@2.png" srcset="https://assets.shop.loblaws.ca/products/20318955002/b3/en/front/20318955002_front_a06_@2.png 1x, https://assets.shop.loblaws.ca/products/20318955002/b3/en/front/20318955002_front_a06_@2.png 2x" loading="lazy" class="chakra-image css-oguq8l" aria-hidden="true"></div><div class="css-qoklea"><div class="css-12dchmx"></div><div data-testid="price-product-tile" class="css-8atqhb"><p class="chakra-text css-0"><span class="chakra-text css-pwnbcb" data-testid="regular-price"><span class="css-idkz9h">$4.29</span>$4.29</span></p></div><a href="/clamato-original/p/20318955002_EA?source=nspt" class="chakra-linkbox__overlay css-1hnz6hu"><div class="css-0"><p class="chakra-text css-1ecdp9w" data-testid="product-brand">Mott's</p><h3 class="chakra-heading css-6qrhwc" id="20318955002_EA" data-testid="product-title">Clamato, Original</h3><p class="chakra-text css-1yftjin" data-testid="product-package-size">1.89 l, $0.23/100ml</p></div></a><div class="css-8keand"></div></div><div class="css-1q5omjq"><div class="css-fcebb8"><div data-testid="atc-compact" class="css-y94ivq" style="width: 45px;"><button type="button" class="chakra-button css-mudsm6" data-testid="atc-button"><svg stroke="currentColor" fill="currentColor" stroke-width="0" viewBox="0 0 24 24" focusable="false" class="chakra-icon css-1g3sp7a" data-testid="btn-icon" aria-hidden="true" height="1em" width="1em" xmlns="http://www.w3.org/2000/svg"><path d="M19 13h-6v6h-2v-6H5v-2h6V5h2v6h6v2z"></path></svg><span class="css-idkz9h">Add Clamato, Original to cart</span></button></div></div></div></div></div></div><div class="css-0"><div class="css-f5i5wc"><div class="chakra-linkbox css-vhnn8v"><div data-testid="product-image" class="css-16dr4ly"><img alt="President's Choice Pulp Free Orange Juice 1.54 l, $0.29/100ml" src="https://assets.shop.loblaws.ca/products/21430531/b3/en/front/21430531_front_a06_@2.png" srcset="https://assets.shop.loblaws.ca/products/21430531/b3/en/front/21430531_front_a06_@2.png 1x, https://assets.shop.loblaws.ca/products/21430531/b3/en/front/21430531_front_a06_@2.png 2x" loading="lazy" class="chakra-image css-oguq8l" aria-hidden="true"></div><div class="css-qoklea"><div class="css-12dchmx"></div><div data-testid="price-product-tile" class="css-8atqhb"><p class="chakra-text css-0"><span class="chakra-text css-pwnbcb" data-testid="regular-price"><span class="css-idkz9h">$4.49</span>$4.49</span></p></div><a href="/pulp-free-orange-juice/p/21430531_EA?source=nspt" class="chakra-linkbox__overlay css-1hnz6hu"><div class="css-0"><p class="chakra-text css-1ecdp9w" data-testid="product-brand">President's Choice</p><h3 class="chakra-heading css-6qrhwc" id="21430531_EA" data-testid="product-title">Pulp Free Orange Juice</h3><p class="chakra-text css-1yftjin" data-testid="product-package-size">1.54 l, $0.29/100ml</p></div></a><div class="css-8keand"></div></div><div class="css-1q5omjq"><div class="css-fcebb8"><div data-testid="atc-compact" class="css-y94ivq" style="width: 45px;"><button type="button" class="chakra-button css-mudsm6" data-testid="atc-button"><svg stroke="currentColor" fill="currentColor" stroke-width="0" viewBox="0 0 24 24" focusable="false" class="chakra-icon css-1g3sp7a" data-testid="btn-icon" aria-hidden="true" height="1em" width="1em" xmlns="http://www.w3.org/2000/svg"><path d="M19 13h-6v6h-2v-6H5v-2h6V5h2v6h6v2z"></path></svg><span class="css-idkz9h">Add Pulp Free Orange Juice to cart</span></button></div></div></div></div></div></div><div class="css-0"><div class="css-f5i5wc"><div class="chakra-linkbox css-vhnn8v"><div data-testid="product-image" class="css-16dr4ly"><img alt="President's Choice Orange Juice with Pulp 2.5 l, $0.24/100ml" src="https://assets.shop.loblaws.ca/products/21531646/b3/en/front/21531646_front_a06_@2.png" srcset="https://assets.shop.loblaws.ca/products/21531646/b3/en/front/21531646_front_a06_@2.png 1x, https://assets.shop.loblaws.ca/products/21531646/b3/en/front/21531646_front_a06_@2.png 2x" loading="lazy" class="chakra-image css-oguq8l" aria-hidden="true"></div><div class="css-qoklea"><div class="css-12dchmx"></div><div data-testid="price-product-tile" class="css-8atqhb"><p class="chakra-text css-0"><span class="chakra-text css-pwnbcb" data-testid="regular-price"><span class="css-idkz9h">$5.99</span>$5.99</span></p></div><a href="/orange-juice-with-pulp/p/21531646_EA?source=nspt" class="chakra-linkbox__overlay css-1hnz6hu"><div class="css-0"><p class="chakra-text css-1ecdp9w" data-testid="product-brand">President's Choice</p><h3 class="chakra-heading css-6qrhwc" id="21531646_EA" data-testid="product-title">Orange Juice with Pulp</h3><p class="chakra-text css-1yftjin" data-testid="product-package-size">2.5 l, $0.24/100ml</p></div></a><div class="css-8keand"></div></div><div class="css-1q5omjq"><div class="css-fcebb8"><div data-testid="atc-compact" class="css-y94ivq" style="width: 45px;"><button type="button" class="chakra-button css-mudsm6" data-testid="atc-button"><svg stroke="currentColor" fill="currentColor" stroke-width="0" viewBox="0 0 24 24" focusable="false" class="chakra-icon css-1g3sp7a" data-testid="btn-icon" aria-hidden="true" height="1em" width="1em" xmlns="http://www.w3.org/2000/svg"><path d="M19 13h-6v6h-2v-6H5v-2h6V5h2v6h6v2z"></path></svg><span class="css-idkz9h">Add Orange Juice with Pulp to cart</span></button></div></div></div></div></div></div><div class="css-0"><div class="css-f5i5wc"><div class="chakra-linkbox css-vhnn8v"><div data-testid="product-image" class="css-16dr4ly"><img alt="Tropicana Pure Premium Homestyle (Some Pulp) 2.63 l, $0.27/100ml" src="https://assets.shop.loblaws.ca/products/20119756003/b3/en/front/20119756003_front_a06_@2.png" srcset="https://assets.shop.loblaws.ca/products/20119756003/b3/en/front/20119756003_front_a06_@2.png 1x, https://assets.shop.loblaws.ca/products/20119756003/b3/en/front/20119756003_front_a06_@2.png 2x" loading="lazy" class="chakra-image css-oguq8l" aria-hidden="true"></div><div class="css-qoklea"><div class="css-12dchmx"></div><div data-testid="price-product-tile" class="css-8atqhb"><p class="chakra-text css-0"><span class="chakra-text css-pwnbcb" data-testid="regular-price"><span class="css-idkz9h">$6.99</span>$6.99</span></p></div><a href="/pure-premium-homestyle-some-pulp/p/20119756003_EA?source=nspt" class="chakra-linkbox__overlay css-1hnz6hu"><div class="css-0"><p class="chakra-text css-1ecdp9w" data-testid="product-brand">Tropicana</p><h3 class="chakra-heading css-6qrhwc" id="20119756003_EA" data-testid="product-title">Pure Premium Homestyle (Some Pulp)</h3><p class="chakra-text css-1yftjin" data-testid="product-package-size">2.63 l, $0.27/100ml</p></div></a><div class="css-8keand"></div></div><div class="css-1q5omjq"><div class="css-fcebb8"><div data-testid="atc-compact" class="css-y94ivq" style="width: 45px;"><button type="button" class="chakra-button css-mudsm6" data-testid="atc-button"><svg stroke="currentColor" fill="currentColor" stroke-width="0" viewBox="0 0 24 24" focusable="false" class="chakra-icon css-1g3sp7a" data-testid="btn-icon" aria-hidden="true" height="1em" width="1em" xmlns="http://www.w3.org/2000/svg"><path d="M19 13h-6v6h-2v-6H5v-2h6V5h2v6h6v2z"></path></svg><span class="css-idkz9h">Add Pure Premium Homestyle (Some Pulp) to cart</span></button></div></div></div></div></div></div><div class="css-0"><div class="css-f5i5wc"><div class="chakra-linkbox css-vhnn8v"><div data-testid="product-image" class="css-16dr4ly"><img alt="Starbucks Medium Roast Iced Coffee 1.42 l, $0.55/100ml" src="https://assets.shop.loblaws.ca/products/21215530/b3/en/front/21215530_front_a06_@2.png" srcset="https://assets.shop.loblaws.ca/products/21215530/b3/en/front/21215530_front_a06_@2.png 1x, https://assets.shop.loblaws.ca/products/21215530/b3/en/front/21215530_front_a06_@2.png 2x" loading="lazy" class="chakra-image css-oguq8l" aria-hidden="true"></div><div class="css-qoklea"><div class="css-12dchmx"></div><div data-testid="price-product-tile" class="css-8atqhb"><p class="chakra-text css-0"><span class="chakra-text css-pwnbcb" data-testid="regular-price"><span class="css-idkz9h">$7.79</span>$7.79</span></p></div><a href="/medium-roast-iced-coffee/p/21215530_EA?source=nspt" class="chakra-linkbox__overlay css-1hnz6hu"><div class="css-0"><p class="chakra-text css-1ecdp9w" data-testid="product-brand">Starbucks</p><h3 class="chakra-heading css-6qrhwc" id="21215530_EA" data-testid="product-title">Medium Roast Iced Coffee</h3><p class="chakra-text css-1yftjin" data-testid="product-package-size">1.42 l, $0.55/100ml</p></div></a><div class="css-8keand"></div></div><div class="css-1q5omjq"><div class="css-fcebb8"><div data-testid="atc-compact" class="css-y94ivq" style="width: 45px;"><button type="button" class="chakra-button css-mudsm6" data-testid="atc-button"><svg stroke="currentColor" fill="currentColor" stroke-width="0" viewBox="0 0 24 24" focusable="false" class="chakra-icon css-1g3sp7a" data-testid="btn-icon" aria-hidden="true" height="1em" width="1em" xmlns="http://www.w3.org/2000/svg"><path d="M19 13h-6v6h-2v-6H5v-2h6V5h2v6h6v2z"></path></svg><span class="css-idkz9h">Add Medium Roast Iced Coffee to cart</span></button></div></div></div></div></div></div><div class="css-0"><div class="css-f5i5wc"><div class="chakra-linkbox css-vhnn8v"><div data-testid="product-image" class="css-16dr4ly"><img alt="Simply with Pulp Orange Juice, Bottle 1.54 l, $0.31/100ml" src="https://assets.shop.loblaws.ca/products/21086085/b3/en/front/21086085_front_a06_@2.png" srcset="https://assets.shop.loblaws.ca/products/21086085/b3/en/front/21086085_front_a06_@2.png 1x, https://assets.shop.loblaws.ca/products/21086085/b3/en/front/21086085_front_a06_@2.png 2x" loading="lazy" class="chakra-image css-oguq8l" aria-hidden="true"></div><div class="css-qoklea"><div class="css-12dchmx"></div><div data-testid="price-product-tile" class="css-8atqhb"><p class="chakra-text css-0"><span class="chakra-text css-pwnbcb" data-testid="regular-price"><span class="css-idkz9h">$4.79</span>$4.79</span></p></div><a href="/with-pulp-orange-juice-bottle/p/21086085_EA?source=nspt" class="chakra-linkbox__overlay css-1hnz6hu"><div class="css-0"><p class="chakra-text css-1ecdp9w" data-testid="product-brand">Simply</p><h3 class="chakra-heading css-6qrhwc" id="21086085_EA" data-testid="product-title">with Pulp Orange Juice, Bottle</h3><p class="chakra-text css-1yftjin" data-testid="product-package-size">1.54 l, $0.31/100ml</p></div></a><div class="css-8keand"></div></div><div class="css-1q5omjq"><div class="css-fcebb8"><div data-testid="atc-compact" class="css-y94ivq" style="width: 45px;"><button type="button" class="chakra-button css-mudsm6" data-testid="atc-button"><svg stroke="currentColor" fill="currentColor" stroke-width="0" viewBox="0 0 24 24" focusable="false" class="chakra-icon css-1g3sp7a" data-testid="btn-icon" aria-hidden="true" height="1em" width="1em" xmlns="http://www.w3.org/2000/svg"><path d="M19 13h-6v6h-2v-6H5v-2h6V5h2v6h6v2z"></path></svg><span class="css-idkz9h">Add with Pulp Orange Juice, Bottle to cart</span></button></div></div></div></div></div></div><div class="css-0"><div class="css-f5i5wc"><div class="chakra-linkbox css-vhnn8v"><div data-testid="product-image" class="css-16dr4ly"><img alt="Starbucks Blonde Roast Iced Coffee 1.42 l, $0.55/100ml" src="https://assets.shop.loblaws.ca/products/21215527/b3/en/front/21215527_front_a06_@2.png" srcset="https://assets.shop.loblaws.ca/products/21215527/b3/en/front/21215527_front_a06_@2.png 1x, https://assets.shop.loblaws.ca/products/21215527/b3/en/front/21215527_front_a06_@2.png 2x" loading="lazy" class="chakra-image css-oguq8l" aria-hidden="true"></div><div class="css-qoklea"><div class="css-12dchmx"></div><div data-testid="price-product-tile" class="css-8atqhb"><p class="chakra-text css-0"><span class="chakra-text css-pwnbcb" data-testid="regular-price"><span class="css-idkz9h">$7.79</span>$7.79</span></p></div><a href="/blonde-roast-iced-coffee/p/21215527_EA?source=nspt" class="chakra-linkbox__overlay css-1hnz6hu"><div class="css-0"><p class="chakra-text css-1ecdp9w" data-testid="product-brand">Starbucks</p><h3 class="chakra-heading css-6qrhwc" id="21215527_EA" data-testid="product-title">Blonde Roast Iced Coffee</h3><p class="chakra-text css-1yftjin" data-testid="product-package-size">1.42 l, $0.55/100ml</p></div></a><div class="css-8keand"></div></div><div class="css-1q5omjq"><div class="css-fcebb8"><div data-testid="atc-compact" class="css-y94ivq" style="width: 45px;"><button type="button" class="chakra-button css-mudsm6" data-testid="atc-button"><svg stroke="currentColor" fill="currentColor" stroke-width="0" viewBox="0 0 24 24" focusable="false" class="chakra-icon css-1g3sp7a" data-testid="btn-icon" aria-hidden="true" height="1em" width="1em" xmlns="http://www.w3.org/2000/svg"><path d="M19 13h-6v6h-2v-6H5v-2h6V5h2v6h6v2z"></path></svg><span class="css-idkz9h">Add Blonde Roast Iced Coffee to cart</span></button></div></div></div></div></div></div><div class="css-0"><div class="css-f5i5wc"><div class="chakra-linkbox css-vhnn8v"><div data-testid="product-image" class="css-16dr4ly"><img alt="No Name Apple Juice from Concentrate 1 l, $0.15/100ml" src="https://assets.shop.loblaws.ca/products/20087458/b3/en/front/20087458_front_a06_@2.png" srcset="https://assets.shop.loblaws.ca/products/20087458/b3/en/front/20087458_front_a06_@2.png 1x, https://assets.shop.loblaws.ca/products/20087458/b3/en/front/20087458_front_a06_@2.png 2x" loading="lazy" class="chakra-image css-oguq8l" aria-hidden="true"></div><div class="css-qoklea"><div class="css-12dchmx"></div><div data-testid="price-product-tile" class="css-8atqhb"><p class="chakra-text css-0"><span class="chakra-text css-pwnbcb" data-testid="regular-price"><span class="css-idkz9h">$1.49</span>$1.49</span></p></div><a href="/apple-juice-from-concentrate/p/20087458_EA?source=nspt" class="chakra-linkbox__overlay css-1hnz6hu"><div class="css-0"><p class="chakra-text css-1ecdp9w" data-testid="product-brand">No Name</p><h3 class="chakra-heading css-6qrhwc" id="20087458_EA" data-testid="product-title">Apple Juice from Concentrate</h3><p class="chakra-text css-1yftjin" data-testid="product-package-size">1 l, $0.15/100ml</p></div></a><div class="css-8keand"></div></div><div class="css-1q5omjq"><div class="css-fcebb8"><div data-testid="atc-compact" class="css-y94ivq" style="width: 45px;"><button type="button" class="chakra-button css-mudsm6" data-testid="atc-button"><svg stroke="currentColor" fill="currentColor" stroke-width="0" viewBox="0 0 24 24" focusable="false" class="chakra-icon css-1g3sp7a" data-testid="btn-icon" aria-hidden="true" height="1em" width="1em" xmlns="http://www.w3.org/2000/svg"><path d="M19 13h-6v6h-2v-6H5v-2h6V5h2v6h6v2z"></path></svg><span class="css-idkz9h">Add Apple Juice from Concentrate to cart</span></button></div></div></div></div></div></div><div class="css-0"><div class="css-f5i5wc"><div class="chakra-linkbox css-vhnn8v"><div data-testid="product-image" class="css-16dr4ly"><img alt="Del Monte Mango Nectar 960 ml, $0.16/100ml" src="https://assets.shop.loblaws.ca/products/20894117004/b3/en/front/20894117004_front_a06_@2.png" srcset="https://assets.shop.loblaws.ca/products/20894117004/b3/en/front/20894117004_front_a06_@2.png 1x, https://assets.shop.loblaws.ca/products/20894117004/b3/en/front/20894117004_front_a06_@2.png 2x" loading="lazy" class="chakra-image css-oguq8l" aria-hidden="true"></div><div class="css-qoklea"><div class="css-12dchmx"></div><div data-testid="price-product-tile" class="css-8atqhb"><p class="chakra-text css-0"><span class="chakra-text css-o93gbd" data-testid="sale-price"><span class="css-idkz9h">$1.49</span>$1.49</span><span class="chakra-text css-623q5h" data-testid="was-price"><span class="css-idkz9h">$1.99</span>$1.99</span></p><p class="chakra-text css-1m5a6y8" data-testid="price-descriptor">SAVE $0.50</p></div><a href="/mango-nectar/p/20894117004_EA?source=nspt" class="chakra-linkbox__overlay css-1hnz6hu"><div class="css-0"><p class="chakra-text css-1ecdp9w" data-testid="product-brand">Del Monte</p><h3 class="chakra-heading css-6qrhwc" id="20894117004_EA" data-testid="product-title">Mango Nectar</h3><p class="chakra-text css-1yftjin" data-testid="product-package-size">960 ml, $0.16/100ml</p></div></a><div class="css-8keand"></div></div><div class="css-1q5omjq"><div class="css-fcebb8"><div data-testid="atc-compact" class="css-y94ivq" style="width: 45px;"><button type="button" class="chakra-button css-mudsm6" data-testid="atc-button"><svg stroke="currentColor" fill="currentColor" stroke-width="0" viewBox="0 0 24 24" focusable="false" class="chakra-icon css-1g3sp7a" data-testid="btn-icon" aria-hidden="true" height="1em" width="1em" xmlns="http://www.w3.org/2000/svg"><path d="M19 13h-6v6h-2v-6H5v-2h6V5h2v6h6v2z"></path></svg><span class="css-idkz9h">Add Mango Nectar to cart</span></button></div></div></div></div></div></div><div class="css-0"><div class="css-f5i5wc"><div class="chakra-linkbox css-vhnn8v"><div data-testid="product-image" class="css-16dr4ly"><img alt="Simply Lemonade, Bottle 1.54 l, $0.29/100ml" src="https://assets.shop.loblaws.ca/products/21170793/b3/en/front/21170793_front_a06_@2.png" srcset="https://assets.shop.loblaws.ca/products/21170793/b3/en/front/21170793_front_a06_@2.png 1x, https://assets.shop.loblaws.ca/products/21170793/b3/en/front/21170793_front_a06_@2.png 2x" loading="lazy" class="chakra-image css-oguq8l" aria-hidden="true"></div><div class="css-qoklea"><div class="css-12dchmx"></div><div data-testid="price-product-tile" class="css-8atqhb"><p class="chakra-text css-0"><span class="chakra-text css-pwnbcb" data-testid="regular-price"><span class="css-idkz9h">$4.49</span>$4.49</span></p></div><a href="/lemonade-bottle/p/21170793_EA?source=nspt" class="chakra-linkbox__overlay css-1hnz6hu"><div class="css-0"><p class="chakra-text css-1ecdp9w" data-testid="product-brand">Simply</p><h3 class="chakra-heading css-6qrhwc" id="21170793_EA" data-testid="product-title">Lemonade, Bottle</h3><p class="chakra-text css-1yftjin" data-testid="product-package-size">1.54 l, $0.29/100ml</p></div></a><div class="css-8keand"></div></div><div class="css-1q5omjq"><div class="css-fcebb8"><div data-testid="atc-compact" class="css-y94ivq" style="width: 45px;"><button type="button" class="chakra-button css-mudsm6" data-testid="atc-button"><svg stroke="currentColor" fill="currentColor" stroke-width="0" viewBox="0 0 24 24" focusable="false" class="chakra-icon css-1g3sp7a" data-testid="btn-icon" aria-hidden="true" height="1em" width="1em" xmlns="http://www.w3.org/2000/svg"><path d="M19 13h-6v6h-2v-6H5v-2h6V5h2v6h6v2z"></path></svg><span class="css-idkz9h">Add Lemonade, Bottle to cart</span></button></div></div></div></div></div></div><div class="css-0"><div class="css-f5i5wc"><div class="chakra-linkbox css-vhnn8v"><div data-testid="product-image" class="css-16dr4ly"><img alt="Simply Orange Juice Pulp Free 2.63 l, $0.26/100ml" src="https://assets.shop.loblaws.ca/products/21592119/b3/en/front/21592119_front_a06_@2.png" srcset="https://assets.shop.loblaws.ca/products/21592119/b3/en/front/21592119_front_a06_@2.png 1x, https://assets.shop.loblaws.ca/products/21592119/b3/en/front/21592119_front_a06_@2.png 2x" loading="lazy" class="chakra-image css-oguq8l" aria-hidden="true"></div><div class="css-qoklea"><div class="css-12dchmx"></div><div data-testid="price-product-tile" class="css-8atqhb"><p class="chakra-text css-0"><span class="chakra-text css-o93gbd" data-testid="sale-price"><span class="css-idkz9h">$6.79</span>$6.79</span><span class="chakra-text css-623q5h" data-testid="was-price"><span class="css-idkz9h">$7.49</span>$7.49</span></p><p class="chakra-text css-1m5a6y8" data-testid="price-descriptor">SAVE $0.70</p></div><a href="/orange-juice-pulp-free/p/21592119_EA?source=nspt" class="chakra-linkbox__overlay css-1hnz6hu"><div class="css-0"><p class="chakra-text css-1ecdp9w" data-testid="product-brand">Simply</p><h3 class="chakra-heading css-6qrhwc" id="21592119_EA" data-testid="product-title">Orange Juice Pulp Free</h3><p class="chakra-text css-1yftjin" data-testid="product-package-size">2.63 l, $0.26/100ml</p></div></a><div class="css-8keand"></div></div><div class="css-1q5omjq"><div class="css-fcebb8"><div data-testid="atc-compact" class="css-y94ivq" style="width: 45px;"><button type="button" class="chakra-button css-mudsm6" data-testid="atc-button"><svg stroke="currentColor" fill="currentColor" stroke-width="0" viewBox="0 0 24 24" focusable="false" class="chakra-icon css-1g3sp7a" data-testid="btn-icon" aria-hidden="true" height="1em" width="1em" xmlns="http://www.w3.org/2000/svg"><path d="M19 13h-6v6h-2v-6H5v-2h6V5h2v6h6v2z"></path></svg><span class="css-idkz9h">Add Orange Juice Pulp Free to cart</span></button></div></div></div></div></div></div><div class="css-0"><div class="css-f5i5wc"><div class="chakra-linkbox css-vhnn8v"><div data-testid="product-image" class="css-16dr4ly"><img alt="Fruitopia Strawberry Passion Awareness Fruit Beverage 1.75 l, $0.14/100ml" src="https://assets.shop.loblaws.ca/products/20347440001/b3/en/front/20347440001_front_a06_@2.png" srcset="https://assets.shop.loblaws.ca/products/20347440001/b3/en/front/20347440001_front_a06_@2.png 1x, https://assets.shop.loblaws.ca/products/20347440001/b3/en/front/20347440001_front_a06_@2.png 2x" loading="lazy" class="chakra-image css-oguq8l" aria-hidden="true"></div><div class="css-qoklea"><div class="css-12dchmx"></div><div data-testid="price-product-tile" class="css-8atqhb"><p class="chakra-text css-0"><span class="chakra-text css-pwnbcb" data-testid="regular-price"><span class="css-idkz9h">$2.49</span>$2.49</span></p></div><a href="/strawberry-passion-awareness-fruit-beverage/p/20347440001_EA?source=nspt" class="chakra-linkbox__overlay css-1hnz6hu"><div class="css-0"><p class="chakra-text css-1ecdp9w" data-testid="product-brand">Fruitopia</p><h3 class="chakra-heading css-6qrhwc" id="20347440001_EA" data-testid="product-title">Strawberry Passion Awareness Fruit Beverage</h3><p class="chakra-text css-1yftjin" data-testid="product-package-size">1.75 l, $0.14/100ml</p></div></a><div class="css-8keand"><p class="chakra-text css-wytexo" data-testid="product-pco-badge">500 PC Optimum Points</p></div></div><div class="css-1q5omjq"><div class="css-fcebb8"><div data-testid="atc-compact" class="css-y94ivq" style="width: 45px;"><button type="button" class="chakra-button css-mudsm6" data-testid="atc-button"><svg stroke="currentColor" fill="currentColor" stroke-width="0" viewBox="0 0 24 24" focusable="false" class="chakra-icon css-1g3sp7a" data-testid="btn-icon" aria-hidden="true" height="1em" width="1em" xmlns="http://www.w3.org/2000/svg"><path d="M19 13h-6v6h-2v-6H5v-2h6V5h2v6h6v2z"></path></svg><span class="css-idkz9h">Add Strawberry Passion Awareness Fruit Beverage to cart</span></button></div></div></div></div></div></div><div class="css-0"><div class="css-f5i5wc"><div class="chakra-linkbox css-vhnn8v"><div data-testid="product-image" class="css-16dr4ly"><img alt="Del Monte Pineapple Nectar 960 ml, $0.16/100ml" src="https://assets.shop.loblaws.ca/products/21009822/b3/en/front/21009822_front_a06_@2.png" srcset="https://assets.shop.loblaws.ca/products/21009822/b3/en/front/21009822_front_a06_@2.png 1x, https://assets.shop.loblaws.ca/products/21009822/b3/en/front/21009822_front_a06_@2.png 2x" loading="lazy" class="chakra-image css-oguq8l" aria-hidden="true"></div><div class="css-qoklea"><div class="css-12dchmx"></div><div data-testid="price-product-tile" class="css-8atqhb"><p class="chakra-text css-0"><span class="chakra-text css-o93gbd" data-testid="sale-price"><span class="css-idkz9h">$1.49</span>$1.49</span><span class="chakra-text css-623q5h" data-testid="was-price"><span class="css-idkz9h">$1.99</span>$1.99</span></p><p class="chakra-text css-1m5a6y8" data-testid="price-descriptor">SAVE $0.50</p></div><a href="/pineapple-nectar/p/21009822_EA?source=nspt" class="chakra-linkbox__overlay css-1hnz6hu"><div class="css-0"><p class="chakra-text css-1ecdp9w" data-testid="product-brand">Del Monte</p><h3 class="chakra-heading css-6qrhwc" id="21009822_EA" data-testid="product-title">Pineapple Nectar</h3><p class="chakra-text css-1yftjin" data-testid="product-package-size">960 ml, $0.16/100ml</p></div></a><div class="css-8keand"></div></div><div class="css-1q5omjq"><div class="css-fcebb8"><div data-testid="atc-compact" class="css-y94ivq" style="width: 45px;"><button type="button" class="chakra-button css-mudsm6" data-testid="atc-button"><svg stroke="currentColor" fill="currentColor" stroke-width="0" viewBox="0 0 24 24" focusable="false" class="chakra-icon css-1g3sp7a" data-testid="btn-icon" aria-hidden="true" height="1em" width="1em" xmlns="http://www.w3.org/2000/svg"><path d="M19 13h-6v6h-2v-6H5v-2h6V5h2v6h6v2z"></path></svg><span class="css-idkz9h">Add Pineapple Nectar to cart</span></button></div></div></div></div></div></div><div class="css-0"><div class="css-f5i5wc"><div class="chakra-linkbox css-vhnn8v"><div data-testid="product-image" class="css-16dr4ly"><img alt="Allen's Pure Apple Juice Low Acid 1 l, $0.15/100ml" src="https://assets.shop.loblaws.ca/products/20307424001/b3/en/front/20307424001_front_a06_@2.png" srcset="https://assets.shop.loblaws.ca/products/20307424001/b3/en/front/20307424001_front_a06_@2.png 1x, https://assets.shop.loblaws.ca/products/20307424001/b3/en/front/20307424001_front_a06_@2.png 2x" loading="lazy" class="chakra-image css-oguq8l" aria-hidden="true"></div><div class="css-qoklea"><div class="css-12dchmx"></div><div data-testid="price-product-tile" class="css-8atqhb"><p class="chakra-text css-0"><span class="chakra-text css-pwnbcb" data-testid="regular-price"><span class="css-idkz9h">$1.49</span>$1.49</span></p></div><a href="/pure-apple-juice-low-acid/p/20307424001_EA?source=nspt" class="chakra-linkbox__overlay css-1hnz6hu"><div class="css-0"><p class="chakra-text css-1ecdp9w" data-testid="product-brand">Allen's</p><h3 class="chakra-heading css-6qrhwc" id="20307424001_EA" data-testid="product-title">Pure Apple Juice Low Acid</h3><p class="chakra-text css-1yftjin" data-testid="product-package-size">1 l, $0.15/100ml</p></div></a><div class="css-8keand"></div></div><div class="css-1q5omjq"><div class="css-fcebb8"><div data-testid="atc-compact" class="css-y94ivq" style="width: 45px;"><button type="button" class="chakra-button css-mudsm6" data-testid="atc-button"><svg stroke="currentColor" fill="currentColor" stroke-width="0" viewBox="0 0 24 24" focusable="false" class="chakra-icon css-1g3sp7a" data-testid="btn-icon" aria-hidden="true" height="1em" width="1em" xmlns="http://www.w3.org/2000/svg"><path d="M19 13h-6v6h-2v-6H5v-2h6V5h2v6h6v2z"></path></svg><span class="css-idkz9h">Add Pure Apple Juice Low Acid to cart</span></button></div></div></div></div></div></div><div class="css-0"><div class="css-f5i5wc"><div class="chakra-linkbox css-vhnn8v"><div data-testid="product-image" class="css-16dr4ly"><img alt="Simply Lemonade With Raspberry, Bottle 1.54 l, $0.29/100ml" src="https://assets.shop.loblaws.ca/products/21170784/b3/en/front/21170784_front_a06_@2.png" srcset="https://assets.shop.loblaws.ca/products/21170784/b3/en/front/21170784_front_a06_@2.png 1x, https://assets.shop.loblaws.ca/products/21170784/b3/en/front/21170784_front_a06_@2.png 2x" loading="lazy" class="chakra-image css-oguq8l" aria-hidden="true"></div><div class="css-qoklea"><div class="css-12dchmx"></div><div data-testid="price-product-tile" class="css-8atqhb"><p class="chakra-text css-0"><span class="chakra-text css-pwnbcb" data-testid="regular-price"><span class="css-idkz9h">$4.49</span>$4.49</span></p></div><a href="/lemonade-with-raspberry-bottle/p/21170784_EA?source=nspt" class="chakra-linkbox__overlay css-1hnz6hu"><div class="css-0"><p class="chakra-text css-1ecdp9w" data-testid="product-brand">Simply</p><h3 class="chakra-heading css-6qrhwc" id="21170784_EA" data-testid="product-title">Lemonade With Raspberry, Bottle</h3><p class="chakra-text css-1yftjin" data-testid="product-package-size">1.54 l, $0.29/100ml</p></div></a><div class="css-8keand"></div></div><div class="css-1q5omjq"><div class="css-fcebb8"><div data-testid="atc-compact" class="css-y94ivq" style="width: 45px;"><button type="button" class="chakra-button css-mudsm6" data-testid="atc-button"><svg stroke="currentColor" fill="currentColor" stroke-width="0" viewBox="0 0 24 24" focusable="false" class="chakra-icon css-1g3sp7a" data-testid="btn-icon" aria-hidden="true" height="1em" width="1em" xmlns="http://www.w3.org/2000/svg"><path d="M19 13h-6v6h-2v-6H5v-2h6V5h2v6h6v2z"></path></svg><span class="css-idkz9h">Add Lemonade With Raspberry, Bottle to cart</span></button></div></div></div></div></div></div><div class="css-0"><div class="css-f5i5wc"><div class="chakra-linkbox css-vhnn8v"><div data-testid="product-image" class="css-16dr4ly"><img alt="Ocean Spray Cranberry Cocktail 1.89 l, $0.24/100ml" src="https://assets.shop.loblaws.ca/products/20300006008/b3/en/front/20300006008_front_a06_@2.png" srcset="https://assets.shop.loblaws.ca/products/20300006008/b3/en/front/20300006008_front_a06_@2.png 1x, https://assets.shop.loblaws.ca/products/20300006008/b3/en/front/20300006008_front_a06_@2.png 2x" loading="lazy" class="chakra-image css-oguq8l" aria-hidden="true"></div><div class="css-qoklea"><div class="css-12dchmx"></div><div data-testid="price-product-tile" class="css-8atqhb"><p class="chakra-text css-0"><span class="chakra-text css-pwnbcb" data-testid="regular-price"><span class="css-idkz9h">$4.49</span>$4.49</span></p></div><a href="/cranberry-cocktail/p/20300006008_EA?source=nspt" class="chakra-linkbox__overlay css-1hnz6hu"><div class="css-0"><p class="chakra-text css-1ecdp9w" data-testid="product-brand">Ocean Spray</p><h3 class="chakra-heading css-6qrhwc" id="20300006008_EA" data-testid="product-title">Cranberry Cocktail</h3><p class="chakra-text css-1yftjin" data-testid="product-package-size">1.89 l, $0.24/100ml</p></div></a><div class="css-8keand"></div></div><div class="css-1q5omjq"><div class="css-fcebb8"><div data-testid="atc-compact" class="css-y94ivq" style="width: 45px;"><button type="button" class="chakra-button css-mudsm6" data-testid="atc-button"><svg stroke="currentColor" fill="currentColor" stroke-width="0" viewBox="0 0 24 24" focusable="false" class="chakra-icon css-1g3sp7a" data-testid="btn-icon" aria-hidden="true" height="1em" width="1em" xmlns="http://www.w3.org/2000/svg"><path d="M19 13h-6v6h-2v-6H5v-2h6V5h2v6h6v2z"></path></svg><span class="css-idkz9h">Add Cranberry Cocktail to cart</span></button></div></div></div></div></div></div><div class="css-0"><div class="css-f5i5wc"><div class="chakra-linkbox css-vhnn8v"><div data-testid="product-image" class="css-16dr4ly"><img alt="President's Choice Original Lemonade 1.89 l, $0.17/100ml" src="https://assets.shop.loblaws.ca/products/20773870001/b3/en/front/20773870001_front_a06_@2.png" srcset="https://assets.shop.loblaws.ca/products/20773870001/b3/en/front/20773870001_front_a06_@2.png 1x, https://assets.shop.loblaws.ca/products/20773870001/b3/en/front/20773870001_front_a06_@2.png 2x" loading="lazy" class="chakra-image css-oguq8l" aria-hidden="true"></div><div class="css-qoklea"><div class="css-12dchmx"></div><div data-testid="price-product-tile" class="css-8atqhb"><p class="chakra-text css-0"><span class="chakra-text css-pwnbcb" data-testid="regular-price"><span class="css-idkz9h">$3.29</span>$3.29</span></p></div><a href="/original-lemonade/p/20773870001_EA?source=nspt" class="chakra-linkbox__overlay css-1hnz6hu"><div class="css-0"><p class="chakra-text css-1ecdp9w" data-testid="product-brand">President's Choice</p><h3 class="chakra-heading css-6qrhwc" id="20773870001_EA" data-testid="product-title">Original Lemonade</h3><p class="chakra-text css-1yftjin" data-testid="product-package-size">1.89 l, $0.17/100ml</p></div></a><div class="css-8keand"></div></div><div class="css-1q5omjq"><div class="css-fcebb8"><div data-testid="atc-compact" class="css-y94ivq" style="width: 45px;"><button type="button" class="chakra-button css-mudsm6" data-testid="atc-button"><svg stroke="currentColor" fill="currentColor" stroke-width="0" viewBox="0 0 24 24" focusable="false" class="chakra-icon css-1g3sp7a" data-testid="btn-icon" aria-hidden="true" height="1em" width="1em" xmlns="http://www.w3.org/2000/svg"><path d="M19 13h-6v6h-2v-6H5v-2h6V5h2v6h6v2z"></path></svg><span class="css-idkz9h">Add Original Lemonade to cart</span></button></div></div></div></div></div></div><div class="css-0"><div class="css-f5i5wc"><div class="chakra-linkbox css-vhnn8v"><div data-testid="product-image" class="css-16dr4ly"><img alt="PC Blue Menu Blue Menu Pulp Free Orange Juice 2.5 l, $0.24/100ml" src="https://assets.shop.loblaws.ca/products/21531649/b3/en/front/21531649_front_a06_@2.png" srcset="https://assets.shop.loblaws.ca/products/21531649/b3/en/front/21531649_front_a06_@2.png 1x, https://assets.shop.loblaws.ca/products/21531649/b3/en/front/21531649_front_a06_@2.png 2x" loading="lazy" class="chakra-image css-oguq8l" aria-hidden="true"></div><div class="css-qoklea"><div class="css-12dchmx"></div><div data-testid="price-product-tile" class="css-8atqhb"><p class="chakra-text css-0"><span class="chakra-text css-pwnbcb" data-testid="regular-price"><span class="css-idkz9h">$5.99</span>$5.99</span></p></div><a href="/blue-menu-pulp-free-orange-juice/p/21531649_EA?source=nspt" class="chakra-linkbox__overlay css-1hnz6hu"><div class="css-0"><p class="chakra-text css-1ecdp9w" data-testid="product-brand">PC Blue Menu</p><h3 class="chakra-heading css-6qrhwc" id="21531649_EA" data-testid="product-title">Blue Menu Pulp Free Orange Juice</h3><p class="chakra-text css-1yftjin" data-testid="product-package-size">2.5 l, $0.24/100ml</p></div></a><div class="css-8keand"></div></div><div class="css-1q5omjq"><div class="css-fcebb8"><div data-testid="atc-compact" class="css-y94ivq" style="width: 45px;"><button type="button" class="chakra-button css-mudsm6" data-testid="atc-button"><svg stroke="currentColor" fill="currentColor" stroke-width="0" viewBox="0 0 24 24" focusable="false" class="chakra-icon css-1g3sp7a" data-testid="btn-icon" aria-hidden="true" height="1em" width="1em" xmlns="http://www.w3.org/2000/svg"><path d="M19 13h-6v6h-2v-6H5v-2h6V5h2v6h6v2z"></path></svg><span class="css-idkz9h">Add Blue Menu Pulp Free Orange Juice to cart</span></button></div></div></div></div></div></div><div class="css-0"><div class="css-f5i5wc"><div class="chakra-linkbox css-vhnn8v"><div data-testid="product-image" class="css-16dr4ly"><img alt="Tropicana Pure Premium Grovestand (Lots Of Pulp) 2.63 l, $0.27/100ml" src="https://assets.shop.loblaws.ca/products/20119756002/b3/en/front/20119756002_front_a06_@2.png" srcset="https://assets.shop.loblaws.ca/products/20119756002/b3/en/front/20119756002_front_a06_@2.png 1x, https://assets.shop.loblaws.ca/products/20119756002/b3/en/front/20119756002_front_a06_@2.png 2x" loading="lazy" class="chakra-image css-oguq8l" aria-hidden="true"></div><div class="css-qoklea"><div class="css-12dchmx"></div><div data-testid="price-product-tile" class="css-8atqhb"><p class="chakra-text css-0"><span class="chakra-text css-pwnbcb" data-testid="regular-price"><span class="css-idkz9h">$6.99</span>$6.99</span></p></div><a href="/pure-premium-grovestand-lots-of-pulp/p/20119756002_EA?source=nspt" class="chakra-linkbox__overlay css-1hnz6hu"><div class="css-0"><p class="chakra-text css-1ecdp9w" data-testid="product-brand">Tropicana</p><h3 class="chakra-heading css-6qrhwc" id="20119756002_EA" data-testid="product-title">Pure Premium Grovestand (Lots Of Pulp)</h3><p class="chakra-text css-1yftjin" data-testid="product-package-size">2.63 l, $0.27/100ml</p></div></a><div class="css-8keand"></div></div><div class="css-1q5omjq"><div class="css-fcebb8"><div data-testid="atc-compact" class="css-y94ivq" style="width: 45px;"><button type="button" class="chakra-button css-mudsm6" data-testid="atc-button"><svg stroke="currentColor" fill="currentColor" stroke-width="0" viewBox="0 0 24 24" focusable="false" class="chakra-icon css-1g3sp7a" data-testid="btn-icon" aria-hidden="true" height="1em" width="1em" xmlns="http://www.w3.org/2000/svg"><path d="M19 13h-6v6h-2v-6H5v-2h6V5h2v6h6v2z"></path></svg><span class="css-idkz9h">Add Pure Premium Grovestand (Lots Of Pulp) to cart</span></button></div></div></div></div></div></div><div class="css-0"><div class="css-f5i5wc"><div class="chakra-linkbox css-vhnn8v"><div data-testid="product-image" class="css-16dr4ly"><img alt="President's Choice  Original Lemonade 1.54 l, $0.29/100ml" src="https://assets.shop.loblaws.ca/products/21430542/b3/en/front/21430542_front_a06_@2.png" srcset="https://assets.shop.loblaws.ca/products/21430542/b3/en/front/21430542_front_a06_@2.png 1x, https://assets.shop.loblaws.ca/products/21430542/b3/en/front/21430542_front_a06_@2.png 2x" loading="lazy" class="chakra-image css-oguq8l" aria-hidden="true"></div><div class="css-qoklea"><div class="css-12dchmx"></div><div data-testid="price-product-tile" class="css-8atqhb"><p class="chakra-text css-0"><span class="chakra-text css-pwnbcb" data-testid="regular-price"><span class="css-idkz9h">$4.49</span>$4.49</span></p></div><a href="/original-lemonade/p/21430542_EA?source=nspt" class="chakra-linkbox__overlay css-1hnz6hu"><div class="css-0"><p class="chakra-text css-1ecdp9w" data-testid="product-brand">President's Choice</p><h3 class="chakra-heading css-6qrhwc" id="21430542_EA" data-testid="product-title"> Original Lemonade</h3><p class="chakra-text css-1yftjin" data-testid="product-package-size">1.54 l, $0.29/100ml</p></div></a><div class="css-8keand"></div></div><div class="css-1q5omjq"><div class="css-fcebb8"><div data-testid="atc-compact" class="css-y94ivq" style="width: 45px;"><button type="button" class="chakra-button css-mudsm6" data-testid="atc-button"><svg stroke="currentColor" fill="currentColor" stroke-width="0" viewBox="0 0 24 24" focusable="false" class="chakra-icon css-1g3sp7a" data-testid="btn-icon" aria-hidden="true" height="1em" width="1em" xmlns="http://www.w3.org/2000/svg"><path d="M19 13h-6v6h-2v-6H5v-2h6V5h2v6h6v2z"></path></svg><span class="css-idkz9h">Add  Original Lemonade to cart</span></button></div></div></div></div></div></div><div class="css-0"><div class="css-f5i5wc"><div class="chakra-linkbox css-vhnn8v"><div data-testid="product-image" class="css-16dr4ly"><img alt="Nestea Lemon Tea, Gable Top Carton 1.75 l, $0.15/100ml" src="https://assets.shop.loblaws.ca/products/20348331004/b3/en/front/20348331004_front_a06_@2.png" srcset="https://assets.shop.loblaws.ca/products/20348331004/b3/en/front/20348331004_front_a06_@2.png 1x, https://assets.shop.loblaws.ca/products/20348331004/b3/en/front/20348331004_front_a06_@2.png 2x" loading="lazy" class="chakra-image css-oguq8l" aria-hidden="true"></div><div class="css-qoklea"><div class="css-12dchmx"></div><div data-testid="price-product-tile" class="css-8atqhb"><p class="chakra-text css-0"><span class="chakra-text css-pwnbcb" data-testid="regular-price"><span class="css-idkz9h">$2.69</span>$2.69</span></p></div><a href="/lemon-tea-gable-top-carton/p/20348331004_EA?source=nspt" class="chakra-linkbox__overlay css-1hnz6hu"><div class="css-0"><p class="chakra-text css-1ecdp9w" data-testid="product-brand">Nestea</p><h3 class="chakra-heading css-6qrhwc" id="20348331004_EA" data-testid="product-title">Lemon Tea, Gable Top Carton</h3><p class="chakra-text css-1yftjin" data-testid="product-package-size">1.75 l, $0.15/100ml</p></div></a><div class="css-8keand"></div></div><div class="css-1q5omjq"><div class="css-fcebb8"><div data-testid="atc-compact" class="css-y94ivq" style="width: 45px;"><button type="button" class="chakra-button css-mudsm6" data-testid="atc-button"><svg stroke="currentColor" fill="currentColor" stroke-width="0" viewBox="0 0 24 24" focusable="false" class="chakra-icon css-1g3sp7a" data-testid="btn-icon" aria-hidden="true" height="1em" width="1em" xmlns="http://www.w3.org/2000/svg"><path d="M19 13h-6v6h-2v-6H5v-2h6V5h2v6h6v2z"></path></svg><span class="css-idkz9h">Add Lemon Tea, Gable Top Carton to cart</span></button></div></div></div></div></div></div><div class="css-0"><div class="css-f5i5wc"><div class="chakra-linkbox css-vhnn8v"><div data-testid="product-image" class="css-16dr4ly"><img alt="Fruitopia Blueberry Watermelon Wisdom Fruit Beverage 1.75 l, $0.14/100ml" src="https://assets.shop.loblaws.ca/products/20347440004/b3/en/front/20347440004_front_a06_@2.png" srcset="https://assets.shop.loblaws.ca/products/20347440004/b3/en/front/20347440004_front_a06_@2.png 1x, https://assets.shop.loblaws.ca/products/20347440004/b3/en/front/20347440004_front_a06_@2.png 2x" loading="lazy" class="chakra-image css-oguq8l" aria-hidden="true"></div><div class="css-qoklea"><div class="css-12dchmx"></div><div data-testid="price-product-tile" class="css-8atqhb"><p class="chakra-text css-0"><span class="chakra-text css-pwnbcb" data-testid="regular-price"><span class="css-idkz9h">$2.49</span>$2.49</span></p></div><a href="/blueberry-watermelon-wisdom-fruit-beverage/p/20347440004_EA?source=nspt" class="chakra-linkbox__overlay css-1hnz6hu"><div class="css-0"><p class="chakra-text css-1ecdp9w" data-testid="product-brand">Fruitopia</p><h3 class="chakra-heading css-6qrhwc" id="20347440004_EA" data-testid="product-title">Blueberry Watermelon Wisdom Fruit Beverage</h3><p class="chakra-text css-1yftjin" data-testid="product-package-size">1.75 l, $0.14/100ml</p></div></a><div class="css-8keand"><p class="chakra-text css-wytexo" data-testid="product-pco-badge">500 PC Optimum Points</p></div></div><div class="css-1q5omjq"><div class="css-fcebb8"><div data-testid="atc-compact" class="css-y94ivq" style="width: 45px;"><button type="button" class="chakra-button css-mudsm6" data-testid="atc-button"><svg stroke="currentColor" fill="currentColor" stroke-width="0" viewBox="0 0 24 24" focusable="false" class="chakra-icon css-1g3sp7a" data-testid="btn-icon" aria-hidden="true" height="1em" width="1em" xmlns="http://www.w3.org/2000/svg"><path d="M19 13h-6v6h-2v-6H5v-2h6V5h2v6h6v2z"></path></svg><span class="css-idkz9h">Add Blueberry Watermelon Wisdom Fruit Beverage to cart</span></button></div></div></div></div></div></div><div class="css-0"><div class="css-f5i5wc"><div class="chakra-linkbox css-vhnn8v"><div data-testid="product-image" class="css-16dr4ly"><img alt="Oasis Tropical Passion Fruit Juice 960 ml, $0.16/100ml" src="https://assets.shop.loblaws.ca/products/20336722014/b3/en/front/20336722014_front_a06_@2.png" srcset="https://assets.shop.loblaws.ca/products/20336722014/b3/en/front/20336722014_front_a06_@2.png 1x, https://assets.shop.loblaws.ca/products/20336722014/b3/en/front/20336722014_front_a06_@2.png 2x" loading="lazy" class="chakra-image css-oguq8l" aria-hidden="true"></div><div class="css-qoklea"><div class="css-12dchmx"></div><div data-testid="price-product-tile" class="css-8atqhb"><p class="chakra-text css-0"><span class="chakra-text css-o93gbd" data-testid="sale-price"><span class="css-idkz9h">$1.49</span>$1.49</span><span class="chakra-text css-623q5h" data-testid="was-price"><span class="css-idkz9h">$1.99</span>$1.99</span></p><p class="chakra-text css-1m5a6y8" data-testid="price-descriptor">SAVE $0.50</p></div><a href="/tropical-passion-fruit-juice/p/20336722014_EA?source=nspt" class="chakra-linkbox__overlay css-1hnz6hu"><div class="css-0"><p class="chakra-text css-1ecdp9w" data-testid="product-brand">Oasis</p><h3 class="chakra-heading css-6qrhwc" id="20336722014_EA" data-testid="product-title">Tropical Passion Fruit Juice</h3><p class="chakra-text css-1yftjin" data-testid="product-package-size">960 ml, $0.16/100ml</p></div></a><div class="css-8keand"></div></div><div class="css-1q5omjq"><div class="css-fcebb8"><div data-testid="atc-compact" class="css-y94ivq" style="width: 45px;"><button type="button" class="chakra-button css-mudsm6" data-testid="atc-button"><svg stroke="currentColor" fill="currentColor" stroke-width="0" viewBox="0 0 24 24" focusable="false" class="chakra-icon css-1g3sp7a" data-testid="btn-icon" aria-hidden="true" height="1em" width="1em" xmlns="http://www.w3.org/2000/svg"><path d="M19 13h-6v6h-2v-6H5v-2h6V5h2v6h6v2z"></path></svg><span class="css-idkz9h">Add Tropical Passion Fruit Juice to cart</span></button></div></div></div></div></div></div><div class="css-0"><div class="css-f5i5wc"><div class="chakra-linkbox css-vhnn8v"><div data-testid="product-image" class="css-16dr4ly"><img alt="Kool-Aid Jammers 10x180.0 ml, $0.16/100ml" src="https://assets.shop.loblaws.ca/products/20079976006/b3/en/front/20079976006_front_a06_@2.png" srcset="https://assets.shop.loblaws.ca/products/20079976006/b3/en/front/20079976006_front_a06_@2.png 1x, https://assets.shop.loblaws.ca/products/20079976006/b3/en/front/20079976006_front_a06_@2.png 2x" loading="lazy" class="chakra-image css-oguq8l" aria-hidden="true"></div><div class="css-qoklea"><div class="css-12dchmx"></div><div data-testid="price-product-tile" class="css-8atqhb"><p class="chakra-text css-0"><span class="chakra-text css-o93gbd" data-testid="sale-price"><span class="css-idkz9h">$2.79</span>$2.79</span><span class="chakra-text css-623q5h" data-testid="was-price"><span class="css-idkz9h">$3.29</span>$3.29</span></p><p class="chakra-text css-1m5a6y8" data-testid="price-descriptor">SAVE $0.50</p></div><a href="/jammers/p/20079976006_EA?source=nspt" class="chakra-linkbox__overlay css-1hnz6hu"><div class="css-0"><p class="chakra-text css-1ecdp9w" data-testid="product-brand">Kool-Aid</p><h3 class="chakra-heading css-6qrhwc" id="20079976006_EA" data-testid="product-title">Jammers</h3><p class="chakra-text css-1yftjin" data-testid="product-package-size">10x180.0 ml, $0.16/100ml</p></div></a><div class="css-8keand"></div></div><div class="css-1q5omjq"><div class="css-fcebb8"><div data-testid="atc-compact" class="css-y94ivq" style="width: 45px;"><button type="button" class="chakra-button css-mudsm6" data-testid="atc-button"><svg stroke="currentColor" fill="currentColor" stroke-width="0" viewBox="0 0 24 24" focusable="false" class="chakra-icon css-1g3sp7a" data-testid="btn-icon" aria-hidden="true" height="1em" width="1em" xmlns="http://www.w3.org/2000/svg"><path d="M19 13h-6v6h-2v-6H5v-2h6V5h2v6h6v2z"></path></svg><span class="css-idkz9h">Add Jammers to cart</span></button></div></div></div></div></div></div><div class="css-0"><div class="css-f5i5wc"><div class="chakra-linkbox css-vhnn8v"><div data-testid="product-image" class="css-16dr4ly"><img alt="Oasis Orange Pure Breakfast Juice 960 ml, $0.16/100ml" src="https://assets.shop.loblaws.ca/products/20336722005/b3/en/front/20336722005_front_a06_@2.png" srcset="https://assets.shop.loblaws.ca/products/20336722005/b3/en/front/20336722005_front_a06_@2.png 1x, https://assets.shop.loblaws.ca/products/20336722005/b3/en/front/20336722005_front_a06_@2.png 2x" loading="lazy" class="chakra-image css-oguq8l" aria-hidden="true"></div><div class="css-qoklea"><div class="css-12dchmx"></div><div data-testid="price-product-tile" class="css-8atqhb"><p class="chakra-text css-0"><span class="chakra-text css-o93gbd" data-testid="sale-price"><span class="css-idkz9h">$1.49</span>$1.49</span><span class="chakra-text css-623q5h" data-testid="was-price"><span class="css-idkz9h">$1.99</span>$1.99</span></p><p class="chakra-text css-1m5a6y8" data-testid="price-descriptor">SAVE $0.50</p></div><a href="/orange-pure-breakfast-juice/p/20336722005_EA?source=nspt" class="chakra-linkbox__overlay css-1hnz6hu"><div class="css-0"><p class="chakra-text css-1ecdp9w" data-testid="product-brand">Oasis</p><h3 class="chakra-heading css-6qrhwc" id="20336722005_EA" data-testid="product-title">Orange Pure Breakfast Juice</h3><p class="chakra-text css-1yftjin" data-testid="product-package-size">960 ml, $0.16/100ml</p></div></a><div class="css-8keand"></div></div><div class="css-1q5omjq"><div class="css-fcebb8"><div data-testid="atc-compact" class="css-y94ivq" style="width: 45px;"><button type="button" class="chakra-button css-mudsm6" data-testid="atc-button"><svg stroke="currentColor" fill="currentColor" stroke-width="0" viewBox="0 0 24 24" focusable="false" class="chakra-icon css-1g3sp7a" data-testid="btn-icon" aria-hidden="true" height="1em" width="1em" xmlns="http://www.w3.org/2000/svg"><path d="M19 13h-6v6h-2v-6H5v-2h6V5h2v6h6v2z"></path></svg><span class="css-idkz9h">Add Orange Pure Breakfast Juice to cart</span></button></div></div></div></div></div></div><div class="css-0"><div class="css-f5i5wc"><div class="chakra-linkbox css-vhnn8v"><div data-testid="product-image" class="css-16dr4ly"><img alt="Ocean Spray Cranberry Raspberry Cocktail 1.89 l, $0.24/100ml" src="https://assets.shop.loblaws.ca/products/20300006009/b3/en/front/20300006009_front_a06_@2.png" srcset="https://assets.shop.loblaws.ca/products/20300006009/b3/en/front/20300006009_front_a06_@2.png 1x, https://assets.shop.loblaws.ca/products/20300006009/b3/en/front/20300006009_front_a06_@2.png 2x" loading="lazy" class="chakra-image css-oguq8l" aria-hidden="true"></div><div class="css-qoklea"><div class="css-12dchmx"></div><div data-testid="price-product-tile" class="css-8atqhb"><p class="chakra-text css-0"><span class="chakra-text css-pwnbcb" data-testid="regular-price"><span class="css-idkz9h">$4.49</span>$4.49</span></p></div><a href="/cranberry-raspberry-cocktail/p/20300006009_EA?source=nspt" class="chakra-linkbox__overlay css-1hnz6hu"><div class="css-0"><p class="chakra-text css-1ecdp9w" data-testid="product-brand">Ocean Spray</p><h3 class="chakra-heading css-6qrhwc" id="20300006009_EA" data-testid="product-title">Cranberry Raspberry Cocktail</h3><p class="chakra-text css-1yftjin" data-testid="product-package-size">1.89 l, $0.24/100ml</p></div></a><div class="css-8keand"></div></div><div class="css-1q5omjq"><div class="css-fcebb8"><div data-testid="atc-compact" class="css-y94ivq" style="width: 45px;"><button type="button" class="chakra-button css-mudsm6" data-testid="atc-button"><svg stroke="currentColor" fill="currentColor" stroke-width="0" viewBox="0 0 24 24" focusable="false" class="chakra-icon css-1g3sp7a" data-testid="btn-icon" aria-hidden="true" height="1em" width="1em" xmlns="http://www.w3.org/2000/svg"><path d="M19 13h-6v6h-2v-6H5v-2h6V5h2v6h6v2z"></path></svg><span class="css-idkz9h">Add Cranberry Raspberry Cocktail to cart</span></button></div></div></div></div></div></div><div class="css-0"><div class="css-f5i5wc"><div class="chakra-linkbox css-vhnn8v"><div data-testid="product-image" class="css-16dr4ly"><img alt="President's Choice 100% Apple Juice 1.89 l, $0.17/100ml" src="https://assets.shop.loblaws.ca/products/20531313/b3/en/front/20531313_front_a06_@2.png" srcset="https://assets.shop.loblaws.ca/products/20531313/b3/en/front/20531313_front_a06_@2.png 1x, https://assets.shop.loblaws.ca/products/20531313/b3/en/front/20531313_front_a06_@2.png 2x" loading="lazy" class="chakra-image css-oguq8l" aria-hidden="true"></div><div class="css-qoklea"><div class="css-12dchmx"></div><div data-testid="price-product-tile" class="css-8atqhb"><p class="chakra-text css-0"><span class="chakra-text css-pwnbcb" data-testid="regular-price"><span class="css-idkz9h">$3.29</span>$3.29</span></p></div><a href="/100-apple-juice/p/20531313_EA?source=nspt" class="chakra-linkbox__overlay css-1hnz6hu"><div class="css-0"><p class="chakra-text css-1ecdp9w" data-testid="product-brand">President's Choice</p><h3 class="chakra-heading css-6qrhwc" id="20531313_EA" data-testid="product-title">100% Apple Juice</h3><p class="chakra-text css-1yftjin" data-testid="product-package-size">1.89 l, $0.17/100ml</p></div></a><div class="css-8keand"></div></div><div class="css-1q5omjq"><div class="css-fcebb8"><div data-testid="atc-compact" class="css-y94ivq" style="width: 45px;"><button type="button" class="chakra-button css-mudsm6" data-testid="atc-button"><svg stroke="currentColor" fill="currentColor" stroke-width="0" viewBox="0 0 24 24" focusable="false" class="chakra-icon css-1g3sp7a" data-testid="btn-icon" aria-hidden="true" height="1em" width="1em" xmlns="http://www.w3.org/2000/svg"><path d="M19 13h-6v6h-2v-6H5v-2h6V5h2v6h6v2z"></path></svg><span class="css-idkz9h">Add 100% Apple Juice to cart</span></button></div></div></div></div></div></div><div class="css-0"><div class="css-f5i5wc"><div class="chakra-linkbox css-vhnn8v"><div data-testid="product-image" class="css-16dr4ly"><img alt="Oasis Pineapple Juice 960 ml, $0.16/100ml" src="https://assets.shop.loblaws.ca/products/20336722008/b3/en/front/20336722008_front_a06_@2.png" srcset="https://assets.shop.loblaws.ca/products/20336722008/b3/en/front/20336722008_front_a06_@2.png 1x, https://assets.shop.loblaws.ca/products/20336722008/b3/en/front/20336722008_front_a06_@2.png 2x" loading="lazy" class="chakra-image css-oguq8l" aria-hidden="true"></div><div class="css-qoklea"><div class="css-12dchmx"></div><div data-testid="price-product-tile" class="css-8atqhb"><p class="chakra-text css-0"><span class="chakra-text css-o93gbd" data-testid="sale-price"><span class="css-idkz9h">$1.49</span>$1.49</span><span class="chakra-text css-623q5h" data-testid="was-price"><span class="css-idkz9h">$1.99</span>$1.99</span></p><p class="chakra-text css-1m5a6y8" data-testid="price-descriptor">SAVE $0.50</p></div><a href="/pineapple-juice/p/20336722008_EA?source=nspt" class="chakra-linkbox__overlay css-1hnz6hu"><div class="css-0"><p class="chakra-text css-1ecdp9w" data-testid="product-brand">Oasis</p><h3 class="chakra-heading css-6qrhwc" id="20336722008_EA" data-testid="product-title">Pineapple Juice</h3><p class="chakra-text css-1yftjin" data-testid="product-package-size">960 ml, $0.16/100ml</p></div></a><div class="css-8keand"></div></div><div class="css-1q5omjq"><div class="css-fcebb8"><div data-testid="atc-compact" class="css-y94ivq" style="width: 45px;"><button type="button" class="chakra-button css-mudsm6" data-testid="atc-button"><svg stroke="currentColor" fill="currentColor" stroke-width="0" viewBox="0 0 24 24" focusable="false" class="chakra-icon css-1g3sp7a" data-testid="btn-icon" aria-hidden="true" height="1em" width="1em" xmlns="http://www.w3.org/2000/svg"><path d="M19 13h-6v6h-2v-6H5v-2h6V5h2v6h6v2z"></path></svg><span class="css-idkz9h">Add Pineapple Juice to cart</span></button></div></div></div></div></div></div><div class="css-0"><div class="css-f5i5wc"><div class="chakra-linkbox css-vhnn8v"><div data-testid="product-image" class="css-16dr4ly"><img alt="No Name Unsweetened Orange Juice from Concentrate 1 l, $0.20/100ml" src="https://assets.shop.loblaws.ca/products/20320979/b3/en/front/20320979_front_a06_@2.png" srcset="https://assets.shop.loblaws.ca/products/20320979/b3/en/front/20320979_front_a06_@2.png 1x, https://assets.shop.loblaws.ca/products/20320979/b3/en/front/20320979_front_a06_@2.png 2x" loading="lazy" class="chakra-image css-oguq8l" aria-hidden="true"></div><div class="css-qoklea"><div class="css-12dchmx"></div><div data-testid="price-product-tile" class="css-8atqhb"><p class="chakra-text css-0"><span class="chakra-text css-pwnbcb" data-testid="regular-price"><span class="css-idkz9h">$2.00</span>$2.00</span></p></div><a href="/unsweetened-orange-juice-from-concentrate/p/20320979_EA?source=nspt" class="chakra-linkbox__overlay css-1hnz6hu"><div class="css-0"><p class="chakra-text css-1ecdp9w" data-testid="product-brand">No Name</p><h3 class="chakra-heading css-6qrhwc" id="20320979_EA" data-testid="product-title">Unsweetened Orange Juice from Concentrate</h3><p class="chakra-text css-1yftjin" data-testid="product-package-size">1 l, $0.20/100ml</p></div></a><div class="css-8keand"></div></div><div class="css-1q5omjq"><div class="css-fcebb8"><div data-testid="atc-compact" class="css-y94ivq" style="width: 45px;"><button type="button" class="chakra-button css-mudsm6" data-testid="atc-button"><svg stroke="currentColor" fill="currentColor" stroke-width="0" viewBox="0 0 24 24" focusable="false" class="chakra-icon css-1g3sp7a" data-testid="btn-icon" aria-hidden="true" height="1em" width="1em" xmlns="http://www.w3.org/2000/svg"><path d="M19 13h-6v6h-2v-6H5v-2h6V5h2v6h6v2z"></path></svg><span class="css-idkz9h">Add Unsweetened Orange Juice from Concentrate to cart</span></button></div></div></div></div></div></div><div class="css-0"><div class="css-f5i5wc"><div class="chakra-linkbox css-vhnn8v"><div data-testid="product-image" class="css-16dr4ly"><img alt="No Name Peach Drink 2 l, $0.10/100ml" src="https://assets.shop.loblaws.ca/products/20320439005/b3/en/front/20320439005_front_a06_@2.png" srcset="https://assets.shop.loblaws.ca/products/20320439005/b3/en/front/20320439005_front_a06_@2.png 1x, https://assets.shop.loblaws.ca/products/20320439005/b3/en/front/20320439005_front_a06_@2.png 2x" loading="lazy" class="chakra-image css-oguq8l" aria-hidden="true"></div><div class="css-qoklea"><div class="css-12dchmx"></div><div data-testid="price-product-tile" class="css-8atqhb"><p class="chakra-text css-0"><span class="chakra-text css-pwnbcb" data-testid="regular-price"><span class="css-idkz9h">$2.00</span>$2.00</span></p></div><a href="/peach-drink/p/20320439005_EA?source=nspt" class="chakra-linkbox__overlay css-1hnz6hu"><div class="css-0"><p class="chakra-text css-1ecdp9w" data-testid="product-brand">No Name</p><h3 class="chakra-heading css-6qrhwc" id="20320439005_EA" data-testid="product-title">Peach Drink</h3><p class="chakra-text css-1yftjin" data-testid="product-package-size">2 l, $0.10/100ml</p></div></a><div class="css-8keand"></div></div><div class="css-1q5omjq"><div class="css-fcebb8"><div data-testid="atc-compact" class="css-y94ivq" style="width: 45px;"><button type="button" class="chakra-button css-mudsm6" data-testid="atc-button"><svg stroke="currentColor" fill="currentColor" stroke-width="0" viewBox="0 0 24 24" focusable="false" class="chakra-icon css-1g3sp7a" data-testid="btn-icon" aria-hidden="true" height="1em" width="1em" xmlns="http://www.w3.org/2000/svg"><path d="M19 13h-6v6h-2v-6H5v-2h6V5h2v6h6v2z"></path></svg><span class="css-idkz9h">Add Peach Drink to cart</span></button></div></div></div></div></div></div><div class="css-0"><div class="css-f5i5wc"><div class="chakra-linkbox css-vhnn8v"><div data-testid="product-image" class="css-16dr4ly"><img alt="Oasis Exotic Mango Fruit Juice 960 ml, $0.16/100ml" src="https://assets.shop.loblaws.ca/products/20336722010/b3/en/front/20336722010_front_a06_@2.png" srcset="https://assets.shop.loblaws.ca/products/20336722010/b3/en/front/20336722010_front_a06_@2.png 1x, https://assets.shop.loblaws.ca/products/20336722010/b3/en/front/20336722010_front_a06_@2.png 2x" loading="lazy" class="chakra-image css-oguq8l" aria-hidden="true"></div><div class="css-qoklea"><div class="css-12dchmx"></div><div data-testid="price-product-tile" class="css-8atqhb"><p class="chakra-text css-0"><span class="chakra-text css-o93gbd" data-testid="sale-price"><span class="css-idkz9h">$1.49</span>$1.49</span><span class="chakra-text css-623q5h" data-testid="was-price"><span class="css-idkz9h">$1.99</span>$1.99</span></p><p class="chakra-text css-1m5a6y8" data-testid="price-descriptor">SAVE $0.50</p></div><a href="/exotic-mango-fruit-juice/p/20336722010_EA?source=nspt" class="chakra-linkbox__overlay css-1hnz6hu"><div class="css-0"><p class="chakra-text css-1ecdp9w" data-testid="product-brand">Oasis</p><h3 class="chakra-heading css-6qrhwc" id="20336722010_EA" data-testid="product-title">Exotic Mango Fruit Juice</h3><p class="chakra-text css-1yftjin" data-testid="product-package-size">960 ml, $0.16/100ml</p></div></a><div class="css-8keand"></div></div><div class="css-1q5omjq"><div class="css-fcebb8"><div data-testid="atc-compact" class="css-y94ivq" style="width: 45px;"><button type="button" class="chakra-button css-mudsm6" data-testid="atc-button"><svg stroke="currentColor" fill="currentColor" stroke-width="0" viewBox="0 0 24 24" focusable="false" class="chakra-icon css-1g3sp7a" data-testid="btn-icon" aria-hidden="true" height="1em" width="1em" xmlns="http://www.w3.org/2000/svg"><path d="M19 13h-6v6h-2v-6H5v-2h6V5h2v6h6v2z"></path></svg><span class="css-idkz9h">Add Exotic Mango Fruit Juice to cart</span></button></div></div></div></div></div></div><div class="css-0"><div class="css-f5i5wc"><div class="chakra-linkbox css-vhnn8v"><div data-testid="product-image" class="css-16dr4ly"><img alt="Oasis Apple Juice 960 ml, $0.16/100ml" src="https://assets.shop.loblaws.ca/products/20336722001/b3/en/front/20336722001_front_a06_@2.png" srcset="https://assets.shop.loblaws.ca/products/20336722001/b3/en/front/20336722001_front_a06_@2.png 1x, https://assets.shop.loblaws.ca/products/20336722001/b3/en/front/20336722001_front_a06_@2.png 2x" loading="lazy" class="chakra-image css-oguq8l" aria-hidden="true"></div><div class="css-qoklea"><div class="css-12dchmx"></div><div data-testid="price-product-tile" class="css-8atqhb"><p class="chakra-text css-0"><span class="chakra-text css-o93gbd" data-testid="sale-price"><span class="css-idkz9h">$1.49</span>$1.49</span><span class="chakra-text css-623q5h" data-testid="was-price"><span class="css-idkz9h">$1.99</span>$1.99</span></p><p class="chakra-text css-1m5a6y8" data-testid="price-descriptor">SAVE $0.50</p></div><a href="/apple-juice/p/20336722001_EA?source=nspt" class="chakra-linkbox__overlay css-1hnz6hu"><div class="css-0"><p class="chakra-text css-1ecdp9w" data-testid="product-brand">Oasis</p><h3 class="chakra-heading css-6qrhwc" id="20336722001_EA" data-testid="product-title">Apple Juice</h3><p class="chakra-text css-1yftjin" data-testid="product-package-size">960 ml, $0.16/100ml</p></div></a><div class="css-8keand"></div></div><div class="css-1q5omjq"><div class="css-fcebb8"><div data-testid="atc-compact" class="css-y94ivq" style="width: 45px;"><button type="button" class="chakra-button css-mudsm6" data-testid="atc-button"><svg stroke="currentColor" fill="currentColor" stroke-width="0" viewBox="0 0 24 24" focusable="false" class="chakra-icon css-1g3sp7a" data-testid="btn-icon" aria-hidden="true" height="1em" width="1em" xmlns="http://www.w3.org/2000/svg"><path d="M19 13h-6v6h-2v-6H5v-2h6V5h2v6h6v2z"></path></svg><span class="css-idkz9h">Add Apple Juice to cart</span></button></div></div></div></div></div></div><div class="css-0"><div class="css-f5i5wc"><div class="chakra-linkbox css-vhnn8v"><div data-testid="product-image" class="css-16dr4ly"><img alt="Minute Maid Pink Lemonade 1.54 l, $0.26/100ml" src="https://assets.shop.loblaws.ca/products/21434019/b3/en/front/21434019_front_a06_@2.png" srcset="https://assets.shop.loblaws.ca/products/21434019/b3/en/front/21434019_front_a06_@2.png 1x, https://assets.shop.loblaws.ca/products/21434019/b3/en/front/21434019_front_a06_@2.png 2x" loading="lazy" class="chakra-image css-oguq8l" aria-hidden="true"></div><div class="css-qoklea"><div class="css-12dchmx"></div><div data-testid="price-product-tile" class="css-8atqhb"><p class="chakra-text css-0"><span class="chakra-text css-pwnbcb" data-testid="regular-price"><span class="css-idkz9h">$3.99</span>$3.99</span></p></div><a href="/pink-lemonade/p/21434019_EA?source=nspt" class="chakra-linkbox__overlay css-1hnz6hu"><div class="css-0"><p class="chakra-text css-1ecdp9w" data-testid="product-brand">Minute Maid</p><h3 class="chakra-heading css-6qrhwc" id="21434019_EA" data-testid="product-title">Pink Lemonade</h3><p class="chakra-text css-1yftjin" data-testid="product-package-size">1.54 l, $0.26/100ml</p></div></a><div class="css-8keand"></div></div><div class="css-1q5omjq"><div class="css-fcebb8"><div data-testid="atc-compact" class="css-y94ivq" style="width: 45px;"><button type="button" class="chakra-button css-mudsm6" data-testid="atc-button"><svg stroke="currentColor" fill="currentColor" stroke-width="0" viewBox="0 0 24 24" focusable="false" class="chakra-icon css-1g3sp7a" data-testid="btn-icon" aria-hidden="true" height="1em" width="1em" xmlns="http://www.w3.org/2000/svg"><path d="M19 13h-6v6h-2v-6H5v-2h6V5h2v6h6v2z"></path></svg><span class="css-idkz9h">Add Pink Lemonade to cart</span></button></div></div></div></div></div></div><div class="css-0"><div class="css-f5i5wc"><div class="chakra-linkbox css-vhnn8v"><div data-testid="product-image" class="css-16dr4ly"><img alt="President's Choice Strawberry Lemonade 1.54 l, $0.29/100ml" src="https://assets.shop.loblaws.ca/products/21430552/b3/en/front/21430552_front_a06_@2.png" srcset="https://assets.shop.loblaws.ca/products/21430552/b3/en/front/21430552_front_a06_@2.png 1x, https://assets.shop.loblaws.ca/products/21430552/b3/en/front/21430552_front_a06_@2.png 2x" loading="lazy" class="chakra-image css-oguq8l" aria-hidden="true"></div><div class="css-qoklea"><div class="css-12dchmx"></div><div data-testid="price-product-tile" class="css-8atqhb"><p class="chakra-text css-0"><span class="chakra-text css-pwnbcb" data-testid="regular-price"><span class="css-idkz9h">$4.49</span>$4.49</span></p></div><a href="/strawberry-lemonade/p/21430552_EA?source=nspt" class="chakra-linkbox__overlay css-1hnz6hu"><div class="css-0"><p class="chakra-text css-1ecdp9w" data-testid="product-brand">President's Choice</p><h3 class="chakra-heading css-6qrhwc" id="21430552_EA" data-testid="product-title">Strawberry Lemonade</h3><p class="chakra-text css-1yftjin" data-testid="product-package-size">1.54 l, $0.29/100ml</p></div></a><div class="css-8keand"></div></div><div class="css-1q5omjq"><div class="css-fcebb8"><div data-testid="atc-compact" class="css-y94ivq" style="width: 45px;"><button type="button" class="chakra-button css-mudsm6" data-testid="atc-button"><svg stroke="currentColor" fill="currentColor" stroke-width="0" viewBox="0 0 24 24" focusable="false" class="chakra-icon css-1g3sp7a" data-testid="btn-icon" aria-hidden="true" height="1em" width="1em" xmlns="http://www.w3.org/2000/svg"><path d="M19 13h-6v6h-2v-6H5v-2h6V5h2v6h6v2z"></path></svg><span class="css-idkz9h">Add Strawberry Lemonade to cart</span></button></div></div></div></div></div></div><div class="css-0"><div class="css-f5i5wc"><div class="chakra-linkbox css-vhnn8v"><div data-testid="product-image" class="css-16dr4ly"><img alt="Minute Maid Lemonade 1.54 l, $0.26/100ml" src="https://assets.shop.loblaws.ca/products/21434119/b3/en/front/21434119_front_a06_@2.png" srcset="https://assets.shop.loblaws.ca/products/21434119/b3/en/front/21434119_front_a06_@2.png 1x, https://assets.shop.loblaws.ca/products/21434119/b3/en/front/21434119_front_a06_@2.png 2x" loading="lazy" class="chakra-image css-oguq8l" aria-hidden="true"></div><div class="css-qoklea"><div class="css-12dchmx"></div><div data-testid="price-product-tile" class="css-8atqhb"><p class="chakra-text css-0"><span class="chakra-text css-pwnbcb" data-testid="regular-price"><span class="css-idkz9h">$3.99</span>$3.99</span></p></div><a href="/lemonade/p/21434119_EA?source=nspt" class="chakra-linkbox__overlay css-1hnz6hu"><div class="css-0"><p class="chakra-text css-1ecdp9w" data-testid="product-brand">Minute Maid</p><h3 class="chakra-heading css-6qrhwc" id="21434119_EA" data-testid="product-title">Lemonade</h3><p class="chakra-text css-1yftjin" data-testid="product-package-size">1.54 l, $0.26/100ml</p></div></a><div class="css-8keand"></div></div><div class="css-1q5omjq"><div class="css-fcebb8"><div data-testid="atc-compact" class="css-y94ivq" style="width: 45px;"><button type="button" class="chakra-button css-mudsm6" data-testid="atc-button"><svg stroke="currentColor" fill="currentColor" stroke-width="0" viewBox="0 0 24 24" focusable="false" class="chakra-icon css-1g3sp7a" data-testid="btn-icon" aria-hidden="true" height="1em" width="1em" xmlns="http://www.w3.org/2000/svg"><path d="M19 13h-6v6h-2v-6H5v-2h6V5h2v6h6v2z"></path></svg><span class="css-idkz9h">Add Lemonade to cart</span></button></div></div></div></div></div></div><div class="css-0"><div class="css-f5i5wc"><div class="chakra-linkbox css-vhnn8v"><div data-testid="product-image" class="css-16dr4ly"><img alt="Kool-Aid Jammers Tropical Punch 10x180.0 ml, $0.16/100ml" src="https://assets.shop.loblaws.ca/products/20079976001/b3/en/front/20079976001_front_a06_@2.png" srcset="https://assets.shop.loblaws.ca/products/20079976001/b3/en/front/20079976001_front_a06_@2.png 1x, https://assets.shop.loblaws.ca/products/20079976001/b3/en/front/20079976001_front_a06_@2.png 2x" loading="lazy" class="chakra-image css-oguq8l" aria-hidden="true"></div><div class="css-qoklea"><div class="css-12dchmx"></div><div data-testid="price-product-tile" class="css-8atqhb"><p class="chakra-text css-0"><span class="chakra-text css-o93gbd" data-testid="sale-price"><span class="css-idkz9h">$2.79</span>$2.79</span><span class="chakra-text css-623q5h" data-testid="was-price"><span class="css-idkz9h">$3.29</span>$3.29</span></p><p class="chakra-text css-1m5a6y8" data-testid="price-descriptor">SAVE $0.50</p></div><a href="/jammers-tropical-punch/p/20079976001_EA?source=nspt" class="chakra-linkbox__overlay css-1hnz6hu"><div class="css-0"><p class="chakra-text css-1ecdp9w" data-testid="product-brand">Kool-Aid</p><h3 class="chakra-heading css-6qrhwc" id="20079976001_EA" data-testid="product-title">Jammers Tropical Punch</h3><p class="chakra-text css-1yftjin" data-testid="product-package-size">10x180.0 ml, $0.16/100ml</p></div></a><div class="css-8keand"></div></div><div class="css-1q5omjq"><div class="css-fcebb8"><div data-testid="atc-compact" class="css-y94ivq" style="width: 45px;"><button type="button" class="chakra-button css-mudsm6" data-testid="atc-button"><svg stroke="currentColor" fill="currentColor" stroke-width="0" viewBox="0 0 24 24" focusable="false" class="chakra-icon css-1g3sp7a" data-testid="btn-icon" aria-hidden="true" height="1em" width="1em" xmlns="http://www.w3.org/2000/svg"><path d="M19 13h-6v6h-2v-6H5v-2h6V5h2v6h6v2z"></path></svg><span class="css-idkz9h">Add Jammers Tropical Punch to cart</span></button></div></div></div></div></div></div><div class="css-0"><div class="css-f5i5wc"><div class="chakra-linkbox css-vhnn8v"><div data-testid="product-image" class="css-16dr4ly"><img alt="Minute Maid Mango Passion 1.54 l, $0.26/100ml" src="https://assets.shop.loblaws.ca/products/21434100/b3/en/front/21434100_front_a06_@2.png" srcset="https://assets.shop.loblaws.ca/products/21434100/b3/en/front/21434100_front_a06_@2.png 1x, https://assets.shop.loblaws.ca/products/21434100/b3/en/front/21434100_front_a06_@2.png 2x" loading="lazy" class="chakra-image css-oguq8l" aria-hidden="true"></div><div class="css-qoklea"><div class="css-12dchmx"></div><div data-testid="price-product-tile" class="css-8atqhb"><p class="chakra-text css-0"><span class="chakra-text css-pwnbcb" data-testid="regular-price"><span class="css-idkz9h">$3.99</span>$3.99</span></p></div><a href="/mango-passion/p/21434100_EA?source=nspt" class="chakra-linkbox__overlay css-1hnz6hu"><div class="css-0"><p class="chakra-text css-1ecdp9w" data-testid="product-brand">Minute Maid</p><h3 class="chakra-heading css-6qrhwc" id="21434100_EA" data-testid="product-title">Mango Passion</h3><p class="chakra-text css-1yftjin" data-testid="product-package-size">1.54 l, $0.26/100ml</p></div></a><div class="css-8keand"></div></div><div class="css-1q5omjq"><div class="css-fcebb8"><div data-testid="atc-compact" class="css-y94ivq" style="width: 45px;"><button type="button" class="chakra-button css-mudsm6" data-testid="atc-button"><svg stroke="currentColor" fill="currentColor" stroke-width="0" viewBox="0 0 24 24" focusable="false" class="chakra-icon css-1g3sp7a" data-testid="btn-icon" aria-hidden="true" height="1em" width="1em" xmlns="http://www.w3.org/2000/svg"><path d="M19 13h-6v6h-2v-6H5v-2h6V5h2v6h6v2z"></path></svg><span class="css-idkz9h">Add Mango Passion to cart</span></button></div></div></div></div></div></div><div class="css-0"><div class="css-f5i5wc"><div class="chakra-linkbox css-vhnn8v"><div data-testid="product-image" class="css-16dr4ly"><img alt="President's Choice Pomegranate Lemonade 1.89 l, $0.17/100ml" src="https://assets.shop.loblaws.ca/products/21425929/b3/en/front/21425929_front_a06_@2.png" srcset="https://assets.shop.loblaws.ca/products/21425929/b3/en/front/21425929_front_a06_@2.png 1x, https://assets.shop.loblaws.ca/products/21425929/b3/en/front/21425929_front_a06_@2.png 2x" loading="lazy" class="chakra-image css-oguq8l" aria-hidden="true"></div><div class="css-qoklea"><div class="css-12dchmx"></div><div data-testid="price-product-tile" class="css-8atqhb"><p class="chakra-text css-0"><span class="chakra-text css-pwnbcb" data-testid="regular-price"><span class="css-idkz9h">$3.29</span>$3.29</span></p></div><a href="/pomegranate-lemonade/p/21425929_EA?source=nspt" class="chakra-linkbox__overlay css-1hnz6hu"><div class="css-0"><p class="chakra-text css-1ecdp9w" data-testid="product-brand">President's Choice</p><h3 class="chakra-heading css-6qrhwc" id="21425929_EA" data-testid="product-title">Pomegranate Lemonade</h3><p class="chakra-text css-1yftjin" data-testid="product-package-size">1.89 l, $0.17/100ml</p></div></a><div class="css-8keand"></div></div><div class="css-1q5omjq"><div class="css-fcebb8"><div data-testid="atc-compact" class="css-y94ivq" style="width: 45px;"><button type="button" class="chakra-button css-mudsm6" data-testid="atc-button"><svg stroke="currentColor" fill="currentColor" stroke-width="0" viewBox="0 0 24 24" focusable="false" class="chakra-icon css-1g3sp7a" data-testid="btn-icon" aria-hidden="true" height="1em" width="1em" xmlns="http://www.w3.org/2000/svg"><path d="M19 13h-6v6h-2v-6H5v-2h6V5h2v6h6v2z"></path></svg><span class="css-idkz9h">Add Pomegranate Lemonade to cart</span></button></div></div></div></div></div></div><div class="css-0"><div class="css-f5i5wc"><div class="chakra-linkbox css-vhnn8v"><div data-testid="product-image" class="css-16dr4ly"><img alt="President's Choice Calamansi Lemonade 1.54 l, $0.29/100ml" src="https://assets.shop.loblaws.ca/products/21506771/b3/en/front/21506771_front_a06_@2.png" srcset="https://assets.shop.loblaws.ca/products/21506771/b3/en/front/21506771_front_a06_@2.png 1x, https://assets.shop.loblaws.ca/products/21506771/b3/en/front/21506771_front_a06_@2.png 2x" loading="lazy" class="chakra-image css-oguq8l" aria-hidden="true"></div><div class="css-qoklea"><div class="css-12dchmx"></div><div data-testid="price-product-tile" class="css-8atqhb"><p class="chakra-text css-0"><span class="chakra-text css-pwnbcb" data-testid="regular-price"><span class="css-idkz9h">$4.49</span>$4.49</span></p></div><a href="/calamansi-lemonade/p/21506771_EA?source=nspt" class="chakra-linkbox__overlay css-1hnz6hu"><div class="css-0"><p class="chakra-text css-1ecdp9w" data-testid="product-brand">President's Choice</p><h3 class="chakra-heading css-6qrhwc" id="21506771_EA" data-testid="product-title">Calamansi Lemonade</h3><p class="chakra-text css-1yftjin" data-testid="product-package-size">1.54 l, $0.29/100ml</p></div></a><div class="css-8keand"></div></div><div class="css-1q5omjq"><div class="css-fcebb8"><div data-testid="atc-compact" class="css-y94ivq" style="width: 45px;"><button type="button" class="chakra-button css-mudsm6" data-testid="atc-button"><svg stroke="currentColor" fill="currentColor" stroke-width="0" viewBox="0 0 24 24" focusable="false" class="chakra-icon css-1g3sp7a" data-testid="btn-icon" aria-hidden="true" height="1em" width="1em" xmlns="http://www.w3.org/2000/svg"><path d="M19 13h-6v6h-2v-6H5v-2h6V5h2v6h6v2z"></path></svg><span class="css-idkz9h">Add Calamansi Lemonade to cart</span></button></div></div></div></div></div></div><div class="css-0"><div class="css-f5i5wc"><div class="chakra-linkbox css-vhnn8v"><div data-testid="product-image" class="css-16dr4ly"><img alt="Fruite Peach Drink 2 l, $0.14/100ml" src="https://assets.shop.loblaws.ca/products/20340058005/b3/en/front/20340058005_front_a06_@2.png" srcset="https://assets.shop.loblaws.ca/products/20340058005/b3/en/front/20340058005_front_a06_@2.png 1x, https://assets.shop.loblaws.ca/products/20340058005/b3/en/front/20340058005_front_a06_@2.png 2x" loading="lazy" class="chakra-image css-oguq8l" aria-hidden="true"></div><div class="css-qoklea"><div class="css-12dchmx"></div><div data-testid="price-product-tile" class="css-8atqhb"><p class="chakra-text css-0"><span class="chakra-text css-pwnbcb" data-testid="regular-price"><span class="css-idkz9h">$2.79</span>$2.79</span></p></div><a href="/peach-drink/p/20340058005_EA?source=nspt" class="chakra-linkbox__overlay css-1hnz6hu"><div class="css-0"><p class="chakra-text css-1ecdp9w" data-testid="product-brand">Fruite</p><h3 class="chakra-heading css-6qrhwc" id="20340058005_EA" data-testid="product-title">Peach Drink</h3><p class="chakra-text css-1yftjin" data-testid="product-package-size">2 l, $0.14/100ml</p></div></a><div class="css-8keand"></div></div><div class="css-1q5omjq"><div class="css-fcebb8"><div data-testid="atc-compact" class="css-y94ivq" style="width: 45px;"><button type="button" class="chakra-button css-mudsm6" data-testid="atc-button"><svg stroke="currentColor" fill="currentColor" stroke-width="0" viewBox="0 0 24 24" focusable="false" class="chakra-icon css-1g3sp7a" data-testid="btn-icon" aria-hidden="true" height="1em" width="1em" xmlns="http://www.w3.org/2000/svg"><path d="M19 13h-6v6h-2v-6H5v-2h6V5h2v6h6v2z"></path></svg><span class="css-idkz9h">Add Peach Drink to cart</span></button></div></div></div></div></div></div><div class="css-0"><div class="css-f5i5wc"><div class="chakra-linkbox css-vhnn8v"><div data-testid="product-image" class="css-16dr4ly"><img alt="Pure Leaf Lemon Iced Tea 1.75 l, $0.25/100ml" src="https://assets.shop.loblaws.ca/products/20755752002/b3/en/front/20755752002_front_a06_@2.png" srcset="https://assets.shop.loblaws.ca/products/20755752002/b3/en/front/20755752002_front_a06_@2.png 1x, https://assets.shop.loblaws.ca/products/20755752002/b3/en/front/20755752002_front_a06_@2.png 2x" loading="lazy" class="chakra-image css-oguq8l" aria-hidden="true"></div><div class="css-qoklea"><div class="css-12dchmx"></div><div data-testid="price-product-tile" class="css-8atqhb"><p class="chakra-text css-0"><span class="chakra-text css-pwnbcb" data-testid="regular-price"><span class="css-idkz9h">$4.29</span>$4.29</span></p></div><a href="/lemon-iced-tea/p/20755752002_EA?source=nspt" class="chakra-linkbox__overlay css-1hnz6hu"><div class="css-0"><p class="chakra-text css-1ecdp9w" data-testid="product-brand">Pure Leaf</p><h3 class="chakra-heading css-6qrhwc" id="20755752002_EA" data-testid="product-title">Lemon Iced Tea</h3><p class="chakra-text css-1yftjin" data-testid="product-package-size">1.75 l, $0.25/100ml</p></div></a><div class="css-8keand"></div></div><div class="css-1q5omjq"><div class="css-fcebb8"><div data-testid="atc-compact" class="css-y94ivq" style="width: 45px;"><button type="button" class="chakra-button css-mudsm6" data-testid="atc-button"><svg stroke="currentColor" fill="currentColor" stroke-width="0" viewBox="0 0 24 24" focusable="false" class="chakra-icon css-1g3sp7a" data-testid="btn-icon" aria-hidden="true" height="1em" width="1em" xmlns="http://www.w3.org/2000/svg"><path d="M19 13h-6v6h-2v-6H5v-2h6V5h2v6h6v2z"></path></svg><span class="css-idkz9h">Add Lemon Iced Tea to cart</span></button></div></div></div></div></div></div><div class="css-0"><div class="css-f5i5wc"><div class="chakra-linkbox css-vhnn8v"><div data-testid="product-image" class="css-16dr4ly"><img alt="Del Monte Guava Nectar 960 ml, $0.16/100ml" src="https://assets.shop.loblaws.ca/products/20894117003/b3/en/front/20894117003_front_a06_@2.png" srcset="https://assets.shop.loblaws.ca/products/20894117003/b3/en/front/20894117003_front_a06_@2.png 1x, https://assets.shop.loblaws.ca/products/20894117003/b3/en/front/20894117003_front_a06_@2.png 2x" loading="lazy" class="chakra-image css-oguq8l" aria-hidden="true"></div><div class="css-qoklea"><div class="css-12dchmx"></div><div data-testid="price-product-tile" class="css-8atqhb"><p class="chakra-text css-0"><span class="chakra-text css-o93gbd" data-testid="sale-price"><span class="css-idkz9h">$1.49</span>$1.49</span><span class="chakra-text css-623q5h" data-testid="was-price"><span class="css-idkz9h">$1.99</span>$1.99</span></p><p class="chakra-text css-1m5a6y8" data-testid="price-descriptor">SAVE $0.50</p></div><a href="/guava-nectar/p/20894117003_EA?source=nspt" class="chakra-linkbox__overlay css-1hnz6hu"><div class="css-0"><p class="chakra-text css-1ecdp9w" data-testid="product-brand">Del Monte</p><h3 class="chakra-heading css-6qrhwc" id="20894117003_EA" data-testid="product-title">Guava Nectar</h3><p class="chakra-text css-1yftjin" data-testid="product-package-size">960 ml, $0.16/100ml</p></div></a><div class="css-8keand"></div></div><div class="css-1q5omjq"><div class="css-fcebb8"><div data-testid="atc-compact" class="css-y94ivq" style="width: 45px;"><button type="button" class="chakra-button css-mudsm6" data-testid="atc-button"><svg stroke="currentColor" fill="currentColor" stroke-width="0" viewBox="0 0 24 24" focusable="false" class="chakra-icon css-1g3sp7a" data-testid="btn-icon" aria-hidden="true" height="1em" width="1em" xmlns="http://www.w3.org/2000/svg"><path d="M19 13h-6v6h-2v-6H5v-2h6V5h2v6h6v2z"></path></svg><span class="css-idkz9h">Add Guava Nectar to cart</span></button></div></div></div></div></div></div><div class="css-0"><div class="css-f5i5wc"><div class="chakra-linkbox css-vhnn8v"><div data-testid="product-image" class="css-16dr4ly"><img alt="Simply Orange Juice with Pulp 2.63 l, $0.26/100ml" src="https://assets.shop.loblaws.ca/products/21592158/b3/en/front/21592158_front_a06_@2.png" srcset="https://assets.shop.loblaws.ca/products/21592158/b3/en/front/21592158_front_a06_@2.png 1x, https://assets.shop.loblaws.ca/products/21592158/b3/en/front/21592158_front_a06_@2.png 2x" loading="lazy" class="chakra-image css-oguq8l" aria-hidden="true"></div><div class="css-qoklea"><div class="css-12dchmx"></div><div data-testid="price-product-tile" class="css-8atqhb"><p class="chakra-text css-0"><span class="chakra-text css-o93gbd" data-testid="sale-price"><span class="css-idkz9h">$6.79</span>$6.79</span><span class="chakra-text css-623q5h" data-testid="was-price"><span class="css-idkz9h">$7.49</span>$7.49</span></p><p class="chakra-text css-1m5a6y8" data-testid="price-descriptor">SAVE $0.70</p></div><a href="/orange-juice-with-pulp/p/21592158_EA?source=nspt" class="chakra-linkbox__overlay css-1hnz6hu"><div class="css-0"><p class="chakra-text css-1ecdp9w" data-testid="product-brand">Simply</p><h3 class="chakra-heading css-6qrhwc" id="21592158_EA" data-testid="product-title">Orange Juice with Pulp</h3><p class="chakra-text css-1yftjin" data-testid="product-package-size">2.63 l, $0.26/100ml</p></div></a><div class="css-8keand"></div></div><div class="css-1q5omjq"><div class="css-fcebb8"><div data-testid="atc-compact" class="css-y94ivq" style="width: 45px;"><button type="button" class="chakra-button css-mudsm6" data-testid="atc-button"><svg stroke="currentColor" fill="currentColor" stroke-width="0" viewBox="0 0 24 24" focusable="false" class="chakra-icon css-1g3sp7a" data-testid="btn-icon" aria-hidden="true" height="1em" width="1em" xmlns="http://www.w3.org/2000/svg"><path d="M19 13h-6v6h-2v-6H5v-2h6V5h2v6h6v2z"></path></svg><span class="css-idkz9h">Add Orange Juice with Pulp to cart</span></button></div></div></div></div></div></div><div class="css-0"><div class="css-f5i5wc"><div class="chakra-linkbox css-vhnn8v"><div data-testid="product-image" class="css-16dr4ly"><img alt="Oasis Hydrafruit Fruit Fusion Fruit Juice 960 ml, $0.16/100ml" src="https://assets.shop.loblaws.ca/products/21004477/b3/en/front/21004477_front_a06_@2.png" srcset="https://assets.shop.loblaws.ca/products/21004477/b3/en/front/21004477_front_a06_@2.png 1x, https://assets.shop.loblaws.ca/products/21004477/b3/en/front/21004477_front_a06_@2.png 2x" loading="lazy" class="chakra-image css-oguq8l" aria-hidden="true"></div><div class="css-qoklea"><div class="css-12dchmx"></div><div data-testid="price-product-tile" class="css-8atqhb"><p class="chakra-text css-0"><span class="chakra-text css-o93gbd" data-testid="sale-price"><span class="css-idkz9h">$1.49</span>$1.49</span><span class="chakra-text css-623q5h" data-testid="was-price"><span class="css-idkz9h">$1.99</span>$1.99</span></p><p class="chakra-text css-1m5a6y8" data-testid="price-descriptor">SAVE $0.50</p></div><a href="/hydrafruit-fruit-fusion-fruit-juice/p/21004477_EA?source=nspt" class="chakra-linkbox__overlay css-1hnz6hu"><div class="css-0"><p class="chakra-text css-1ecdp9w" data-testid="product-brand">Oasis</p><h3 class="chakra-heading css-6qrhwc" id="21004477_EA" data-testid="product-title">Hydrafruit Fruit Fusion Fruit Juice</h3><p class="chakra-text css-1yftjin" data-testid="product-package-size">960 ml, $0.16/100ml</p></div></a><div class="css-8keand"></div></div><div class="css-1q5omjq"><div class="css-fcebb8"><div data-testid="atc-compact" class="css-y94ivq" style="width: 45px;"><button type="button" class="chakra-button css-mudsm6" data-testid="atc-button"><svg stroke="currentColor" fill="currentColor" stroke-width="0" viewBox="0 0 24 24" focusable="false" class="chakra-icon css-1g3sp7a" data-testid="btn-icon" aria-hidden="true" height="1em" width="1em" xmlns="http://www.w3.org/2000/svg"><path d="M19 13h-6v6h-2v-6H5v-2h6V5h2v6h6v2z"></path></svg><span class="css-idkz9h">Add Hydrafruit Fruit Fusion Fruit Juice to cart</span></button></div></div></div></div></div></div><div class="css-0"><div class="css-f5i5wc"><div class="chakra-linkbox css-vhnn8v"><div data-testid="product-image" class="css-16dr4ly"><img alt="Crodo Limonata Sparkling Spring Water With Real Lemon Pulp And Natural Flavours 4x330.0 ml, $0.40/100ml" src="https://assets.shop.loblaws.ca/products/21298431/b3/en/front/21298431_front_a06_@2.png" srcset="https://assets.shop.loblaws.ca/products/21298431/b3/en/front/21298431_front_a06_@2.png 1x, https://assets.shop.loblaws.ca/products/21298431/b3/en/front/21298431_front_a06_@2.png 2x" loading="lazy" class="chakra-image css-oguq8l" aria-hidden="true"></div><div class="css-qoklea"><div class="css-12dchmx"></div><div data-testid="price-product-tile" class="css-8atqhb"><p class="chakra-text css-0"><span class="chakra-text css-pwnbcb" data-testid="regular-price"><span class="css-idkz9h">$5.29</span>$5.29</span></p></div><a href="/limonata-sparkling-spring-water-with-real-lemon-pu/p/21298431_C04?source=nspt" class="chakra-linkbox__overlay css-1hnz6hu"><div class="css-0"><p class="chakra-text css-1ecdp9w" data-testid="product-brand">Crodo</p><h3 class="chakra-heading css-6qrhwc" id="21298431_C04" data-testid="product-title">Limonata Sparkling Spring Water With Real Lemon Pulp And Natural Flavours</h3><p class="chakra-text css-1yftjin" data-testid="product-package-size">4x330.0 ml, $0.40/100ml</p></div></a><div class="css-8keand"></div></div><div class="css-1q5omjq"><div class="css-fcebb8"><div data-testid="atc-compact" class="css-y94ivq" style="width: 45px;"><button type="button" class="chakra-button css-mudsm6" data-testid="atc-button"><svg stroke="currentColor" fill="currentColor" stroke-width="0" viewBox="0 0 24 24" focusable="false" class="chakra-icon css-1g3sp7a" data-testid="btn-icon" aria-hidden="true" height="1em" width="1em" xmlns="http://www.w3.org/2000/svg"><path d="M19 13h-6v6h-2v-6H5v-2h6V5h2v6h6v2z"></path></svg><span class="css-idkz9h">Add Limonata Sparkling Spring Water With Real Lemon Pulp And Natural Flavours to cart</span></button></div></div></div></div></div></div></div><div data-testid="product-grid" class="css-epcqr3"><div class="css-0"><div class="css-f5i5wc"><div class="chakra-linkbox css-vhnn8v"><div data-testid="product-image" class="css-16dr4ly"><img alt="President's Choice 8-Vegetable Cocktail 1.89 l, $0.16/100ml" src="https://assets.shop.loblaws.ca/products/20506849004/b3/en/front/20506849004_front_a06_@2.png" srcset="https://assets.shop.loblaws.ca/products/20506849004/b3/en/front/20506849004_front_a06_@2.png 1x, https://assets.shop.loblaws.ca/products/20506849004/b3/en/front/20506849004_front_a06_@2.png 2x" loading="lazy" class="chakra-image css-oguq8l" aria-hidden="true"></div><div class="css-qoklea"><div class="css-12dchmx"></div><div data-testid="price-product-tile" class="css-8atqhb"><p class="chakra-text css-0"><span class="chakra-text css-o93gbd" data-testid="sale-price"><span class="css-idkz9h">$2.99</span>$2.99</span><span class="chakra-text css-623q5h" data-testid="was-price"><span class="css-idkz9h">$3.29</span>$3.29</span></p><p class="chakra-text css-1m5a6y8" data-testid="price-descriptor">SAVE $0.30</p></div><a href="/8-vegetable-cocktail/p/20506849004_EA?source=nspt" class="chakra-linkbox__overlay css-1hnz6hu"><div class="css-0"><p class="chakra-text css-1ecdp9w" data-testid="product-brand">President's Choice</p><h3 class="chakra-heading css-6qrhwc" id="20506849004_EA" data-testid="product-title">8-Vegetable Cocktail</h3><p class="chakra-text css-1yftjin" data-testid="product-package-size">1.89 l, $0.16/100ml</p></div></a><div class="css-8keand"></div></div><div class="css-1q5omjq"><div class="css-fcebb8"><div data-testid="atc-compact" class="css-y94ivq" style="width: 45px;"><button type="button" class="chakra-button css-mudsm6" data-testid="atc-button"><svg stroke="currentColor" fill="currentColor" stroke-width="0" viewBox="0 0 24 24" focusable="false" class="chakra-icon css-1g3sp7a" data-testid="btn-icon" aria-hidden="true" height="1em" width="1em" xmlns="http://www.w3.org/2000/svg"><path d="M19 13h-6v6h-2v-6H5v-2h6V5h2v6h6v2z"></path></svg><span class="css-idkz9h">Add 8-Vegetable Cocktail to cart</span></button></div></div></div></div></div></div><div class="css-0"><div class="css-f5i5wc"><div class="chakra-linkbox css-vhnn8v"><div data-testid="product-image" class="css-16dr4ly"><img alt="Kang Shi Fu Jasmine Tea Drink 500 ml, $0.40/100ml" src="https://assets.shop.loblaws.ca/products/21528502/b3/en/front/21528502_front_a06_@2.png" srcset="https://assets.shop.loblaws.ca/products/21528502/b3/en/front/21528502_front_a06_@2.png 1x, https://assets.shop.loblaws.ca/products/21528502/b3/en/front/21528502_front_a06_@2.png 2x" loading="lazy" class="chakra-image css-oguq8l" aria-hidden="true"></div><div class="css-qoklea"><div class="css-12dchmx"></div><div data-testid="price-product-tile" class="css-8atqhb"><p class="chakra-text css-0"><span class="chakra-text css-pwnbcb" data-testid="regular-price"><span class="css-idkz9h">$1.99</span>$1.99</span></p></div><a href="/jasmine-tea-drink/p/21528502_EA?source=nspt" class="chakra-linkbox__overlay css-1hnz6hu"><div class="css-0"><p class="chakra-text css-1ecdp9w" data-testid="product-brand">Kang Shi Fu</p><h3 class="chakra-heading css-6qrhwc" id="21528502_EA" data-testid="product-title">Jasmine Tea Drink</h3><p class="chakra-text css-1yftjin" data-testid="product-package-size">500 ml, $0.40/100ml</p></div></a><div class="css-8keand"></div></div><div class="css-1q5omjq"><div class="css-fcebb8"><div data-testid="atc-compact" class="css-y94ivq" style="width: 45px;"><button type="button" class="chakra-button css-mudsm6" data-testid="atc-button"><svg stroke="currentColor" fill="currentColor" stroke-width="0" viewBox="0 0 24 24" focusable="false" class="chakra-icon css-1g3sp7a" data-testid="btn-icon" aria-hidden="true" height="1em" width="1em" xmlns="http://www.w3.org/2000/svg"><path d="M19 13h-6v6h-2v-6H5v-2h6V5h2v6h6v2z"></path></svg><span class="css-idkz9h">Add Jasmine Tea Drink to cart</span></button></div></div></div></div></div></div><div class="css-0"><div class="css-f5i5wc"><div class="chakra-linkbox css-vhnn8v"><div data-testid="product-image" class="css-16dr4ly"><img alt="Mott's Clamato, The Works 1.89 l, $0.23/100ml" src="https://assets.shop.loblaws.ca/products/20318955001/b3/en/front/20318955001_front_a06_@2.png" srcset="https://assets.shop.loblaws.ca/products/20318955001/b3/en/front/20318955001_front_a06_@2.png 1x, https://assets.shop.loblaws.ca/products/20318955001/b3/en/front/20318955001_front_a06_@2.png 2x" loading="lazy" class="chakra-image css-oguq8l" aria-hidden="true"></div><div class="css-qoklea"><div class="css-12dchmx"></div><div data-testid="price-product-tile" class="css-8atqhb"><p class="chakra-text css-0"><span class="chakra-text css-pwnbcb" data-testid="regular-price"><span class="css-idkz9h">$4.29</span>$4.29</span></p></div><a href="/clamato-the-works/p/20318955001_EA?source=nspt" class="chakra-linkbox__overlay css-1hnz6hu"><div class="css-0"><p class="chakra-text css-1ecdp9w" data-testid="product-brand">Mott's</p><h3 class="chakra-heading css-6qrhwc" id="20318955001_EA" data-testid="product-title">Clamato, The Works</h3><p class="chakra-text css-1yftjin" data-testid="product-package-size">1.89 l, $0.23/100ml</p></div></a><div class="css-8keand"></div></div><div class="css-1q5omjq"><div class="css-fcebb8"><div data-testid="atc-compact" class="css-y94ivq" style="width: 45px;"><button disabled="" type="button" class="chakra-button css-mudsm6" data-testid="atc-button"><svg stroke="currentColor" fill="currentColor" stroke-width="0" viewBox="0 0 24 24" focusable="false" class="chakra-icon css-1g3sp7a" data-testid="btn-icon" aria-hidden="true" height="1em" width="1em" xmlns="http://www.w3.org/2000/svg"><path d="M19 13h-6v6h-2v-6H5v-2h6V5h2v6h6v2z"></path></svg><span class="css-idkz9h">Add Clamato, The Works to cart</span></button></div></div><div class="css-4saf4a"><p class="chakra-text css-py8788" data-testid="inventory-badge-text">Out of Stock</p></div></div></div></div></div><div class="css-0"><div class="css-f5i5wc"><div class="chakra-linkbox css-vhnn8v"><div data-testid="product-image" class="css-16dr4ly"><img alt="President's Choice Original Tomato Clam Cocktail 1.89 l, $0.16/100ml" src="https://assets.shop.loblaws.ca/products/20506849003/b3/en/front/20506849003_front_a06_@2.png" srcset="https://assets.shop.loblaws.ca/products/20506849003/b3/en/front/20506849003_front_a06_@2.png 1x, https://assets.shop.loblaws.ca/products/20506849003/b3/en/front/20506849003_front_a06_@2.png 2x" loading="lazy" class="chakra-image css-oguq8l" aria-hidden="true"></div><div class="css-qoklea"><div class="css-12dchmx"></div><div data-testid="price-product-tile" class="css-8atqhb"><p class="chakra-text css-0"><span class="chakra-text css-o93gbd" data-testid="sale-price"><span class="css-idkz9h">$2.99</span>$2.99</span><span class="chakra-text css-623q5h" data-testid="was-price"><span class="css-idkz9h">$3.49</span>$3.49</span></p><p class="chakra-text css-1m5a6y8" data-testid="price-descriptor">SAVE $0.50</p></div><a href="/original-tomato-clam-cocktail/p/20506849003_EA?source=nspt" class="chakra-linkbox__overlay css-1hnz6hu"><div class="css-0"><p class="chakra-text css-1ecdp9w" data-testid="product-brand">President's Choice</p><h3 class="chakra-heading css-6qrhwc" id="20506849003_EA" data-testid="product-title">Original Tomato Clam Cocktail</h3><p class="chakra-text css-1yftjin" data-testid="product-package-size">1.89 l, $0.16/100ml</p></div></a><div class="css-8keand"></div></div><div class="css-1q5omjq"><div class="css-fcebb8"><div data-testid="atc-compact" class="css-y94ivq" style="width: 45px;"><button type="button" class="chakra-button css-mudsm6" data-testid="atc-button"><svg stroke="currentColor" fill="currentColor" stroke-width="0" viewBox="0 0 24 24" focusable="false" class="chakra-icon css-1g3sp7a" data-testid="btn-icon" aria-hidden="true" height="1em" width="1em" xmlns="http://www.w3.org/2000/svg"><path d="M19 13h-6v6h-2v-6H5v-2h6V5h2v6h6v2z"></path></svg><span class="css-idkz9h">Add Original Tomato Clam Cocktail to cart</span></button></div></div></div></div></div></div><div class="css-0"><div class="css-f5i5wc"><div class="chakra-linkbox css-vhnn8v"><div data-testid="product-image" class="css-16dr4ly"><img alt="No Name Cranberry Cocktail 3.78 l, $0.16/100ml" src="https://assets.shop.loblaws.ca/products/20305325/b3/en/front/20305325_front_a06_@2.png" srcset="https://assets.shop.loblaws.ca/products/20305325/b3/en/front/20305325_front_a06_@2.png 1x, https://assets.shop.loblaws.ca/products/20305325/b3/en/front/20305325_front_a06_@2.png 2x" loading="lazy" class="chakra-image css-oguq8l" aria-hidden="true"></div><div class="css-qoklea"><div class="css-12dchmx"></div><div data-testid="price-product-tile" class="css-8atqhb"><p class="chakra-text css-0"><span class="chakra-text css-pwnbcb" data-testid="regular-price"><span class="css-idkz9h">$5.99</span>$5.99</span></p></div><a href="/cranberry-cocktail/p/20305325_EA?source=nspt" class="chakra-linkbox__overlay css-1hnz6hu"><div class="css-0"><p class="chakra-text css-1ecdp9w" data-testid="product-brand">No Name</p><h3 class="chakra-heading css-6qrhwc" id="20305325_EA" data-testid="product-title">Cranberry Cocktail</h3><p class="chakra-text css-1yftjin" data-testid="product-package-size">3.78 l, $0.16/100ml</p></div></a><div class="css-8keand"></div></div><div class="css-1q5omjq"><div class="css-fcebb8"><div data-testid="atc-compact" class="css-y94ivq" style="width: 45px;"><button disabled="" type="button" class="chakra-button css-mudsm6" data-testid="atc-button"><svg stroke="currentColor" fill="currentColor" stroke-width="0" viewBox="0 0 24 24" focusable="false" class="chakra-icon css-1g3sp7a" data-testid="btn-icon" aria-hidden="true" height="1em" width="1em" xmlns="http://www.w3.org/2000/svg"><path d="M19 13h-6v6h-2v-6H5v-2h6V5h2v6h6v2z"></path></svg><span class="css-idkz9h">Add Cranberry Cocktail to cart</span></button></div></div><div class="css-4saf4a"><p class="chakra-text css-py8788" data-testid="inventory-badge-text">Out of Stock</p></div></div></div></div></div><div class="css-0"><div class="css-f5i5wc"><div class="chakra-linkbox css-vhnn8v"><div data-testid="product-image" class="css-16dr4ly"><img alt="Kang Shi Fu Ice Black Tea Drink Lemon Flavour 500 ml, $0.40/100ml" src="https://assets.shop.loblaws.ca/products/21528503/b3/en/front/21528503_front_a06_@2.png" srcset="https://assets.shop.loblaws.ca/products/21528503/b3/en/front/21528503_front_a06_@2.png 1x, https://assets.shop.loblaws.ca/products/21528503/b3/en/front/21528503_front_a06_@2.png 2x" loading="lazy" class="chakra-image css-oguq8l" aria-hidden="true"></div><div class="css-qoklea"><div class="css-12dchmx"></div><div data-testid="price-product-tile" class="css-8atqhb"><p class="chakra-text css-0"><span class="chakra-text css-pwnbcb" data-testid="regular-price"><span class="css-idkz9h">$1.99</span>$1.99</span></p></div><a href="/ice-black-tea-drink-lemon-flavour/p/21528503_EA?source=nspt" class="chakra-linkbox__overlay css-1hnz6hu"><div class="css-0"><p class="chakra-text css-1ecdp9w" data-testid="product-brand">Kang Shi Fu</p><h3 class="chakra-heading css-6qrhwc" id="21528503_EA" data-testid="product-title">Ice Black Tea Drink Lemon Flavour</h3><p class="chakra-text css-1yftjin" data-testid="product-package-size">500 ml, $0.40/100ml</p></div></a><div class="css-8keand"></div></div><div class="css-1q5omjq"><div class="css-fcebb8"><div data-testid="atc-compact" class="css-y94ivq" style="width: 45px;"><button type="button" class="chakra-button css-mudsm6" data-testid="atc-button"><svg stroke="currentColor" fill="currentColor" stroke-width="0" viewBox="0 0 24 24" focusable="false" class="chakra-icon css-1g3sp7a" data-testid="btn-icon" aria-hidden="true" height="1em" width="1em" xmlns="http://www.w3.org/2000/svg"><path d="M19 13h-6v6h-2v-6H5v-2h6V5h2v6h6v2z"></path></svg><span class="css-idkz9h">Add Ice Black Tea Drink Lemon Flavour to cart</span></button></div></div></div></div></div></div><div class="css-0"><div class="css-f5i5wc"><div class="chakra-linkbox css-vhnn8v"><div data-testid="product-image" class="css-16dr4ly"><img alt="Mott's Clamato, Lime 1.89 l, $0.23/100ml" src="https://assets.shop.loblaws.ca/products/20318955004/b3/en/front/20318955004_front_a06_@2.png" srcset="https://assets.shop.loblaws.ca/products/20318955004/b3/en/front/20318955004_front_a06_@2.png 1x, https://assets.shop.loblaws.ca/products/20318955004/b3/en/front/20318955004_front_a06_@2.png 2x" loading="lazy" class="chakra-image css-oguq8l" aria-hidden="true"></div><div class="css-qoklea"><div class="css-12dchmx"></div><div data-testid="price-product-tile" class="css-8atqhb"><p class="chakra-text css-0"><span class="chakra-text css-pwnbcb" data-testid="regular-price"><span class="css-idkz9h">$4.29</span>$4.29</span></p></div><a href="/clamato-lime/p/20318955004_EA?source=nspt" class="chakra-linkbox__overlay css-1hnz6hu"><div class="css-0"><p class="chakra-text css-1ecdp9w" data-testid="product-brand">Mott's</p><h3 class="chakra-heading css-6qrhwc" id="20318955004_EA" data-testid="product-title">Clamato, Lime</h3><p class="chakra-text css-1yftjin" data-testid="product-package-size">1.89 l, $0.23/100ml</p></div></a><div class="css-8keand"></div></div><div class="css-1q5omjq"><div class="css-fcebb8"><div data-testid="atc-compact" class="css-y94ivq" style="width: 45px;"><button type="button" class="chakra-button css-mudsm6" data-testid="atc-button"><svg stroke="currentColor" fill="currentColor" stroke-width="0" viewBox="0 0 24 24" focusable="false" class="chakra-icon css-1g3sp7a" data-testid="btn-icon" aria-hidden="true" height="1em" width="1em" xmlns="http://www.w3.org/2000/svg"><path d="M19 13h-6v6h-2v-6H5v-2h6V5h2v6h6v2z"></path></svg><span class="css-idkz9h">Add Clamato, Lime to cart</span></button></div></div><div class="css-4saf4a"><p class="chakra-text css-py8788" data-testid="inventory-badge-text">Low Stock</p></div></div></div></div></div><div class="css-0"><div class="css-f5i5wc"><div class="chakra-linkbox css-vhnn8v"><div data-testid="product-image" class="css-16dr4ly"><img alt="President's Choice Banana Strawberry Juice Boxes  10x200.0 ml, $0.25/100ml" src="https://assets.shop.loblaws.ca/products/21061898/b3/en/front/21061898_front_a06_@2.png" srcset="https://assets.shop.loblaws.ca/products/21061898/b3/en/front/21061898_front_a06_@2.png 1x, https://assets.shop.loblaws.ca/products/21061898/b3/en/front/21061898_front_a06_@2.png 2x" loading="lazy" class="chakra-image css-oguq8l" aria-hidden="true"></div><div class="css-qoklea"><div class="css-12dchmx"></div><div data-testid="price-product-tile" class="css-8atqhb"><p class="chakra-text css-0"><span class="chakra-text css-pwnbcb" data-testid="regular-price"><span class="css-idkz9h">$4.99</span>$4.99</span></p></div><a href="/banana-strawberry-juice-boxes/p/21061898_EA?source=nspt" class="chakra-linkbox__overlay css-1hnz6hu"><div class="css-0"><p class="chakra-text css-1ecdp9w" data-testid="product-brand">President's Choice</p><h3 class="chakra-heading css-6qrhwc" id="21061898_EA" data-testid="product-title">Banana Strawberry Juice Boxes </h3><p class="chakra-text css-1yftjin" data-testid="product-package-size">10x200.0 ml, $0.25/100ml</p></div></a><div class="css-8keand"></div></div><div class="css-1q5omjq"><div class="css-fcebb8"><div data-testid="atc-compact" class="css-y94ivq" style="width: 45px;"><button type="button" class="chakra-button css-mudsm6" data-testid="atc-button"><svg stroke="currentColor" fill="currentColor" stroke-width="0" viewBox="0 0 24 24" focusable="false" class="chakra-icon css-1g3sp7a" data-testid="btn-icon" aria-hidden="true" height="1em" width="1em" xmlns="http://www.w3.org/2000/svg"><path d="M19 13h-6v6h-2v-6H5v-2h6V5h2v6h6v2z"></path></svg><span class="css-idkz9h">Add Banana Strawberry Juice Boxes  to cart</span></button></div></div></div></div></div></div><div class="css-0"><div class="css-f5i5wc"><div class="chakra-linkbox css-vhnn8v"><div data-testid="product-image" class="css-16dr4ly"><img alt="PC Blue Menu Blueberry Cocktail 1.89 l, $0.16/100ml" src="https://assets.shop.loblaws.ca/products/20503101/b3/en/front/20503101_front_a06_@2.png" srcset="https://assets.shop.loblaws.ca/products/20503101/b3/en/front/20503101_front_a06_@2.png 1x, https://assets.shop.loblaws.ca/products/20503101/b3/en/front/20503101_front_a06_@2.png 2x" loading="lazy" class="chakra-image css-oguq8l" aria-hidden="true"></div><div class="css-qoklea"><div class="css-12dchmx"></div><div data-testid="price-product-tile" class="css-8atqhb"><p class="chakra-text css-0"><span class="chakra-text css-o93gbd" data-testid="sale-price"><span class="css-idkz9h">$2.99</span>$2.99</span><span class="chakra-text css-623q5h" data-testid="was-price"><span class="css-idkz9h">$3.49</span>$3.49</span></p><p class="chakra-text css-1m5a6y8" data-testid="price-descriptor">SAVE $0.50</p></div><a href="/blueberry-cocktail/p/20503101_EA?source=nspt" class="chakra-linkbox__overlay css-1hnz6hu"><div class="css-0"><p class="chakra-text css-1ecdp9w" data-testid="product-brand">PC Blue Menu</p><h3 class="chakra-heading css-6qrhwc" id="20503101_EA" data-testid="product-title">Blueberry Cocktail</h3><p class="chakra-text css-1yftjin" data-testid="product-package-size">1.89 l, $0.16/100ml</p></div></a><div class="css-8keand"></div></div><div class="css-1q5omjq"><div class="css-fcebb8"><div data-testid="atc-compact" class="css-y94ivq" style="width: 45px;"><button type="button" class="chakra-button css-mudsm6" data-testid="atc-button"><svg stroke="currentColor" fill="currentColor" stroke-width="0" viewBox="0 0 24 24" focusable="false" class="chakra-icon css-1g3sp7a" data-testid="btn-icon" aria-hidden="true" height="1em" width="1em" xmlns="http://www.w3.org/2000/svg"><path d="M19 13h-6v6h-2v-6H5v-2h6V5h2v6h6v2z"></path></svg><span class="css-idkz9h">Add Blueberry Cocktail to cart</span></button></div></div></div></div></div></div><div class="css-0"><div class="css-f5i5wc"><div class="chakra-linkbox css-vhnn8v"><div data-testid="product-image" class="css-16dr4ly"><img alt="Heinz Tomato Juice 540 ml, $0.46/100ml" src="https://assets.shop.loblaws.ca/products/20025557/b3/en/front/20025557_front_a06_@2.png" srcset="https://assets.shop.loblaws.ca/products/20025557/b3/en/front/20025557_front_a06_@2.png 1x, https://assets.shop.loblaws.ca/products/20025557/b3/en/front/20025557_front_a06_@2.png 2x" loading="lazy" class="chakra-image css-oguq8l" aria-hidden="true"></div><div class="css-qoklea"><div class="css-12dchmx"></div><div data-testid="price-product-tile" class="css-8atqhb"><p class="chakra-text css-0"><span class="chakra-text css-pwnbcb" data-testid="regular-price"><span class="css-idkz9h">$2.49</span>$2.49</span></p></div><a href="/tomato-juice/p/20025557_EA?source=nspt" class="chakra-linkbox__overlay css-1hnz6hu"><div class="css-0"><p class="chakra-text css-1ecdp9w" data-testid="product-brand">Heinz</p><h3 class="chakra-heading css-6qrhwc" id="20025557_EA" data-testid="product-title">Tomato Juice</h3><p class="chakra-text css-1yftjin" data-testid="product-package-size">540 ml, $0.46/100ml</p></div></a><div class="css-8keand"></div></div><div class="css-1q5omjq"><div class="css-fcebb8"><div data-testid="atc-compact" class="css-y94ivq" style="width: 45px;"><button type="button" class="chakra-button css-mudsm6" data-testid="atc-button"><svg stroke="currentColor" fill="currentColor" stroke-width="0" viewBox="0 0 24 24" focusable="false" class="chakra-icon css-1g3sp7a" data-testid="btn-icon" aria-hidden="true" height="1em" width="1em" xmlns="http://www.w3.org/2000/svg"><path d="M19 13h-6v6h-2v-6H5v-2h6V5h2v6h6v2z"></path></svg><span class="css-idkz9h">Add Tomato Juice to cart</span></button></div></div></div></div></div></div><div class="css-0"><div class="css-f5i5wc"><div class="chakra-linkbox css-vhnn8v"><div data-testid="product-image" class="css-16dr4ly"><img alt="Alphonso Mango Real Fruit Beverage 1.75 l, $0.25/100ml" src="https://assets.shop.loblaws.ca/products/21128528/b3/en/front/21128528_front_a06_@2.png" srcset="https://assets.shop.loblaws.ca/products/21128528/b3/en/front/21128528_front_a06_@2.png 1x, https://assets.shop.loblaws.ca/products/21128528/b3/en/front/21128528_front_a06_@2.png 2x" loading="lazy" class="chakra-image css-oguq8l" aria-hidden="true"></div><div class="css-qoklea"><div class="css-12dchmx"></div><div data-testid="price-product-tile" class="css-8atqhb"><p class="chakra-text css-0"><span class="chakra-text css-pwnbcb" data-testid="regular-price"><span class="css-idkz9h">$4.29</span>$4.29</span></p></div><a href="/mango-real-fruit-beverage/p/21128528_EA?source=nspt" class="chakra-linkbox__overlay css-1hnz6hu"><div class="css-0"><p class="chakra-text css-1ecdp9w" data-testid="product-brand">Alphonso</p><h3 class="chakra-heading css-6qrhwc" id="21128528_EA" data-testid="product-title">Mango Real Fruit Beverage</h3><p class="chakra-text css-1yftjin" data-testid="product-package-size">1.75 l, $0.25/100ml</p></div></a><div class="css-8keand"></div></div><div class="css-1q5omjq"><div class="css-fcebb8"><div data-testid="atc-compact" class="css-y94ivq" style="width: 45px;"><button type="button" class="chakra-button css-mudsm6" data-testid="atc-button"><svg stroke="currentColor" fill="currentColor" stroke-width="0" viewBox="0 0 24 24" focusable="false" class="chakra-icon css-1g3sp7a" data-testid="btn-icon" aria-hidden="true" height="1em" width="1em" xmlns="http://www.w3.org/2000/svg"><path d="M19 13h-6v6h-2v-6H5v-2h6V5h2v6h6v2z"></path></svg><span class="css-idkz9h">Add Mango Real Fruit Beverage to cart</span></button></div></div></div></div></div></div><div class="css-0"><div class="css-f5i5wc"><div class="chakra-linkbox css-vhnn8v"><div data-testid="product-image" class="css-16dr4ly"><img alt="Alphonso Guava Real Fruit Beverage 1.75 l, $0.25/100ml" src="https://assets.shop.loblaws.ca/products/21128530/b3/en/front/21128530_front_a06_@2.png" srcset="https://assets.shop.loblaws.ca/products/21128530/b3/en/front/21128530_front_a06_@2.png 1x, https://assets.shop.loblaws.ca/products/21128530/b3/en/front/21128530_front_a06_@2.png 2x" loading="lazy" class="chakra-image css-oguq8l" aria-hidden="true"></div><div class="css-qoklea"><div class="css-12dchmx"></div><div data-testid="price-product-tile" class="css-8atqhb"><p class="chakra-text css-0"><span class="chakra-text css-pwnbcb" data-testid="regular-price"><span class="css-idkz9h">$4.29</span>$4.29</span></p></div><a href="/guava-real-fruit-beverage/p/21128530_EA?source=nspt" class="chakra-linkbox__overlay css-1hnz6hu"><div class="css-0"><p class="chakra-text css-1ecdp9w" data-testid="product-brand">Alphonso</p><h3 class="chakra-heading css-6qrhwc" id="21128530_EA" data-testid="product-title">Guava Real Fruit Beverage</h3><p class="chakra-text css-1yftjin" data-testid="product-package-size">1.75 l, $0.25/100ml</p></div></a><div class="css-8keand"></div></div><div class="css-1q5omjq"><div class="css-fcebb8"><div data-testid="atc-compact" class="css-y94ivq" style="width: 45px;"><button type="button" class="chakra-button css-mudsm6" data-testid="atc-button"><svg stroke="currentColor" fill="currentColor" stroke-width="0" viewBox="0 0 24 24" focusable="false" class="chakra-icon css-1g3sp7a" data-testid="btn-icon" aria-hidden="true" height="1em" width="1em" xmlns="http://www.w3.org/2000/svg"><path d="M19 13h-6v6h-2v-6H5v-2h6V5h2v6h6v2z"></path></svg><span class="css-idkz9h">Add Guava Real Fruit Beverage to cart</span></button></div></div></div></div></div></div><div class="css-0"><div class="css-f5i5wc"><div class="chakra-linkbox css-vhnn8v"><div data-testid="product-image" class="css-16dr4ly"><img alt="Cool Runnings Runnings Coconut Water     500 ml, $0.40/100ml" src="https://assets.shop.loblaws.ca/products/20854361/b3/en/front/20854361_front_a06_@2.png" srcset="https://assets.shop.loblaws.ca/products/20854361/b3/en/front/20854361_front_a06_@2.png 1x, https://assets.shop.loblaws.ca/products/20854361/b3/en/front/20854361_front_a06_@2.png 2x" loading="lazy" class="chakra-image css-oguq8l" aria-hidden="true"></div><div class="css-qoklea"><div class="css-12dchmx"></div><div data-testid="price-product-tile" class="css-8atqhb"><p class="chakra-text css-0"><span class="chakra-text css-pwnbcb" data-testid="regular-price"><span class="css-idkz9h">$1.99</span>$1.99</span></p></div><a href="/runnings-coconut-water/p/20854361_EA?source=nspt" class="chakra-linkbox__overlay css-1hnz6hu"><div class="css-0"><p class="chakra-text css-1ecdp9w" data-testid="product-brand">Cool Runnings</p><h3 class="chakra-heading css-6qrhwc" id="20854361_EA" data-testid="product-title">Runnings Coconut Water    </h3><p class="chakra-text css-1yftjin" data-testid="product-package-size">500 ml, $0.40/100ml</p></div></a><div class="css-8keand"></div></div><div class="css-1q5omjq"><div class="css-fcebb8"><div data-testid="atc-compact" class="css-y94ivq" style="width: 45px;"><button type="button" class="chakra-button css-mudsm6" data-testid="atc-button"><svg stroke="currentColor" fill="currentColor" stroke-width="0" viewBox="0 0 24 24" focusable="false" class="chakra-icon css-1g3sp7a" data-testid="btn-icon" aria-hidden="true" height="1em" width="1em" xmlns="http://www.w3.org/2000/svg"><path d="M19 13h-6v6h-2v-6H5v-2h6V5h2v6h6v2z"></path></svg><span class="css-idkz9h">Add Runnings Coconut Water     to cart</span></button></div></div></div></div></div></div><div class="css-0"><div class="css-f5i5wc"><div class="chakra-linkbox css-vhnn8v"><div data-testid="product-image" class="css-16dr4ly"><img alt="Mott's Clamato, Extra Spicy 1.89 l, $0.23/100ml" src="https://assets.shop.loblaws.ca/products/20318955003/b3/en/front/20318955003_front_a06_@2.png" srcset="https://assets.shop.loblaws.ca/products/20318955003/b3/en/front/20318955003_front_a06_@2.png 1x, https://assets.shop.loblaws.ca/products/20318955003/b3/en/front/20318955003_front_a06_@2.png 2x" loading="lazy" class="chakra-image css-oguq8l" aria-hidden="true"></div><div class="css-qoklea"><div class="css-12dchmx"></div><div data-testid="price-product-tile" class="css-8atqhb"><p class="chakra-text css-0"><span class="chakra-text css-pwnbcb" data-testid="regular-price"><span class="css-idkz9h">$4.29</span>$4.29</span></p></div><a href="/clamato-extra-spicy/p/20318955003_EA?source=nspt" class="chakra-linkbox__overlay css-1hnz6hu"><div class="css-0"><p class="chakra-text css-1ecdp9w" data-testid="product-brand">Mott's</p><h3 class="chakra-heading css-6qrhwc" id="20318955003_EA" data-testid="product-title">Clamato, Extra Spicy</h3><p class="chakra-text css-1yftjin" data-testid="product-package-size">1.89 l, $0.23/100ml</p></div></a><div class="css-8keand"></div></div><div class="css-1q5omjq"><div class="css-fcebb8"><div data-testid="atc-compact" class="css-y94ivq" style="width: 45px;"><button type="button" class="chakra-button css-mudsm6" data-testid="atc-button"><svg stroke="currentColor" fill="currentColor" stroke-width="0" viewBox="0 0 24 24" focusable="false" class="chakra-icon css-1g3sp7a" data-testid="btn-icon" aria-hidden="true" height="1em" width="1em" xmlns="http://www.w3.org/2000/svg"><path d="M19 13h-6v6h-2v-6H5v-2h6V5h2v6h6v2z"></path></svg><span class="css-idkz9h">Add Clamato, Extra Spicy to cart</span></button></div></div><div class="css-4saf4a"><p class="chakra-text css-py8788" data-testid="inventory-badge-text">Low Stock</p></div></div></div></div></div><div class="css-0"><div class="css-f5i5wc"><div class="chakra-linkbox css-vhnn8v"><div data-testid="product-image" class="css-16dr4ly"><img alt="Hamdard Beverage  800 ml, $0.75/100ml" src="https://assets.shop.loblaws.ca/products/21027924/b3/en/front/21027924_front_a06_@2.png" srcset="https://assets.shop.loblaws.ca/products/21027924/b3/en/front/21027924_front_a06_@2.png 1x, https://assets.shop.loblaws.ca/products/21027924/b3/en/front/21027924_front_a06_@2.png 2x" loading="lazy" class="chakra-image css-oguq8l" aria-hidden="true"></div><div class="css-qoklea"><div class="css-12dchmx"></div><div data-testid="price-product-tile" class="css-8atqhb"><p class="chakra-text css-0"><span class="chakra-text css-pwnbcb" data-testid="regular-price"><span class="css-idkz9h">$5.99</span>$5.99</span></p></div><a href="/beverage/p/21027924_EA?source=nspt" class="chakra-linkbox__overlay css-1hnz6hu"><div class="css-0"><p class="chakra-text css-1ecdp9w" data-testid="product-brand">Hamdard</p><h3 class="chakra-heading css-6qrhwc" id="21027924_EA" data-testid="product-title">Beverage </h3><p class="chakra-text css-1yftjin" data-testid="product-package-size">800 ml, $0.75/100ml</p></div></a><div class="css-8keand"></div></div><div class="css-1q5omjq"><div class="css-fcebb8"><div data-testid="atc-compact" class="css-y94ivq" style="width: 45px;"><button type="button" class="chakra-button css-mudsm6" data-testid="atc-button"><svg stroke="currentColor" fill="currentColor" stroke-width="0" viewBox="0 0 24 24" focusable="false" class="chakra-icon css-1g3sp7a" data-testid="btn-icon" aria-hidden="true" height="1em" width="1em" xmlns="http://www.w3.org/2000/svg"><path d="M19 13h-6v6h-2v-6H5v-2h6V5h2v6h6v2z"></path></svg><span class="css-idkz9h">Add Beverage  to cart</span></button></div></div><div class="css-4saf4a"><p class="chakra-text css-py8788" data-testid="inventory-badge-text">Low Stock</p></div></div></div></div></div><div class="css-0"><div class="css-f5i5wc"><div class="chakra-linkbox css-vhnn8v"><div data-testid="product-image" class="css-16dr4ly"><img alt="V8 Vegetable Cocktail 6x156.0 ml, $0.43/100ml" src="https://assets.shop.loblaws.ca/products/20297564002/b3/en/front/20297564002_front_a06_@2.png" srcset="https://assets.shop.loblaws.ca/products/20297564002/b3/en/front/20297564002_front_a06_@2.png 1x, https://assets.shop.loblaws.ca/products/20297564002/b3/en/front/20297564002_front_a06_@2.png 2x" loading="lazy" class="chakra-image css-oguq8l" aria-hidden="true"></div><div class="css-qoklea"><div class="css-12dchmx"></div><div data-testid="price-product-tile" class="css-8atqhb"><p class="chakra-text css-0"><span class="chakra-text css-o93gbd" data-testid="sale-price"><span class="css-idkz9h">$3.99</span>$3.99</span><span class="chakra-text css-623q5h" data-testid="was-price"><span class="css-idkz9h">$4.29</span>$4.29</span></p><p class="chakra-text css-1m5a6y8" data-testid="price-descriptor">SAVE $0.30</p></div><a href="/vegetable-cocktail/p/20297564002_EA?source=nspt" class="chakra-linkbox__overlay css-1hnz6hu"><div class="css-0"><p class="chakra-text css-1ecdp9w" data-testid="product-brand">V8</p><h3 class="chakra-heading css-6qrhwc" id="20297564002_EA" data-testid="product-title">Vegetable Cocktail</h3><p class="chakra-text css-1yftjin" data-testid="product-package-size">6x156.0 ml, $0.43/100ml</p></div></a><div class="css-8keand"></div></div><div class="css-1q5omjq"><div class="css-fcebb8"><div data-testid="atc-compact" class="css-y94ivq" style="width: 45px;"><button type="button" class="chakra-button css-mudsm6" data-testid="atc-button"><svg stroke="currentColor" fill="currentColor" stroke-width="0" viewBox="0 0 24 24" focusable="false" class="chakra-icon css-1g3sp7a" data-testid="btn-icon" aria-hidden="true" height="1em" width="1em" xmlns="http://www.w3.org/2000/svg"><path d="M19 13h-6v6h-2v-6H5v-2h6V5h2v6h6v2z"></path></svg><span class="css-idkz9h">Add Vegetable Cocktail to cart</span></button></div></div></div></div></div></div><div class="css-0"><div class="css-f5i5wc"><div class="chakra-linkbox css-vhnn8v"><div data-testid="product-image" class="css-16dr4ly"><img alt="Allen's Cranberry Cocktail 1.89 l, $0.18/100ml" src="https://assets.shop.loblaws.ca/products/21518094/b3/en/front/21518094_front_a06_@2.png" srcset="https://assets.shop.loblaws.ca/products/21518094/b3/en/front/21518094_front_a06_@2.png 1x, https://assets.shop.loblaws.ca/products/21518094/b3/en/front/21518094_front_a06_@2.png 2x" loading="lazy" class="chakra-image css-oguq8l" aria-hidden="true"></div><div class="css-qoklea"><div class="css-12dchmx"></div><div data-testid="price-product-tile" class="css-8atqhb"><p class="chakra-text css-0"><span class="chakra-text css-pwnbcb" data-testid="regular-price"><span class="css-idkz9h">$3.49</span>$3.49</span></p></div><a href="/cranberry-cocktail/p/21518094_EA?source=nspt" class="chakra-linkbox__overlay css-1hnz6hu"><div class="css-0"><p class="chakra-text css-1ecdp9w" data-testid="product-brand">Allen's</p><h3 class="chakra-heading css-6qrhwc" id="21518094_EA" data-testid="product-title">Cranberry Cocktail</h3><p class="chakra-text css-1yftjin" data-testid="product-package-size">1.89 l, $0.18/100ml</p></div></a><div class="css-8keand"></div></div><div class="css-1q5omjq"><div class="css-fcebb8"><div data-testid="atc-compact" class="css-y94ivq" style="width: 45px;"><button type="button" class="chakra-button css-mudsm6" data-testid="atc-button"><svg stroke="currentColor" fill="currentColor" stroke-width="0" viewBox="0 0 24 24" focusable="false" class="chakra-icon css-1g3sp7a" data-testid="btn-icon" aria-hidden="true" height="1em" width="1em" xmlns="http://www.w3.org/2000/svg"><path d="M19 13h-6v6h-2v-6H5v-2h6V5h2v6h6v2z"></path></svg><span class="css-idkz9h">Add Cranberry Cocktail to cart</span></button></div></div></div></div></div></div><div class="css-0"><div class="css-f5i5wc"><div class="chakra-linkbox css-vhnn8v"><div data-testid="product-image" class="css-16dr4ly"><img alt="Bolthouse Green Goodness 1.54 l, $0.55/100ml" src="https://assets.shop.loblaws.ca/products/20069494/b3/en/front/20069494_front_a06_@2.png" srcset="https://assets.shop.loblaws.ca/products/20069494/b3/en/front/20069494_front_a06_@2.png 1x, https://assets.shop.loblaws.ca/products/20069494/b3/en/front/20069494_front_a06_@2.png 2x" loading="lazy" class="chakra-image css-oguq8l" aria-hidden="true"></div><div class="css-qoklea"><div class="css-12dchmx"></div><div data-testid="price-product-tile" class="css-8atqhb"><p class="chakra-text css-0"><span class="chakra-text css-pwnbcb" data-testid="regular-price"><span class="css-idkz9h">$8.49</span>$8.49</span></p></div><a href="/green-goodness/p/20069494_EA?source=nspt" class="chakra-linkbox__overlay css-1hnz6hu"><div class="css-0"><p class="chakra-text css-1ecdp9w" data-testid="product-brand">Bolthouse</p><h3 class="chakra-heading css-6qrhwc" id="20069494_EA" data-testid="product-title">Green Goodness</h3><p class="chakra-text css-1yftjin" data-testid="product-package-size">1.54 l, $0.55/100ml</p></div></a><div class="css-8keand"></div></div><div class="css-1q5omjq"><div class="css-fcebb8"><div data-testid="atc-compact" class="css-y94ivq" style="width: 45px;"><button type="button" class="chakra-button css-mudsm6" data-testid="atc-button"><svg stroke="currentColor" fill="currentColor" stroke-width="0" viewBox="0 0 24 24" focusable="false" class="chakra-icon css-1g3sp7a" data-testid="btn-icon" aria-hidden="true" height="1em" width="1em" xmlns="http://www.w3.org/2000/svg"><path d="M19 13h-6v6h-2v-6H5v-2h6V5h2v6h6v2z"></path></svg><span class="css-idkz9h">Add Green Goodness to cart</span></button></div></div></div></div></div></div><div class="css-0"><div class="css-f5i5wc"><div class="chakra-linkbox css-vhnn8v"><div data-testid="product-image" class="css-16dr4ly"><img alt="Del Monte Fruit Juice Cocktail With Natural Flavour And Vitamin C Peach-Mango 2.5 l, $0.24/100ml" src="https://assets.shop.loblaws.ca/products/21595942/b3/en/front/21595942_front_a06_@2.png" srcset="https://assets.shop.loblaws.ca/products/21595942/b3/en/front/21595942_front_a06_@2.png 1x, https://assets.shop.loblaws.ca/products/21595942/b3/en/front/21595942_front_a06_@2.png 2x" loading="lazy" class="chakra-image css-oguq8l" aria-hidden="true"></div><div class="css-qoklea"><div class="css-12dchmx"><div class="chakra-badge css-34x0wr" data-testid="product-badge"><div class="css-u4p24i">New</div></div></div><div data-testid="price-product-tile" class="css-8atqhb"><p class="chakra-text css-0"><span class="chakra-text css-o93gbd" data-testid="sale-price"><span class="css-idkz9h">$5.99</span>$5.99</span><span class="chakra-text css-623q5h" data-testid="was-price"><span class="css-idkz9h">$6.29</span>$6.29</span></p><p class="chakra-text css-1m5a6y8" data-testid="price-descriptor">SAVE $0.30</p></div><a href="/fruit-juice-cocktail-with-natural-flavour-and-vita/p/21595942_EA?source=nspt" class="chakra-linkbox__overlay css-1hnz6hu"><div class="css-0"><p class="chakra-text css-1ecdp9w" data-testid="product-brand">Del Monte</p><h3 class="chakra-heading css-6qrhwc" id="21595942_EA" data-testid="product-title">Fruit Juice Cocktail With Natural Flavour And Vitamin C Peach-Mango</h3><p class="chakra-text css-1yftjin" data-testid="product-package-size">2.5 l, $0.24/100ml</p></div></a><div class="css-8keand"></div></div><div class="css-1q5omjq"><div class="css-fcebb8"><div data-testid="atc-compact" class="css-y94ivq" style="width: 45px;"><button type="button" class="chakra-button css-mudsm6" data-testid="atc-button"><svg stroke="currentColor" fill="currentColor" stroke-width="0" viewBox="0 0 24 24" focusable="false" class="chakra-icon css-1g3sp7a" data-testid="btn-icon" aria-hidden="true" height="1em" width="1em" xmlns="http://www.w3.org/2000/svg"><path d="M19 13h-6v6h-2v-6H5v-2h6V5h2v6h6v2z"></path></svg><span class="css-idkz9h">Add Fruit Juice Cocktail With Natural Flavour And Vitamin C Peach-Mango to cart</span></button></div></div></div></div></div></div><div class="css-0"><div class="css-f5i5wc"><div class="chakra-linkbox css-vhnn8v"><div data-testid="product-image" class="css-16dr4ly"><img alt="No Name Prune Nectar Unsweetened 1.36 l, $0.44/100ml" src="https://assets.shop.loblaws.ca/products/20896738/b3/en/front/20896738_front_a06_@2.png" srcset="https://assets.shop.loblaws.ca/products/20896738/b3/en/front/20896738_front_a06_@2.png 1x, https://assets.shop.loblaws.ca/products/20896738/b3/en/front/20896738_front_a06_@2.png 2x" loading="lazy" class="chakra-image css-oguq8l" aria-hidden="true"></div><div class="css-qoklea"><div class="css-12dchmx"></div><div data-testid="price-product-tile" class="css-8atqhb"><p class="chakra-text css-0"><span class="chakra-text css-pwnbcb" data-testid="regular-price"><span class="css-idkz9h">$5.99</span>$5.99</span></p></div><a href="/prune-nectar-unsweetened/p/20896738_EA?source=nspt" class="chakra-linkbox__overlay css-1hnz6hu"><div class="css-0"><p class="chakra-text css-1ecdp9w" data-testid="product-brand">No Name</p><h3 class="chakra-heading css-6qrhwc" id="20896738_EA" data-testid="product-title">Prune Nectar Unsweetened</h3><p class="chakra-text css-1yftjin" data-testid="product-package-size">1.36 l, $0.44/100ml</p></div></a><div class="css-8keand"></div></div><div class="css-1q5omjq"><div class="css-fcebb8"><div data-testid="atc-compact" class="css-y94ivq" style="width: 45px;"><button type="button" class="chakra-button css-mudsm6" data-testid="atc-button"><svg stroke="currentColor" fill="currentColor" stroke-width="0" viewBox="0 0 24 24" focusable="false" class="chakra-icon css-1g3sp7a" data-testid="btn-icon" aria-hidden="true" height="1em" width="1em" xmlns="http://www.w3.org/2000/svg"><path d="M19 13h-6v6h-2v-6H5v-2h6V5h2v6h6v2z"></path></svg><span class="css-idkz9h">Add Prune Nectar Unsweetened to cart</span></button></div></div></div></div></div></div><div class="css-0"><div class="css-f5i5wc"><div class="chakra-linkbox css-vhnn8v"><div data-testid="product-image" class="css-16dr4ly"><img alt="Nestea Zero Sugar Tea, Bottle 1.89 l, $0.18/100ml" src="https://assets.shop.loblaws.ca/products/20861170/b3/en/front/20861170_front_a06_@2.png" srcset="https://assets.shop.loblaws.ca/products/20861170/b3/en/front/20861170_front_a06_@2.png 1x, https://assets.shop.loblaws.ca/products/20861170/b3/en/front/20861170_front_a06_@2.png 2x" loading="lazy" class="chakra-image css-oguq8l" aria-hidden="true"></div><div class="css-qoklea"><div class="css-12dchmx"></div><div data-testid="price-product-tile" class="css-8atqhb"><p class="chakra-text css-0"><span class="chakra-text css-pwnbcb" data-testid="regular-price"><span class="css-idkz9h">$3.49</span>$3.49</span></p></div><a href="/zero-sugar-tea-bottle/p/20861170_EA?source=nspt" class="chakra-linkbox__overlay css-1hnz6hu"><div class="css-0"><p class="chakra-text css-1ecdp9w" data-testid="product-brand">Nestea</p><h3 class="chakra-heading css-6qrhwc" id="20861170_EA" data-testid="product-title">Zero Sugar Tea, Bottle</h3><p class="chakra-text css-1yftjin" data-testid="product-package-size">1.89 l, $0.18/100ml</p></div></a><div class="css-8keand"></div></div><div class="css-1q5omjq"><div class="css-fcebb8"><div data-testid="atc-compact" class="css-y94ivq" style="width: 45px;"><button type="button" class="chakra-button css-mudsm6" data-testid="atc-button"><svg stroke="currentColor" fill="currentColor" stroke-width="0" viewBox="0 0 24 24" focusable="false" class="chakra-icon css-1g3sp7a" data-testid="btn-icon" aria-hidden="true" height="1em" width="1em" xmlns="http://www.w3.org/2000/svg"><path d="M19 13h-6v6h-2v-6H5v-2h6V5h2v6h6v2z"></path></svg><span class="css-idkz9h">Add Zero Sugar Tea, Bottle to cart</span></button></div></div></div></div></div></div><div class="css-0"><div class="css-f5i5wc"><div class="chakra-linkbox css-vhnn8v"><div data-testid="product-image" class="css-16dr4ly"><img alt="Fruite Fruit Punch Drink 2 l, $0.14/100ml" src="https://assets.shop.loblaws.ca/products/20109062/b3/en/front/20109062_front_a06_@2.png" srcset="https://assets.shop.loblaws.ca/products/20109062/b3/en/front/20109062_front_a06_@2.png 1x, https://assets.shop.loblaws.ca/products/20109062/b3/en/front/20109062_front_a06_@2.png 2x" loading="lazy" class="chakra-image css-oguq8l" aria-hidden="true"></div><div class="css-qoklea"><div class="css-12dchmx"></div><div data-testid="price-product-tile" class="css-8atqhb"><p class="chakra-text css-0"><span class="chakra-text css-pwnbcb" data-testid="regular-price"><span class="css-idkz9h">$2.79</span>$2.79</span></p></div><a href="/fruit-punch-drink/p/20109062_EA?source=nspt" class="chakra-linkbox__overlay css-1hnz6hu"><div class="css-0"><p class="chakra-text css-1ecdp9w" data-testid="product-brand">Fruite</p><h3 class="chakra-heading css-6qrhwc" id="20109062_EA" data-testid="product-title">Fruit Punch Drink</h3><p class="chakra-text css-1yftjin" data-testid="product-package-size">2 l, $0.14/100ml</p></div></a><div class="css-8keand"></div></div><div class="css-1q5omjq"><div class="css-fcebb8"><div data-testid="atc-compact" class="css-y94ivq" style="width: 45px;"><button type="button" class="chakra-button css-mudsm6" data-testid="atc-button"><svg stroke="currentColor" fill="currentColor" stroke-width="0" viewBox="0 0 24 24" focusable="false" class="chakra-icon css-1g3sp7a" data-testid="btn-icon" aria-hidden="true" height="1em" width="1em" xmlns="http://www.w3.org/2000/svg"><path d="M19 13h-6v6h-2v-6H5v-2h6V5h2v6h6v2z"></path></svg><span class="css-idkz9h">Add Fruit Punch Drink to cart</span></button></div></div></div></div></div></div><div class="css-0"><div class="css-f5i5wc"><div class="chakra-linkbox css-vhnn8v"><div data-testid="product-image" class="css-16dr4ly"><img alt="Gold Peak Iced Tea, Lemon 2.63 l, $0.26/100ml" src="https://assets.shop.loblaws.ca/products/21592193/b3/en/front/21592193_front_a06_@2.png" srcset="https://assets.shop.loblaws.ca/products/21592193/b3/en/front/21592193_front_a06_@2.png 1x, https://assets.shop.loblaws.ca/products/21592193/b3/en/front/21592193_front_a06_@2.png 2x" loading="lazy" class="chakra-image css-oguq8l" aria-hidden="true"></div><div class="css-qoklea"><div class="css-12dchmx"></div><div data-testid="price-product-tile" class="css-8atqhb"><p class="chakra-text css-0"><span class="chakra-text css-pwnbcb" data-testid="regular-price"><span class="css-idkz9h">$6.79</span>$6.79</span></p></div><a href="/iced-tea-lemon/p/21592193_EA?source=nspt" class="chakra-linkbox__overlay css-1hnz6hu"><div class="css-0"><p class="chakra-text css-1ecdp9w" data-testid="product-brand">Gold Peak</p><h3 class="chakra-heading css-6qrhwc" id="21592193_EA" data-testid="product-title">Iced Tea, Lemon</h3><p class="chakra-text css-1yftjin" data-testid="product-package-size">2.63 l, $0.26/100ml</p></div></a><div class="css-8keand"></div></div><div class="css-1q5omjq"><div class="css-fcebb8"><div data-testid="atc-compact" class="css-y94ivq" style="width: 45px;"><button type="button" class="chakra-button css-mudsm6" data-testid="atc-button"><svg stroke="currentColor" fill="currentColor" stroke-width="0" viewBox="0 0 24 24" focusable="false" class="chakra-icon css-1g3sp7a" data-testid="btn-icon" aria-hidden="true" height="1em" width="1em" xmlns="http://www.w3.org/2000/svg"><path d="M19 13h-6v6h-2v-6H5v-2h6V5h2v6h6v2z"></path></svg><span class="css-idkz9h">Add Iced Tea, Lemon to cart</span></button></div></div></div></div></div></div><div class="css-0"><div class="css-f5i5wc"><div class="chakra-linkbox css-vhnn8v"><div data-testid="product-image" class="css-16dr4ly"><img alt="Allen's Pure Apple Juice Low Acid 1.89 l, $0.18/100ml" src="https://assets.shop.loblaws.ca/products/20322764001/b3/en/front/20322764001_front_a06_@2.png" srcset="https://assets.shop.loblaws.ca/products/20322764001/b3/en/front/20322764001_front_a06_@2.png 1x, https://assets.shop.loblaws.ca/products/20322764001/b3/en/front/20322764001_front_a06_@2.png 2x" loading="lazy" class="chakra-image css-oguq8l" aria-hidden="true"></div><div class="css-qoklea"><div class="css-12dchmx"></div><div data-testid="price-product-tile" class="css-8atqhb"><p class="chakra-text css-0"><span class="chakra-text css-pwnbcb" data-testid="regular-price"><span class="css-idkz9h">$3.49</span>$3.49</span></p></div><a href="/pure-apple-juice-low-acid/p/20322764001_EA?source=nspt" class="chakra-linkbox__overlay css-1hnz6hu"><div class="css-0"><p class="chakra-text css-1ecdp9w" data-testid="product-brand">Allen's</p><h3 class="chakra-heading css-6qrhwc" id="20322764001_EA" data-testid="product-title">Pure Apple Juice Low Acid</h3><p class="chakra-text css-1yftjin" data-testid="product-package-size">1.89 l, $0.18/100ml</p></div></a><div class="css-8keand"></div></div><div class="css-1q5omjq"><div class="css-fcebb8"><div data-testid="atc-compact" class="css-y94ivq" style="width: 45px;"><button type="button" class="chakra-button css-mudsm6" data-testid="atc-button"><svg stroke="currentColor" fill="currentColor" stroke-width="0" viewBox="0 0 24 24" focusable="false" class="chakra-icon css-1g3sp7a" data-testid="btn-icon" aria-hidden="true" height="1em" width="1em" xmlns="http://www.w3.org/2000/svg"><path d="M19 13h-6v6h-2v-6H5v-2h6V5h2v6h6v2z"></path></svg><span class="css-idkz9h">Add Pure Apple Juice Low Acid to cart</span></button></div></div></div></div></div></div><div class="css-0"><div class="css-f5i5wc"><div class="chakra-linkbox css-vhnn8v"><div data-testid="product-image" class="css-16dr4ly"><img alt="Minute Maid No Sugar Fruit Punch Juice Beverage, 8 Pack 8x200.0 ml, $0.25/100ml" src="https://assets.shop.loblaws.ca/products/21171755/b3/en/front/21171755_front_a06_@2.png" srcset="https://assets.shop.loblaws.ca/products/21171755/b3/en/front/21171755_front_a06_@2.png 1x, https://assets.shop.loblaws.ca/products/21171755/b3/en/front/21171755_front_a06_@2.png 2x" loading="lazy" class="chakra-image css-oguq8l" aria-hidden="true"></div><div class="css-qoklea"><div class="css-12dchmx"></div><div data-testid="price-product-tile" class="css-8atqhb"><p class="chakra-text css-0"><span class="chakra-text css-pwnbcb" data-testid="regular-price"><span class="css-idkz9h">$3.99</span>$3.99</span></p></div><a href="/no-sugar-fruit-punch-juice-beverage-8-pack/p/21171755_EA?source=nspt" class="chakra-linkbox__overlay css-1hnz6hu"><div class="css-0"><p class="chakra-text css-1ecdp9w" data-testid="product-brand">Minute Maid</p><h3 class="chakra-heading css-6qrhwc" id="21171755_EA" data-testid="product-title">No Sugar Fruit Punch Juice Beverage, 8 Pack</h3><p class="chakra-text css-1yftjin" data-testid="product-package-size">8x200.0 ml, $0.25/100ml</p></div></a><div class="css-8keand"></div></div><div class="css-1q5omjq"><div class="css-fcebb8"><div data-testid="atc-compact" class="css-y94ivq" style="width: 45px;"><button type="button" class="chakra-button css-mudsm6" data-testid="atc-button"><svg stroke="currentColor" fill="currentColor" stroke-width="0" viewBox="0 0 24 24" focusable="false" class="chakra-icon css-1g3sp7a" data-testid="btn-icon" aria-hidden="true" height="1em" width="1em" xmlns="http://www.w3.org/2000/svg"><path d="M19 13h-6v6h-2v-6H5v-2h6V5h2v6h6v2z"></path></svg><span class="css-idkz9h">Add No Sugar Fruit Punch Juice Beverage, 8 Pack to cart</span></button></div></div></div></div></div></div><div class="css-0"><div class="css-f5i5wc"><div class="chakra-linkbox css-vhnn8v"><div data-testid="product-image" class="css-16dr4ly"><img alt="SToK Cold Brew Coffee, Black, Unsweetened, No Cream 1.42 l, $0.56/100ml" src="https://assets.shop.loblaws.ca/products/21203739/b3/en/front/21203739_front_a06_@2.png" srcset="https://assets.shop.loblaws.ca/products/21203739/b3/en/front/21203739_front_a06_@2.png 1x, https://assets.shop.loblaws.ca/products/21203739/b3/en/front/21203739_front_a06_@2.png 2x" loading="lazy" class="chakra-image css-oguq8l" aria-hidden="true"></div><div class="css-qoklea"><div class="css-12dchmx"></div><div data-testid="price-product-tile" class="css-8atqhb"><p class="chakra-text css-0"><span class="chakra-text css-pwnbcb" data-testid="regular-price"><span class="css-idkz9h">$7.99</span>$7.99</span></p></div><a href="/cold-brew-coffee-black-unsweetened-no-cream/p/21203739_EA?source=nspt" class="chakra-linkbox__overlay css-1hnz6hu"><div class="css-0"><p class="chakra-text css-1ecdp9w" data-testid="product-brand">SToK</p><h3 class="chakra-heading css-6qrhwc" id="21203739_EA" data-testid="product-title">Cold Brew Coffee, Black, Unsweetened, No Cream</h3><p class="chakra-text css-1yftjin" data-testid="product-package-size">1.42 l, $0.56/100ml</p></div></a><div class="css-8keand"></div></div><div class="css-1q5omjq"><div class="css-fcebb8"><div data-testid="atc-compact" class="css-y94ivq" style="width: 45px;"><button type="button" class="chakra-button css-mudsm6" data-testid="atc-button"><svg stroke="currentColor" fill="currentColor" stroke-width="0" viewBox="0 0 24 24" focusable="false" class="chakra-icon css-1g3sp7a" data-testid="btn-icon" aria-hidden="true" height="1em" width="1em" xmlns="http://www.w3.org/2000/svg"><path d="M19 13h-6v6h-2v-6H5v-2h6V5h2v6h6v2z"></path></svg><span class="css-idkz9h">Add Cold Brew Coffee, Black, Unsweetened, No Cream to cart</span></button></div></div></div></div></div></div><div class="css-0"><div class="css-f5i5wc"><div class="chakra-linkbox css-vhnn8v"><div data-testid="product-image" class="css-16dr4ly"><img alt="Arizona Premium Brewed Ginseng and Honey Green Tea 8x200.0 ml, $0.28/100ml" src="https://assets.shop.loblaws.ca/products/21209650/b3/en/front/21209650_front_a06_@2.png" srcset="https://assets.shop.loblaws.ca/products/21209650/b3/en/front/21209650_front_a06_@2.png 1x, https://assets.shop.loblaws.ca/products/21209650/b3/en/front/21209650_front_a06_@2.png 2x" loading="lazy" class="chakra-image css-oguq8l" aria-hidden="true"></div><div class="css-qoklea"><div class="css-12dchmx"></div><div data-testid="price-product-tile" class="css-8atqhb"><p class="chakra-text css-0"><span class="chakra-text css-pwnbcb" data-testid="regular-price"><span class="css-idkz9h">$4.49</span>$4.49</span></p></div><a href="/premium-brewed-ginseng-and-honey-green-tea/p/21209650_EA?source=nspt" class="chakra-linkbox__overlay css-1hnz6hu"><div class="css-0"><p class="chakra-text css-1ecdp9w" data-testid="product-brand">Arizona</p><h3 class="chakra-heading css-6qrhwc" id="21209650_EA" data-testid="product-title">Premium Brewed Ginseng and Honey Green Tea</h3><p class="chakra-text css-1yftjin" data-testid="product-package-size">8x200.0 ml, $0.28/100ml</p></div></a><div class="css-8keand"></div></div><div class="css-1q5omjq"><div class="css-fcebb8"><div data-testid="atc-compact" class="css-y94ivq" style="width: 45px;"><button type="button" class="chakra-button css-mudsm6" data-testid="atc-button"><svg stroke="currentColor" fill="currentColor" stroke-width="0" viewBox="0 0 24 24" focusable="false" class="chakra-icon css-1g3sp7a" data-testid="btn-icon" aria-hidden="true" height="1em" width="1em" xmlns="http://www.w3.org/2000/svg"><path d="M19 13h-6v6h-2v-6H5v-2h6V5h2v6h6v2z"></path></svg><span class="css-idkz9h">Add Premium Brewed Ginseng and Honey Green Tea to cart</span></button></div></div></div></div></div></div><div class="css-0"><div class="css-f5i5wc"><div class="chakra-linkbox css-vhnn8v"><div data-testid="product-image" class="css-16dr4ly"><img alt="Minute Maid Fruit Punch Juice Beverage, 10 Pack 10x200.0 ml, $0.20/100ml" src="https://assets.shop.loblaws.ca/products/20327042001/b3/en/front/20327042001_front_a06_@2.png" srcset="https://assets.shop.loblaws.ca/products/20327042001/b3/en/front/20327042001_front_a06_@2.png 1x, https://assets.shop.loblaws.ca/products/20327042001/b3/en/front/20327042001_front_a06_@2.png 2x" loading="lazy" class="chakra-image css-oguq8l" aria-hidden="true"></div><div class="css-qoklea"><div class="css-12dchmx"></div><div data-testid="price-product-tile" class="css-8atqhb"><p class="chakra-text css-0"><span class="chakra-text css-pwnbcb" data-testid="regular-price"><span class="css-idkz9h">$3.99</span>$3.99</span></p></div><a href="/fruit-punch-juice-beverage-10-pack/p/20327042001_EA?source=nspt" class="chakra-linkbox__overlay css-1hnz6hu"><div class="css-0"><p class="chakra-text css-1ecdp9w" data-testid="product-brand">Minute Maid</p><h3 class="chakra-heading css-6qrhwc" id="20327042001_EA" data-testid="product-title">Fruit Punch Juice Beverage, 10 Pack</h3><p class="chakra-text css-1yftjin" data-testid="product-package-size">10x200.0 ml, $0.20/100ml</p></div></a><div class="css-8keand"></div></div><div class="css-1q5omjq"><div class="css-fcebb8"><div data-testid="atc-compact" class="css-y94ivq" style="width: 45px;"><button type="button" class="chakra-button css-mudsm6" data-testid="atc-button"><svg stroke="currentColor" fill="currentColor" stroke-width="0" viewBox="0 0 24 24" focusable="false" class="chakra-icon css-1g3sp7a" data-testid="btn-icon" aria-hidden="true" height="1em" width="1em" xmlns="http://www.w3.org/2000/svg"><path d="M19 13h-6v6h-2v-6H5v-2h6V5h2v6h6v2z"></path></svg><span class="css-idkz9h">Add Fruit Punch Juice Beverage, 10 Pack to cart</span></button></div></div></div></div></div></div><div class="css-0"><div class="css-f5i5wc"><div class="chakra-linkbox css-vhnn8v"><div data-testid="product-image" class="css-16dr4ly"><img alt="Pure Leaf Raspberry Iced Tea 1.75 l, $0.25/100ml" src="https://assets.shop.loblaws.ca/products/20755752001/b3/en/front/20755752001_front_a06_@2.png" srcset="https://assets.shop.loblaws.ca/products/20755752001/b3/en/front/20755752001_front_a06_@2.png 1x, https://assets.shop.loblaws.ca/products/20755752001/b3/en/front/20755752001_front_a06_@2.png 2x" loading="lazy" class="chakra-image css-oguq8l" aria-hidden="true"></div><div class="css-qoklea"><div class="css-12dchmx"></div><div data-testid="price-product-tile" class="css-8atqhb"><p class="chakra-text css-0"><span class="chakra-text css-pwnbcb" data-testid="regular-price"><span class="css-idkz9h">$4.29</span>$4.29</span></p></div><a href="/raspberry-iced-tea/p/20755752001_EA?source=nspt" class="chakra-linkbox__overlay css-1hnz6hu"><div class="css-0"><p class="chakra-text css-1ecdp9w" data-testid="product-brand">Pure Leaf</p><h3 class="chakra-heading css-6qrhwc" id="20755752001_EA" data-testid="product-title">Raspberry Iced Tea</h3><p class="chakra-text css-1yftjin" data-testid="product-package-size">1.75 l, $0.25/100ml</p></div></a><div class="css-8keand"></div></div><div class="css-1q5omjq"><div class="css-fcebb8"><div data-testid="atc-compact" class="css-y94ivq" style="width: 45px;"><button type="button" class="chakra-button css-mudsm6" data-testid="atc-button"><svg stroke="currentColor" fill="currentColor" stroke-width="0" viewBox="0 0 24 24" focusable="false" class="chakra-icon css-1g3sp7a" data-testid="btn-icon" aria-hidden="true" height="1em" width="1em" xmlns="http://www.w3.org/2000/svg"><path d="M19 13h-6v6h-2v-6H5v-2h6V5h2v6h6v2z"></path></svg><span class="css-idkz9h">Add Raspberry Iced Tea to cart</span></button></div></div></div></div></div></div><div class="css-0"><div class="css-f5i5wc"><div class="chakra-linkbox css-vhnn8v"><div data-testid="product-image" class="css-16dr4ly"><img alt="President's Choice Concord Grape 100% Juice Blend 1 l, $0.20/100ml" src="https://assets.shop.loblaws.ca/products/21080950/b3/en/front/21080950_front_a06_@2.png" srcset="https://assets.shop.loblaws.ca/products/21080950/b3/en/front/21080950_front_a06_@2.png 1x, https://assets.shop.loblaws.ca/products/21080950/b3/en/front/21080950_front_a06_@2.png 2x" loading="lazy" class="chakra-image css-oguq8l" aria-hidden="true"></div><div class="css-qoklea"><div class="css-12dchmx"></div><div data-testid="price-product-tile" class="css-8atqhb"><p class="chakra-text css-0"><span class="chakra-text css-pwnbcb" data-testid="regular-price"><span class="css-idkz9h">$2.00</span>$2.00</span></p></div><a href="/concord-grape-100-juice-blend/p/21080950_EA?source=nspt" class="chakra-linkbox__overlay css-1hnz6hu"><div class="css-0"><p class="chakra-text css-1ecdp9w" data-testid="product-brand">President's Choice</p><h3 class="chakra-heading css-6qrhwc" id="21080950_EA" data-testid="product-title">Concord Grape 100% Juice Blend</h3><p class="chakra-text css-1yftjin" data-testid="product-package-size">1 l, $0.20/100ml</p></div></a><div class="css-8keand"></div></div><div class="css-1q5omjq"><div class="css-fcebb8"><div data-testid="atc-compact" class="css-y94ivq" style="width: 45px;"><button type="button" class="chakra-button css-mudsm6" data-testid="atc-button"><svg stroke="currentColor" fill="currentColor" stroke-width="0" viewBox="0 0 24 24" focusable="false" class="chakra-icon css-1g3sp7a" data-testid="btn-icon" aria-hidden="true" height="1em" width="1em" xmlns="http://www.w3.org/2000/svg"><path d="M19 13h-6v6h-2v-6H5v-2h6V5h2v6h6v2z"></path></svg><span class="css-idkz9h">Add Concord Grape 100% Juice Blend to cart</span></button></div></div></div></div></div></div><div class="css-0"><div class="css-f5i5wc"><div class="chakra-linkbox css-vhnn8v"><div data-testid="product-image" class="css-16dr4ly"><img alt="Grace Coconut Water with Pulp 500 ml, $0.30/100ml" src="https://assets.shop.loblaws.ca/products/20425671/b3/en/front/20425671_front_a06_@2.png" srcset="https://assets.shop.loblaws.ca/products/20425671/b3/en/front/20425671_front_a06_@2.png 1x, https://assets.shop.loblaws.ca/products/20425671/b3/en/front/20425671_front_a06_@2.png 2x" loading="lazy" class="chakra-image css-oguq8l" aria-hidden="true"></div><div class="css-qoklea"><div class="css-12dchmx"></div><div data-testid="price-product-tile" class="css-8atqhb"><p class="chakra-text css-0"><span class="chakra-text css-pwnbcb" data-testid="regular-price"><span class="css-idkz9h">$1.49</span>$1.49</span></p></div><a href="/coconut-water-with-pulp/p/20425671_EA?source=nspt" class="chakra-linkbox__overlay css-1hnz6hu"><div class="css-0"><p class="chakra-text css-1ecdp9w" data-testid="product-brand">Grace</p><h3 class="chakra-heading css-6qrhwc" id="20425671_EA" data-testid="product-title">Coconut Water with Pulp</h3><p class="chakra-text css-1yftjin" data-testid="product-package-size">500 ml, $0.30/100ml</p></div></a><div class="css-8keand"></div></div><div class="css-1q5omjq"><div class="css-fcebb8"><div data-testid="atc-compact" class="css-y94ivq" style="width: 45px;"><button type="button" class="chakra-button css-mudsm6" data-testid="atc-button"><svg stroke="currentColor" fill="currentColor" stroke-width="0" viewBox="0 0 24 24" focusable="false" class="chakra-icon css-1g3sp7a" data-testid="btn-icon" aria-hidden="true" height="1em" width="1em" xmlns="http://www.w3.org/2000/svg"><path d="M19 13h-6v6h-2v-6H5v-2h6V5h2v6h6v2z"></path></svg><span class="css-idkz9h">Add Coconut Water with Pulp to cart</span></button></div></div></div></div></div></div><div class="css-0"><div class="css-f5i5wc"><div class="chakra-linkbox css-vhnn8v"><div data-testid="product-image" class="css-16dr4ly"><img alt="No Name Unsweetened Pineapple Juice 1.36 l, $0.29/100ml" src="https://assets.shop.loblaws.ca/products/20105565/b3/en/front/20105565_front_a06_@2.png" srcset="https://assets.shop.loblaws.ca/products/20105565/b3/en/front/20105565_front_a06_@2.png 1x, https://assets.shop.loblaws.ca/products/20105565/b3/en/front/20105565_front_a06_@2.png 2x" loading="lazy" class="chakra-image css-oguq8l" aria-hidden="true"></div><div class="css-qoklea"><div class="css-12dchmx"></div><div data-testid="price-product-tile" class="css-8atqhb"><p class="chakra-text css-0"><span class="chakra-text css-pwnbcb" data-testid="regular-price"><span class="css-idkz9h">$3.99</span>$3.99</span></p></div><a href="/unsweetened-pineapple-juice/p/20105565_EA?source=nspt" class="chakra-linkbox__overlay css-1hnz6hu"><div class="css-0"><p class="chakra-text css-1ecdp9w" data-testid="product-brand">No Name</p><h3 class="chakra-heading css-6qrhwc" id="20105565_EA" data-testid="product-title">Unsweetened Pineapple Juice</h3><p class="chakra-text css-1yftjin" data-testid="product-package-size">1.36 l, $0.29/100ml</p></div></a><div class="css-8keand"></div></div><div class="css-1q5omjq"><div class="css-fcebb8"><div data-testid="atc-compact" class="css-y94ivq" style="width: 45px;"><button type="button" class="chakra-button css-mudsm6" data-testid="atc-button"><svg stroke="currentColor" fill="currentColor" stroke-width="0" viewBox="0 0 24 24" focusable="false" class="chakra-icon css-1g3sp7a" data-testid="btn-icon" aria-hidden="true" height="1em" width="1em" xmlns="http://www.w3.org/2000/svg"><path d="M19 13h-6v6h-2v-6H5v-2h6V5h2v6h6v2z"></path></svg><span class="css-idkz9h">Add Unsweetened Pineapple Juice to cart</span></button></div></div></div></div></div></div><div class="css-0"><div class="css-f5i5wc"><div class="chakra-linkbox css-vhnn8v"><div data-testid="product-image" class="css-16dr4ly"><img alt="OKF Black Sugar Milk Tea 390 ml, $0.84/100ml" src="https://assets.shop.loblaws.ca/products/21531782/b3/en/front/21531782_front_a06_@2.png" srcset="https://assets.shop.loblaws.ca/products/21531782/b3/en/front/21531782_front_a06_@2.png 1x, https://assets.shop.loblaws.ca/products/21531782/b3/en/front/21531782_front_a06_@2.png 2x" loading="lazy" class="chakra-image css-oguq8l" aria-hidden="true"></div><div class="css-qoklea"><div class="css-12dchmx"></div><div data-testid="price-product-tile" class="css-8atqhb"><p class="chakra-text css-0"><span class="chakra-text css-pwnbcb" data-testid="regular-price"><span class="css-idkz9h">$3.29</span>$3.29</span></p></div><a href="/black-sugar-milk-tea/p/21531782_EA?source=nspt" class="chakra-linkbox__overlay css-1hnz6hu"><div class="css-0"><p class="chakra-text css-1ecdp9w" data-testid="product-brand">OKF</p><h3 class="chakra-heading css-6qrhwc" id="21531782_EA" data-testid="product-title">Black Sugar Milk Tea</h3><p class="chakra-text css-1yftjin" data-testid="product-package-size">390 ml, $0.84/100ml</p></div></a><div class="css-8keand"></div></div><div class="css-1q5omjq"><div class="css-fcebb8"><div data-testid="atc-compact" class="css-y94ivq" style="width: 45px;"><button type="button" class="chakra-button css-mudsm6" data-testid="atc-button"><svg stroke="currentColor" fill="currentColor" stroke-width="0" viewBox="0 0 24 24" focusable="false" class="chakra-icon css-1g3sp7a" data-testid="btn-icon" aria-hidden="true" height="1em" width="1em" xmlns="http://www.w3.org/2000/svg"><path d="M19 13h-6v6h-2v-6H5v-2h6V5h2v6h6v2z"></path></svg><span class="css-idkz9h">Add Black Sugar Milk Tea to cart</span></button></div></div></div></div></div></div><div class="css-0"><div class="css-f5i5wc"><div class="chakra-linkbox css-vhnn8v"><div data-testid="product-image" class="css-16dr4ly"><img alt="Allen's Peach Cocktail 8x200.0 ml, $0.19/100ml" src="https://assets.shop.loblaws.ca/products/20315996001/b3/en/front/20315996001_front_a06_@2.png" srcset="https://assets.shop.loblaws.ca/products/20315996001/b3/en/front/20315996001_front_a06_@2.png 1x, https://assets.shop.loblaws.ca/products/20315996001/b3/en/front/20315996001_front_a06_@2.png 2x" loading="lazy" class="chakra-image css-oguq8l" aria-hidden="true"></div><div class="css-qoklea"><div class="css-12dchmx"></div><div data-testid="price-product-tile" class="css-8atqhb"><p class="chakra-text css-0"><span class="chakra-text css-pwnbcb" data-testid="regular-price"><span class="css-idkz9h">$2.99</span>$2.99</span></p></div><a href="/peach-cocktail/p/20315996001_EA?source=nspt" class="chakra-linkbox__overlay css-1hnz6hu"><div class="css-0"><p class="chakra-text css-1ecdp9w" data-testid="product-brand">Allen's</p><h3 class="chakra-heading css-6qrhwc" id="20315996001_EA" data-testid="product-title">Peach Cocktail</h3><p class="chakra-text css-1yftjin" data-testid="product-package-size">8x200.0 ml, $0.19/100ml</p></div></a><div class="css-8keand"></div></div><div class="css-1q5omjq"><div class="css-fcebb8"><div data-testid="atc-compact" class="css-y94ivq" style="width: 45px;"><button type="button" class="chakra-button css-mudsm6" data-testid="atc-button"><svg stroke="currentColor" fill="currentColor" stroke-width="0" viewBox="0 0 24 24" focusable="false" class="chakra-icon css-1g3sp7a" data-testid="btn-icon" aria-hidden="true" height="1em" width="1em" xmlns="http://www.w3.org/2000/svg"><path d="M19 13h-6v6h-2v-6H5v-2h6V5h2v6h6v2z"></path></svg><span class="css-idkz9h">Add Peach Cocktail to cart</span></button></div></div></div></div></div></div><div class="css-0"><div class="css-f5i5wc"><div class="chakra-linkbox css-vhnn8v"><div data-testid="product-image" class="css-16dr4ly"><img alt="Oasis Peach Clementine Juice 8x200.0 ml, $0.28/100ml" src="https://assets.shop.loblaws.ca/products/20315764009/b3/en/front/20315764009_front_a06_@2.png" srcset="https://assets.shop.loblaws.ca/products/20315764009/b3/en/front/20315764009_front_a06_@2.png 1x, https://assets.shop.loblaws.ca/products/20315764009/b3/en/front/20315764009_front_a06_@2.png 2x" loading="lazy" class="chakra-image css-oguq8l" aria-hidden="true"></div><div class="css-qoklea"><div class="css-12dchmx"></div><div data-testid="price-product-tile" class="css-8atqhb"><p class="chakra-text css-0"><span class="chakra-text css-pwnbcb" data-testid="regular-price"><span class="css-idkz9h">$4.49</span>$4.49</span></p></div><a href="/peach-clementine-juice/p/20315764009_EA?source=nspt" class="chakra-linkbox__overlay css-1hnz6hu"><div class="css-0"><p class="chakra-text css-1ecdp9w" data-testid="product-brand">Oasis</p><h3 class="chakra-heading css-6qrhwc" id="20315764009_EA" data-testid="product-title">Peach Clementine Juice</h3><p class="chakra-text css-1yftjin" data-testid="product-package-size">8x200.0 ml, $0.28/100ml</p></div></a><div class="css-8keand"></div></div><div class="css-1q5omjq"><div class="css-fcebb8"><div data-testid="atc-compact" class="css-y94ivq" style="width: 45px;"><button type="button" class="chakra-button css-mudsm6" data-testid="atc-button"><svg stroke="currentColor" fill="currentColor" stroke-width="0" viewBox="0 0 24 24" focusable="false" class="chakra-icon css-1g3sp7a" data-testid="btn-icon" aria-hidden="true" height="1em" width="1em" xmlns="http://www.w3.org/2000/svg"><path d="M19 13h-6v6h-2v-6H5v-2h6V5h2v6h6v2z"></path></svg><span class="css-idkz9h">Add Peach Clementine Juice to cart</span></button></div></div></div></div></div></div><div class="css-0"><div class="css-f5i5wc"><div class="chakra-linkbox css-vhnn8v"><div data-testid="product-image" class="css-16dr4ly"><img alt="President's Choice Cucumber Mint Flavour Green Tea 1.54 l, $0.26/100ml" src="https://assets.shop.loblaws.ca/products/21430567/b3/en/front/21430567_front_a06_@2.png" srcset="https://assets.shop.loblaws.ca/products/21430567/b3/en/front/21430567_front_a06_@2.png 1x, https://assets.shop.loblaws.ca/products/21430567/b3/en/front/21430567_front_a06_@2.png 2x" loading="lazy" class="chakra-image css-oguq8l" aria-hidden="true"></div><div class="css-qoklea"><div class="css-12dchmx"></div><div data-testid="price-product-tile" class="css-8atqhb"><p class="chakra-text css-0"><span class="chakra-text css-pwnbcb" data-testid="regular-price"><span class="css-idkz9h">$3.99</span>$3.99</span></p></div><a href="/cucumber-mint-flavour-green-tea/p/21430567_EA?source=nspt" class="chakra-linkbox__overlay css-1hnz6hu"><div class="css-0"><p class="chakra-text css-1ecdp9w" data-testid="product-brand">President's Choice</p><h3 class="chakra-heading css-6qrhwc" id="21430567_EA" data-testid="product-title">Cucumber Mint Flavour Green Tea</h3><p class="chakra-text css-1yftjin" data-testid="product-package-size">1.54 l, $0.26/100ml</p></div></a><div class="css-8keand"></div></div><div class="css-1q5omjq"><div class="css-fcebb8"><div data-testid="atc-compact" class="css-y94ivq" style="width: 45px;"><button type="button" class="chakra-button css-mudsm6" data-testid="atc-button"><svg stroke="currentColor" fill="currentColor" stroke-width="0" viewBox="0 0 24 24" focusable="false" class="chakra-icon css-1g3sp7a" data-testid="btn-icon" aria-hidden="true" height="1em" width="1em" xmlns="http://www.w3.org/2000/svg"><path d="M19 13h-6v6h-2v-6H5v-2h6V5h2v6h6v2z"></path></svg><span class="css-idkz9h">Add Cucumber Mint Flavour Green Tea to cart</span></button></div></div></div></div></div></div><div class="css-0"><div class="css-f5i5wc"><div class="chakra-linkbox css-vhnn8v"><div data-testid="product-image" class="css-16dr4ly"><img alt="Oasis Hydrafruit Watermelon Apple Fruit Juice Boxes 8x200.0 ml, $0.28/100ml" src="https://assets.shop.loblaws.ca/products/20944455/b3/en/front/20944455_front_a06_@2.png" srcset="https://assets.shop.loblaws.ca/products/20944455/b3/en/front/20944455_front_a06_@2.png 1x, https://assets.shop.loblaws.ca/products/20944455/b3/en/front/20944455_front_a06_@2.png 2x" loading="lazy" class="chakra-image css-oguq8l" aria-hidden="true"></div><div class="css-qoklea"><div class="css-12dchmx"></div><div data-testid="price-product-tile" class="css-8atqhb"><p class="chakra-text css-0"><span class="chakra-text css-pwnbcb" data-testid="regular-price"><span class="css-idkz9h">$4.49</span>$4.49</span></p></div><a href="/hydrafruit-watermelon-apple-fruit-juice-boxes/p/20944455_EA?source=nspt" class="chakra-linkbox__overlay css-1hnz6hu"><div class="css-0"><p class="chakra-text css-1ecdp9w" data-testid="product-brand">Oasis</p><h3 class="chakra-heading css-6qrhwc" id="20944455_EA" data-testid="product-title">Hydrafruit Watermelon Apple Fruit Juice Boxes</h3><p class="chakra-text css-1yftjin" data-testid="product-package-size">8x200.0 ml, $0.28/100ml</p></div></a><div class="css-8keand"></div></div><div class="css-1q5omjq"><div class="css-fcebb8"><div data-testid="atc-compact" class="css-y94ivq" style="width: 45px;"><button type="button" class="chakra-button css-mudsm6" data-testid="atc-button"><svg stroke="currentColor" fill="currentColor" stroke-width="0" viewBox="0 0 24 24" focusable="false" class="chakra-icon css-1g3sp7a" data-testid="btn-icon" aria-hidden="true" height="1em" width="1em" xmlns="http://www.w3.org/2000/svg"><path d="M19 13h-6v6h-2v-6H5v-2h6V5h2v6h6v2z"></path></svg><span class="css-idkz9h">Add Hydrafruit Watermelon Apple Fruit Juice Boxes to cart</span></button></div></div></div></div></div></div><div class="css-0"><div class="css-f5i5wc"><div class="chakra-linkbox css-vhnn8v"><div data-testid="product-image" class="css-16dr4ly"><img alt="Real Lemon Single Strength Lemon Juice 125 ml, $0.80/100ml" src="https://assets.shop.loblaws.ca/products/20298903001/b3/en/front/20298903001_front_a06_@2.png" srcset="https://assets.shop.loblaws.ca/products/20298903001/b3/en/front/20298903001_front_a06_@2.png 1x, https://assets.shop.loblaws.ca/products/20298903001/b3/en/front/20298903001_front_a06_@2.png 2x" loading="lazy" class="chakra-image css-oguq8l" aria-hidden="true"></div><div class="css-qoklea"><div class="css-12dchmx"></div><div data-testid="price-product-tile" class="css-8atqhb"><p class="chakra-text css-0"><span class="chakra-text css-pwnbcb" data-testid="regular-price"><span class="css-idkz9h">$1.00</span>$1.00</span></p></div><a href="/single-strength-lemon-juice/p/20298903001_EA?source=nspt" class="chakra-linkbox__overlay css-1hnz6hu"><div class="css-0"><p class="chakra-text css-1ecdp9w" data-testid="product-brand">Real Lemon</p><h3 class="chakra-heading css-6qrhwc" id="20298903001_EA" data-testid="product-title">Single Strength Lemon Juice</h3><p class="chakra-text css-1yftjin" data-testid="product-package-size">125 ml, $0.80/100ml</p></div></a><div class="css-8keand"></div></div><div class="css-1q5omjq"><div class="css-fcebb8"><div data-testid="atc-compact" class="css-y94ivq" style="width: 45px;"><button type="button" class="chakra-button css-mudsm6" data-testid="atc-button"><svg stroke="currentColor" fill="currentColor" stroke-width="0" viewBox="0 0 24 24" focusable="false" class="chakra-icon css-1g3sp7a" data-testid="btn-icon" aria-hidden="true" height="1em" width="1em" xmlns="http://www.w3.org/2000/svg"><path d="M19 13h-6v6h-2v-6H5v-2h6V5h2v6h6v2z"></path></svg><span class="css-idkz9h">Add Single Strength Lemon Juice to cart</span></button></div></div></div></div></div></div><div class="css-0"><div class="css-f5i5wc"><div class="chakra-linkbox css-vhnn8v"><div data-testid="product-image" class="css-16dr4ly"><img alt="Tropicana Red Grapefruit 1.54 l, $0.36/100ml" src="https://assets.shop.loblaws.ca/products/21209809/b3/en/front/21209809_front_a06_@2.png" srcset="https://assets.shop.loblaws.ca/products/21209809/b3/en/front/21209809_front_a06_@2.png 1x, https://assets.shop.loblaws.ca/products/21209809/b3/en/front/21209809_front_a06_@2.png 2x" loading="lazy" class="chakra-image css-oguq8l" aria-hidden="true"></div><div class="css-qoklea"><div class="css-12dchmx"></div><div data-testid="price-product-tile" class="css-8atqhb"><p class="chakra-text css-0"><span class="chakra-text css-o93gbd" data-testid="sale-price"><span class="css-idkz9h">$5.49</span>$5.49</span><span class="chakra-text css-623q5h" data-testid="was-price"><span class="css-idkz9h">$5.79</span>$5.79</span></p><p class="chakra-text css-1m5a6y8" data-testid="price-descriptor">SAVE $0.30</p></div><a href="/red-grapefruit/p/21209809_EA?source=nspt" class="chakra-linkbox__overlay css-1hnz6hu"><div class="css-0"><p class="chakra-text css-1ecdp9w" data-testid="product-brand">Tropicana</p><h3 class="chakra-heading css-6qrhwc" id="21209809_EA" data-testid="product-title">Red Grapefruit</h3><p class="chakra-text css-1yftjin" data-testid="product-package-size">1.54 l, $0.36/100ml</p></div></a><div class="css-8keand"></div></div><div class="css-1q5omjq"><div class="css-fcebb8"><div data-testid="atc-compact" class="css-y94ivq" style="width: 45px;"><button type="button" class="chakra-button css-mudsm6" data-testid="atc-button"><svg stroke="currentColor" fill="currentColor" stroke-width="0" viewBox="0 0 24 24" focusable="false" class="chakra-icon css-1g3sp7a" data-testid="btn-icon" aria-hidden="true" height="1em" width="1em" xmlns="http://www.w3.org/2000/svg"><path d="M19 13h-6v6h-2v-6H5v-2h6V5h2v6h6v2z"></path></svg><span class="css-idkz9h">Add Red Grapefruit to cart</span></button></div></div><div class="css-4saf4a"><p class="chakra-text css-py8788" data-testid="inventory-badge-text">Low Stock</p></div></div></div></div></div><div class="css-0"><div class="css-f5i5wc"><div class="chakra-linkbox css-vhnn8v"><div data-testid="product-image" class="css-16dr4ly"><img alt="Kool-Aid Jammers, Strawberry Kiwi 10x180.0 ml, $0.16/100ml" src="https://assets.shop.loblaws.ca/products/20079976004/b3/en/front/20079976004_front_a06_@2.png" srcset="https://assets.shop.loblaws.ca/products/20079976004/b3/en/front/20079976004_front_a06_@2.png 1x, https://assets.shop.loblaws.ca/products/20079976004/b3/en/front/20079976004_front_a06_@2.png 2x" loading="lazy" class="chakra-image css-oguq8l" aria-hidden="true"></div><div class="css-qoklea"><div class="css-12dchmx"></div><div data-testid="price-product-tile" class="css-8atqhb"><p class="chakra-text css-0"><span class="chakra-text css-o93gbd" data-testid="sale-price"><span class="css-idkz9h">$2.79</span>$2.79</span><span class="chakra-text css-623q5h" data-testid="was-price"><span class="css-idkz9h">$3.29</span>$3.29</span></p><p class="chakra-text css-1m5a6y8" data-testid="price-descriptor">SAVE $0.50</p></div><a href="/jammers-strawberry-kiwi/p/20079976004_EA?source=nspt" class="chakra-linkbox__overlay css-1hnz6hu"><div class="css-0"><p class="chakra-text css-1ecdp9w" data-testid="product-brand">Kool-Aid</p><h3 class="chakra-heading css-6qrhwc" id="20079976004_EA" data-testid="product-title">Jammers, Strawberry Kiwi</h3><p class="chakra-text css-1yftjin" data-testid="product-package-size">10x180.0 ml, $0.16/100ml</p></div></a><div class="css-8keand"></div></div><div class="css-1q5omjq"><div class="css-fcebb8"><div data-testid="atc-compact" class="css-y94ivq" style="width: 45px;"><button type="button" class="chakra-button css-mudsm6" data-testid="atc-button"><svg stroke="currentColor" fill="currentColor" stroke-width="0" viewBox="0 0 24 24" focusable="false" class="chakra-icon css-1g3sp7a" data-testid="btn-icon" aria-hidden="true" height="1em" width="1em" xmlns="http://www.w3.org/2000/svg"><path d="M19 13h-6v6h-2v-6H5v-2h6V5h2v6h6v2z"></path></svg><span class="css-idkz9h">Add Jammers, Strawberry Kiwi to cart</span></button></div></div></div></div></div></div><div class="css-0"><div class="css-f5i5wc"><div class="chakra-linkbox css-vhnn8v"><div data-testid="product-image" class="css-16dr4ly"><img alt="Oasis Hydrafruit Peach Juice Boxes 200 ml, $2.25/100ml" src="https://assets.shop.loblaws.ca/products/21518021/b3/en/front/21518021_front_a06_@2.png" srcset="https://assets.shop.loblaws.ca/products/21518021/b3/en/front/21518021_front_a06_@2.png 1x, https://assets.shop.loblaws.ca/products/21518021/b3/en/front/21518021_front_a06_@2.png 2x" loading="lazy" class="chakra-image css-oguq8l" aria-hidden="true"></div><div class="css-qoklea"><div class="css-12dchmx"></div><div data-testid="price-product-tile" class="css-8atqhb"><p class="chakra-text css-0"><span class="chakra-text css-pwnbcb" data-testid="regular-price"><span class="css-idkz9h">$4.49</span>$4.49</span></p></div><a href="/hydrafruit-peach-juice-boxes/p/21518021_EA?source=nspt" class="chakra-linkbox__overlay css-1hnz6hu"><div class="css-0"><p class="chakra-text css-1ecdp9w" data-testid="product-brand">Oasis</p><h3 class="chakra-heading css-6qrhwc" id="21518021_EA" data-testid="product-title">Hydrafruit Peach Juice Boxes</h3><p class="chakra-text css-1yftjin" data-testid="product-package-size">200 ml, $2.25/100ml</p></div></a><div class="css-8keand"></div></div><div class="css-1q5omjq"><div class="css-fcebb8"><div data-testid="atc-compact" class="css-y94ivq" style="width: 45px;"><button type="button" class="chakra-button css-mudsm6" data-testid="atc-button"><svg stroke="currentColor" fill="currentColor" stroke-width="0" viewBox="0 0 24 24" focusable="false" class="chakra-icon css-1g3sp7a" data-testid="btn-icon" aria-hidden="true" height="1em" width="1em" xmlns="http://www.w3.org/2000/svg"><path d="M19 13h-6v6h-2v-6H5v-2h6V5h2v6h6v2z"></path></svg><span class="css-idkz9h">Add Hydrafruit Peach Juice Boxes to cart</span></button></div></div></div></div></div></div><div class="css-0"><div class="css-f5i5wc"><div class="chakra-linkbox css-vhnn8v"><div data-testid="product-image" class="css-16dr4ly"><img alt="Gold Peak Rasberry Tea, Carafe 1.75 l, $0.26/100ml" src="https://assets.shop.loblaws.ca/products/21013895/b3/en/front/21013895_front_a06_@2.png" srcset="https://assets.shop.loblaws.ca/products/21013895/b3/en/front/21013895_front_a06_@2.png 1x, https://assets.shop.loblaws.ca/products/21013895/b3/en/front/21013895_front_a06_@2.png 2x" loading="lazy" class="chakra-image css-oguq8l" aria-hidden="true"></div><div class="css-qoklea"><div class="css-12dchmx"></div><div data-testid="price-product-tile" class="css-8atqhb"><p class="chakra-text css-0"><span class="chakra-text css-pwnbcb" data-testid="regular-price"><span class="css-idkz9h">$4.49</span>$4.49</span></p></div><a href="/rasberry-tea-carafe/p/21013895_EA?source=nspt" class="chakra-linkbox__overlay css-1hnz6hu"><div class="css-0"><p class="chakra-text css-1ecdp9w" data-testid="product-brand">Gold Peak</p><h3 class="chakra-heading css-6qrhwc" id="21013895_EA" data-testid="product-title">Rasberry Tea, Carafe</h3><p class="chakra-text css-1yftjin" data-testid="product-package-size">1.75 l, $0.26/100ml</p></div></a><div class="css-8keand"></div></div><div class="css-1q5omjq"><div class="css-fcebb8"><div data-testid="atc-compact" class="css-y94ivq" style="width: 45px;"><button type="button" class="chakra-button css-mudsm6" data-testid="atc-button"><svg stroke="currentColor" fill="currentColor" stroke-width="0" viewBox="0 0 24 24" focusable="false" class="chakra-icon css-1g3sp7a" data-testid="btn-icon" aria-hidden="true" height="1em" width="1em" xmlns="http://www.w3.org/2000/svg"><path d="M19 13h-6v6h-2v-6H5v-2h6V5h2v6h6v2z"></path></svg><span class="css-idkz9h">Add Rasberry Tea, Carafe to cart</span></button></div></div></div></div></div></div><div class="css-0"><div class="css-f5i5wc"><div class="chakra-linkbox css-vhnn8v"><div data-testid="product-image" class="css-16dr4ly"><img alt="Fruite Lemon Iced Tea 2 l, $0.14/100ml" src="https://assets.shop.loblaws.ca/products/21433563/b3/en/front/21433563_front_a06_@2.png" srcset="https://assets.shop.loblaws.ca/products/21433563/b3/en/front/21433563_front_a06_@2.png 1x, https://assets.shop.loblaws.ca/products/21433563/b3/en/front/21433563_front_a06_@2.png 2x" loading="lazy" class="chakra-image css-oguq8l" aria-hidden="true"></div><div class="css-qoklea"><div class="css-12dchmx"></div><div data-testid="price-product-tile" class="css-8atqhb"><p class="chakra-text css-0"><span class="chakra-text css-pwnbcb" data-testid="regular-price"><span class="css-idkz9h">$2.79</span>$2.79</span></p></div><a href="/lemon-iced-tea/p/21433563_EA?source=nspt" class="chakra-linkbox__overlay css-1hnz6hu"><div class="css-0"><p class="chakra-text css-1ecdp9w" data-testid="product-brand">Fruite</p><h3 class="chakra-heading css-6qrhwc" id="21433563_EA" data-testid="product-title">Lemon Iced Tea</h3><p class="chakra-text css-1yftjin" data-testid="product-package-size">2 l, $0.14/100ml</p></div></a><div class="css-8keand"></div></div><div class="css-1q5omjq"><div class="css-fcebb8"><div data-testid="atc-compact" class="css-y94ivq" style="width: 45px;"><button type="button" class="chakra-button css-mudsm6" data-testid="atc-button"><svg stroke="currentColor" fill="currentColor" stroke-width="0" viewBox="0 0 24 24" focusable="false" class="chakra-icon css-1g3sp7a" data-testid="btn-icon" aria-hidden="true" height="1em" width="1em" xmlns="http://www.w3.org/2000/svg"><path d="M19 13h-6v6h-2v-6H5v-2h6V5h2v6h6v2z"></path></svg><span class="css-idkz9h">Add Lemon Iced Tea to cart</span></button></div></div></div></div></div></div><div class="css-0"><div class="css-f5i5wc"><div class="chakra-linkbox css-vhnn8v"><div data-testid="product-image" class="css-16dr4ly"><img alt="Oasis Hydrafruit Tropical Fruits Beverage 960 ml, $0.16/100ml" src="https://assets.shop.loblaws.ca/products/21433565/b3/en/front/21433565_front_a06_@2.png" srcset="https://assets.shop.loblaws.ca/products/21433565/b3/en/front/21433565_front_a06_@2.png 1x, https://assets.shop.loblaws.ca/products/21433565/b3/en/front/21433565_front_a06_@2.png 2x" loading="lazy" class="chakra-image css-oguq8l" aria-hidden="true"></div><div class="css-qoklea"><div class="css-12dchmx"></div><div data-testid="price-product-tile" class="css-8atqhb"><p class="chakra-text css-0"><span class="chakra-text css-o93gbd" data-testid="sale-price"><span class="css-idkz9h">$1.49</span>$1.49</span><span class="chakra-text css-623q5h" data-testid="was-price"><span class="css-idkz9h">$1.99</span>$1.99</span></p><p class="chakra-text css-1m5a6y8" data-testid="price-descriptor">SAVE $0.50</p></div><a href="/hydrafruit-tropical-fruits-beverage/p/21433565_EA?source=nspt" class="chakra-linkbox__overlay css-1hnz6hu"><div class="css-0"><p class="chakra-text css-1ecdp9w" data-testid="product-brand">Oasis</p><h3 class="chakra-heading css-6qrhwc" id="21433565_EA" data-testid="product-title">Hydrafruit Tropical Fruits Beverage</h3><p class="chakra-text css-1yftjin" data-testid="product-package-size">960 ml, $0.16/100ml</p></div></a><div class="css-8keand"></div></div><div class="css-1q5omjq"><div class="css-fcebb8"><div data-testid="atc-compact" class="css-y94ivq" style="width: 45px;"><button type="button" class="chakra-button css-mudsm6" data-testid="atc-button"><svg stroke="currentColor" fill="currentColor" stroke-width="0" viewBox="0 0 24 24" focusable="false" class="chakra-icon css-1g3sp7a" data-testid="btn-icon" aria-hidden="true" height="1em" width="1em" xmlns="http://www.w3.org/2000/svg"><path d="M19 13h-6v6h-2v-6H5v-2h6V5h2v6h6v2z"></path></svg><span class="css-idkz9h">Add Hydrafruit Tropical Fruits Beverage to cart</span></button></div></div></div></div></div></div><div class="css-0"><div class="css-f5i5wc"><div class="chakra-linkbox css-vhnn8v"><div data-testid="product-image" class="css-16dr4ly"><img alt="Ocean Spray Diet Cranberry Juice 1.89 l, $0.24/100ml" src="https://assets.shop.loblaws.ca/products/20300006003/b3/en/front/20300006003_front_a06_@2.png" srcset="https://assets.shop.loblaws.ca/products/20300006003/b3/en/front/20300006003_front_a06_@2.png 1x, https://assets.shop.loblaws.ca/products/20300006003/b3/en/front/20300006003_front_a06_@2.png 2x" loading="lazy" class="chakra-image css-oguq8l" aria-hidden="true"></div><div class="css-qoklea"><div class="css-12dchmx"></div><div data-testid="price-product-tile" class="css-8atqhb"><p class="chakra-text css-0"><span class="chakra-text css-pwnbcb" data-testid="regular-price"><span class="css-idkz9h">$4.49</span>$4.49</span></p></div><a href="/diet-cranberry-juice/p/20300006003_EA?source=nspt" class="chakra-linkbox__overlay css-1hnz6hu"><div class="css-0"><p class="chakra-text css-1ecdp9w" data-testid="product-brand">Ocean Spray</p><h3 class="chakra-heading css-6qrhwc" id="20300006003_EA" data-testid="product-title">Diet Cranberry Juice</h3><p class="chakra-text css-1yftjin" data-testid="product-package-size">1.89 l, $0.24/100ml</p></div></a><div class="css-8keand"></div></div><div class="css-1q5omjq"><div class="css-fcebb8"><div data-testid="atc-compact" class="css-y94ivq" style="width: 45px;"><button type="button" class="chakra-button css-mudsm6" data-testid="atc-button"><svg stroke="currentColor" fill="currentColor" stroke-width="0" viewBox="0 0 24 24" focusable="false" class="chakra-icon css-1g3sp7a" data-testid="btn-icon" aria-hidden="true" height="1em" width="1em" xmlns="http://www.w3.org/2000/svg"><path d="M19 13h-6v6h-2v-6H5v-2h6V5h2v6h6v2z"></path></svg><span class="css-idkz9h">Add Diet Cranberry Juice to cart</span></button></div></div></div></div></div></div><div class="css-0"><div class="css-f5i5wc"><div class="chakra-linkbox css-vhnn8v"><div data-testid="product-image" class="css-16dr4ly"><img alt="Del Monte Tropical Refreshing Beverage 1.89 l, $0.18/100ml" src="https://assets.shop.loblaws.ca/products/21574890/b3/en/front/21574890_front_a06_@2.png" srcset="https://assets.shop.loblaws.ca/products/21574890/b3/en/front/21574890_front_a06_@2.png 1x, https://assets.shop.loblaws.ca/products/21574890/b3/en/front/21574890_front_a06_@2.png 2x" loading="lazy" class="chakra-image css-oguq8l" aria-hidden="true"></div><div class="css-qoklea"><div class="css-12dchmx"></div><div data-testid="price-product-tile" class="css-8atqhb"><p class="chakra-text css-0"><span class="chakra-text css-pwnbcb" data-testid="regular-price"><span class="css-idkz9h">$3.49</span>$3.49</span></p></div><a href="/tropical-refreshing-beverage/p/21574890_EA?source=nspt" class="chakra-linkbox__overlay css-1hnz6hu"><div class="css-0"><p class="chakra-text css-1ecdp9w" data-testid="product-brand">Del Monte</p><h3 class="chakra-heading css-6qrhwc" id="21574890_EA" data-testid="product-title">Tropical Refreshing Beverage</h3><p class="chakra-text css-1yftjin" data-testid="product-package-size">1.89 l, $0.18/100ml</p></div></a><div class="css-8keand"></div></div><div class="css-1q5omjq"><div class="css-fcebb8"><div data-testid="atc-compact" class="css-y94ivq" style="width: 45px;"><button type="button" class="chakra-button css-mudsm6" data-testid="atc-button"><svg stroke="currentColor" fill="currentColor" stroke-width="0" viewBox="0 0 24 24" focusable="false" class="chakra-icon css-1g3sp7a" data-testid="btn-icon" aria-hidden="true" height="1em" width="1em" xmlns="http://www.w3.org/2000/svg"><path d="M19 13h-6v6h-2v-6H5v-2h6V5h2v6h6v2z"></path></svg><span class="css-idkz9h">Add Tropical Refreshing Beverage to cart</span></button></div></div></div></div></div></div><div class="css-0"><div class="css-f5i5wc"><div class="chakra-linkbox css-vhnn8v"><div data-testid="product-image" class="css-16dr4ly"><img alt="Oasis Hydrafruit Watermelon Apple Fruit Juice 960 ml, $0.16/100ml" src="https://assets.shop.loblaws.ca/products/20943966/b3/en/front/20943966_front_a06_@2.png" srcset="https://assets.shop.loblaws.ca/products/20943966/b3/en/front/20943966_front_a06_@2.png 1x, https://assets.shop.loblaws.ca/products/20943966/b3/en/front/20943966_front_a06_@2.png 2x" loading="lazy" class="chakra-image css-oguq8l" aria-hidden="true"></div><div class="css-qoklea"><div class="css-12dchmx"></div><div data-testid="price-product-tile" class="css-8atqhb"><p class="chakra-text css-0"><span class="chakra-text css-o93gbd" data-testid="sale-price"><span class="css-idkz9h">$1.49</span>$1.49</span><span class="chakra-text css-623q5h" data-testid="was-price"><span class="css-idkz9h">$1.99</span>$1.99</span></p><p class="chakra-text css-1m5a6y8" data-testid="price-descriptor">SAVE $0.50</p></div><a href="/hydrafruit-watermelon-apple-fruit-juice/p/20943966_EA?source=nspt" class="chakra-linkbox__overlay css-1hnz6hu"><div class="css-0"><p class="chakra-text css-1ecdp9w" data-testid="product-brand">Oasis</p><h3 class="chakra-heading css-6qrhwc" id="20943966_EA" data-testid="product-title">Hydrafruit Watermelon Apple Fruit Juice</h3><p class="chakra-text css-1yftjin" data-testid="product-package-size">960 ml, $0.16/100ml</p></div></a><div class="css-8keand"></div></div><div class="css-1q5omjq"><div class="css-fcebb8"><div data-testid="atc-compact" class="css-y94ivq" style="width: 45px;"><button type="button" class="chakra-button css-mudsm6" data-testid="atc-button"><svg stroke="currentColor" fill="currentColor" stroke-width="0" viewBox="0 0 24 24" focusable="false" class="chakra-icon css-1g3sp7a" data-testid="btn-icon" aria-hidden="true" height="1em" width="1em" xmlns="http://www.w3.org/2000/svg"><path d="M19 13h-6v6h-2v-6H5v-2h6V5h2v6h6v2z"></path></svg><span class="css-idkz9h">Add Hydrafruit Watermelon Apple Fruit Juice to cart</span></button></div></div></div></div></div></div><div class="css-0"><div class="css-f5i5wc"><div class="chakra-linkbox css-vhnn8v"><div data-testid="product-image" class="css-16dr4ly"><img alt="Minute Maid Fruit Punch, No Sugar Added 1.54 l, $0.26/100ml" src="https://assets.shop.loblaws.ca/products/21434122/b3/en/front/21434122_front_a06_@2.png" srcset="https://assets.shop.loblaws.ca/products/21434122/b3/en/front/21434122_front_a06_@2.png 1x, https://assets.shop.loblaws.ca/products/21434122/b3/en/front/21434122_front_a06_@2.png 2x" loading="lazy" class="chakra-image css-oguq8l" aria-hidden="true"></div><div class="css-qoklea"><div class="css-12dchmx"></div><div data-testid="price-product-tile" class="css-8atqhb"><p class="chakra-text css-0"><span class="chakra-text css-pwnbcb" data-testid="regular-price"><span class="css-idkz9h">$3.99</span>$3.99</span></p></div><a href="/fruit-punch-no-sugar-added/p/21434122_EA?source=nspt" class="chakra-linkbox__overlay css-1hnz6hu"><div class="css-0"><p class="chakra-text css-1ecdp9w" data-testid="product-brand">Minute Maid</p><h3 class="chakra-heading css-6qrhwc" id="21434122_EA" data-testid="product-title">Fruit Punch, No Sugar Added</h3><p class="chakra-text css-1yftjin" data-testid="product-package-size">1.54 l, $0.26/100ml</p></div></a><div class="css-8keand"></div></div><div class="css-1q5omjq"><div class="css-fcebb8"><div data-testid="atc-compact" class="css-y94ivq" style="width: 45px;"><button type="button" class="chakra-button css-mudsm6" data-testid="atc-button"><svg stroke="currentColor" fill="currentColor" stroke-width="0" viewBox="0 0 24 24" focusable="false" class="chakra-icon css-1g3sp7a" data-testid="btn-icon" aria-hidden="true" height="1em" width="1em" xmlns="http://www.w3.org/2000/svg"><path d="M19 13h-6v6h-2v-6H5v-2h6V5h2v6h6v2z"></path></svg><span class="css-idkz9h">Add Fruit Punch, No Sugar Added to cart</span></button></div></div></div></div></div></div></div><div data-testid="product-grid" class="css-epcqr3"><div class="css-0"><div class="css-f5i5wc"><div class="chakra-linkbox css-vhnn8v"><div data-testid="product-image" class="css-16dr4ly"><img alt="President's Choice Ruby Red Grapefruit Cocktail 1.89 l, $0.16/100ml" src="https://assets.shop.loblaws.ca/products/20184617001/b3/en/front/20184617001_front_a06_@2.png" srcset="https://assets.shop.loblaws.ca/products/20184617001/b3/en/front/20184617001_front_a06_@2.png 1x, https://assets.shop.loblaws.ca/products/20184617001/b3/en/front/20184617001_front_a06_@2.png 2x" loading="lazy" class="chakra-image css-oguq8l" aria-hidden="true"></div><div class="css-qoklea"><div class="css-12dchmx"></div><div data-testid="price-product-tile" class="css-8atqhb"><p class="chakra-text css-0"><span class="chakra-text css-o93gbd" data-testid="sale-price"><span class="css-idkz9h">$2.99</span>$2.99</span><span class="chakra-text css-623q5h" data-testid="was-price"><span class="css-idkz9h">$3.49</span>$3.49</span></p><p class="chakra-text css-1m5a6y8" data-testid="price-descriptor">SAVE $0.50</p></div><a href="/ruby-red-grapefruit-cocktail/p/20184617001_EA?source=nspt" class="chakra-linkbox__overlay css-1hnz6hu"><div class="css-0"><p class="chakra-text css-1ecdp9w" data-testid="product-brand">President's Choice</p><h3 class="chakra-heading css-6qrhwc" id="20184617001_EA" data-testid="product-title">Ruby Red Grapefruit Cocktail</h3><p class="chakra-text css-1yftjin" data-testid="product-package-size">1.89 l, $0.16/100ml</p></div></a><div class="css-8keand"></div></div><div class="css-1q5omjq"><div class="css-fcebb8"><div data-testid="atc-compact" class="css-y94ivq" style="width: 45px;"><button type="button" class="chakra-button css-mudsm6" data-testid="atc-button"><svg stroke="currentColor" fill="currentColor" stroke-width="0" viewBox="0 0 24 24" focusable="false" class="chakra-icon css-1g3sp7a" data-testid="btn-icon" aria-hidden="true" height="1em" width="1em" xmlns="http://www.w3.org/2000/svg"><path d="M19 13h-6v6h-2v-6H5v-2h6V5h2v6h6v2z"></path></svg><span class="css-idkz9h">Add Ruby Red Grapefruit Cocktail to cart</span></button></div></div></div></div></div></div><div class="css-0"><div class="css-f5i5wc"><div class="chakra-linkbox css-vhnn8v"><div data-testid="product-image" class="css-16dr4ly"><img alt="Five Alive Mango Citrus Juice 1.75 l, $0.22/100ml" src="https://assets.shop.loblaws.ca/products/20348331003/b3/en/front/20348331003_front_a06_@2.png" srcset="https://assets.shop.loblaws.ca/products/20348331003/b3/en/front/20348331003_front_a06_@2.png 1x, https://assets.shop.loblaws.ca/products/20348331003/b3/en/front/20348331003_front_a06_@2.png 2x" loading="lazy" class="chakra-image css-oguq8l" aria-hidden="true"></div><div class="css-qoklea"><div class="css-12dchmx"></div><div data-testid="price-product-tile" class="css-8atqhb"><p class="chakra-text css-0"><span class="chakra-text css-o93gbd" data-testid="sale-price"><span class="css-idkz9h">$3.79</span>$3.79</span><span class="chakra-text css-623q5h" data-testid="was-price"><span class="css-idkz9h">$3.99</span>$3.99</span></p><p class="chakra-text css-1m5a6y8" data-testid="price-descriptor">SAVE $0.20</p></div><a href="/mango-citrus-juice/p/20348331003_EA?source=nspt" class="chakra-linkbox__overlay css-1hnz6hu"><div class="css-0"><p class="chakra-text css-1ecdp9w" data-testid="product-brand">Five Alive</p><h3 class="chakra-heading css-6qrhwc" id="20348331003_EA" data-testid="product-title">Mango Citrus Juice</h3><p class="chakra-text css-1yftjin" data-testid="product-package-size">1.75 l, $0.22/100ml</p></div></a><div class="css-8keand"></div></div><div class="css-1q5omjq"><div class="css-fcebb8"><div data-testid="atc-compact" class="css-y94ivq" style="width: 45px;"><button type="button" class="chakra-button css-mudsm6" data-testid="atc-button"><svg stroke="currentColor" fill="currentColor" stroke-width="0" viewBox="0 0 24 24" focusable="false" class="chakra-icon css-1g3sp7a" data-testid="btn-icon" aria-hidden="true" height="1em" width="1em" xmlns="http://www.w3.org/2000/svg"><path d="M19 13h-6v6h-2v-6H5v-2h6V5h2v6h6v2z"></path></svg><span class="css-idkz9h">Add Mango Citrus Juice to cart</span></button></div></div></div></div></div></div><div class="css-0"><div class="css-f5i5wc"><div class="chakra-linkbox css-vhnn8v"><div data-testid="product-image" class="css-16dr4ly"><img alt="Allen's Lemonade 1 l, $0.15/100ml" src="https://assets.shop.loblaws.ca/products/21433566/b3/en/front/21433566_front_a06_@2.png" srcset="https://assets.shop.loblaws.ca/products/21433566/b3/en/front/21433566_front_a06_@2.png 1x, https://assets.shop.loblaws.ca/products/21433566/b3/en/front/21433566_front_a06_@2.png 2x" loading="lazy" class="chakra-image css-oguq8l" aria-hidden="true"></div><div class="css-qoklea"><div class="css-12dchmx"></div><div data-testid="price-product-tile" class="css-8atqhb"><p class="chakra-text css-0"><span class="chakra-text css-pwnbcb" data-testid="regular-price"><span class="css-idkz9h">$1.49</span>$1.49</span></p></div><a href="/lemonade/p/21433566_EA?source=nspt" class="chakra-linkbox__overlay css-1hnz6hu"><div class="css-0"><p class="chakra-text css-1ecdp9w" data-testid="product-brand">Allen's</p><h3 class="chakra-heading css-6qrhwc" id="21433566_EA" data-testid="product-title">Lemonade</h3><p class="chakra-text css-1yftjin" data-testid="product-package-size">1 l, $0.15/100ml</p></div></a><div class="css-8keand"></div></div><div class="css-1q5omjq"><div class="css-fcebb8"><div data-testid="atc-compact" class="css-y94ivq" style="width: 45px;"><button type="button" class="chakra-button css-mudsm6" data-testid="atc-button"><svg stroke="currentColor" fill="currentColor" stroke-width="0" viewBox="0 0 24 24" focusable="false" class="chakra-icon css-1g3sp7a" data-testid="btn-icon" aria-hidden="true" height="1em" width="1em" xmlns="http://www.w3.org/2000/svg"><path d="M19 13h-6v6h-2v-6H5v-2h6V5h2v6h6v2z"></path></svg><span class="css-idkz9h">Add Lemonade to cart</span></button></div></div></div></div></div></div><div class="css-0"><div class="css-f5i5wc"><div class="chakra-linkbox css-vhnn8v"><div data-testid="product-image" class="css-16dr4ly"><img alt="Del Monte Peach Lychee Refreshing Beverage 1.89 l, $0.18/100ml" src="https://assets.shop.loblaws.ca/products/21575061/b3/en/front/21575061_front_a06_@2.png" srcset="https://assets.shop.loblaws.ca/products/21575061/b3/en/front/21575061_front_a06_@2.png 1x, https://assets.shop.loblaws.ca/products/21575061/b3/en/front/21575061_front_a06_@2.png 2x" loading="lazy" class="chakra-image css-oguq8l" aria-hidden="true"></div><div class="css-qoklea"><div class="css-12dchmx"></div><div data-testid="price-product-tile" class="css-8atqhb"><p class="chakra-text css-0"><span class="chakra-text css-pwnbcb" data-testid="regular-price"><span class="css-idkz9h">$3.49</span>$3.49</span></p></div><a href="/peach-lychee-refreshing-beverage/p/21575061_EA?source=nspt" class="chakra-linkbox__overlay css-1hnz6hu"><div class="css-0"><p class="chakra-text css-1ecdp9w" data-testid="product-brand">Del Monte</p><h3 class="chakra-heading css-6qrhwc" id="21575061_EA" data-testid="product-title">Peach Lychee Refreshing Beverage</h3><p class="chakra-text css-1yftjin" data-testid="product-package-size">1.89 l, $0.18/100ml</p></div></a><div class="css-8keand"></div></div><div class="css-1q5omjq"><div class="css-fcebb8"><div data-testid="atc-compact" class="css-y94ivq" style="width: 45px;"><button type="button" class="chakra-button css-mudsm6" data-testid="atc-button"><svg stroke="currentColor" fill="currentColor" stroke-width="0" viewBox="0 0 24 24" focusable="false" class="chakra-icon css-1g3sp7a" data-testid="btn-icon" aria-hidden="true" height="1em" width="1em" xmlns="http://www.w3.org/2000/svg"><path d="M19 13h-6v6h-2v-6H5v-2h6V5h2v6h6v2z"></path></svg><span class="css-idkz9h">Add Peach Lychee Refreshing Beverage to cart</span></button></div></div></div></div></div></div><div class="css-0"><div class="css-f5i5wc"><div class="chakra-linkbox css-vhnn8v"><div data-testid="product-image" class="css-16dr4ly"><img alt="President's Choice Orange Juice with Pulp 1.54 l, $0.29/100ml" src="https://assets.shop.loblaws.ca/products/21430539/b3/en/front/21430539_front_a06_@2.png" srcset="https://assets.shop.loblaws.ca/products/21430539/b3/en/front/21430539_front_a06_@2.png 1x, https://assets.shop.loblaws.ca/products/21430539/b3/en/front/21430539_front_a06_@2.png 2x" loading="lazy" class="chakra-image css-oguq8l" aria-hidden="true"></div><div class="css-qoklea"><div class="css-12dchmx"></div><div data-testid="price-product-tile" class="css-8atqhb"><p class="chakra-text css-0"><span class="chakra-text css-pwnbcb" data-testid="regular-price"><span class="css-idkz9h">$4.49</span>$4.49</span></p></div><a href="/orange-juice-with-pulp/p/21430539_EA?source=nspt" class="chakra-linkbox__overlay css-1hnz6hu"><div class="css-0"><p class="chakra-text css-1ecdp9w" data-testid="product-brand">President's Choice</p><h3 class="chakra-heading css-6qrhwc" id="21430539_EA" data-testid="product-title">Orange Juice with Pulp</h3><p class="chakra-text css-1yftjin" data-testid="product-package-size">1.54 l, $0.29/100ml</p></div></a><div class="css-8keand"></div></div><div class="css-1q5omjq"><div class="css-fcebb8"><div data-testid="atc-compact" class="css-y94ivq" style="width: 45px;"><button type="button" class="chakra-button css-mudsm6" data-testid="atc-button"><svg stroke="currentColor" fill="currentColor" stroke-width="0" viewBox="0 0 24 24" focusable="false" class="chakra-icon css-1g3sp7a" data-testid="btn-icon" aria-hidden="true" height="1em" width="1em" xmlns="http://www.w3.org/2000/svg"><path d="M19 13h-6v6h-2v-6H5v-2h6V5h2v6h6v2z"></path></svg><span class="css-idkz9h">Add Orange Juice with Pulp to cart</span></button></div></div></div></div></div></div><div class="css-0"><div class="css-f5i5wc"><div class="chakra-linkbox css-vhnn8v"><div data-testid="product-image" class="css-16dr4ly"><img alt="Bolthouse Blue Goodness 946 ml, $0.69/100ml" src="https://assets.shop.loblaws.ca/products/20319871/b3/en/front/20319871_front_a06_@2.png" srcset="https://assets.shop.loblaws.ca/products/20319871/b3/en/front/20319871_front_a06_@2.png 1x, https://assets.shop.loblaws.ca/products/20319871/b3/en/front/20319871_front_a06_@2.png 2x" loading="lazy" class="chakra-image css-oguq8l" aria-hidden="true"></div><div class="css-qoklea"><div class="css-12dchmx"></div><div data-testid="price-product-tile" class="css-8atqhb"><p class="chakra-text css-0"><span class="chakra-text css-pwnbcb" data-testid="regular-price"><span class="css-idkz9h">$6.49</span>$6.49</span></p></div><a href="/blue-goodness/p/20319871_EA?source=nspt" class="chakra-linkbox__overlay css-1hnz6hu"><div class="css-0"><p class="chakra-text css-1ecdp9w" data-testid="product-brand">Bolthouse</p><h3 class="chakra-heading css-6qrhwc" id="20319871_EA" data-testid="product-title">Blue Goodness</h3><p class="chakra-text css-1yftjin" data-testid="product-package-size">946 ml, $0.69/100ml</p></div></a><div class="css-8keand"></div></div><div class="css-1q5omjq"><div class="css-fcebb8"><div data-testid="atc-compact" class="css-y94ivq" style="width: 45px;"><button type="button" class="chakra-button css-mudsm6" data-testid="atc-button"><svg stroke="currentColor" fill="currentColor" stroke-width="0" viewBox="0 0 24 24" focusable="false" class="chakra-icon css-1g3sp7a" data-testid="btn-icon" aria-hidden="true" height="1em" width="1em" xmlns="http://www.w3.org/2000/svg"><path d="M19 13h-6v6h-2v-6H5v-2h6V5h2v6h6v2z"></path></svg><span class="css-idkz9h">Add Blue Goodness to cart</span></button></div></div></div></div></div></div><div class="css-0"><div class="css-f5i5wc"><div class="chakra-linkbox css-vhnn8v"><div data-testid="product-image" class="css-16dr4ly"><img alt="President's Choice 100% Cranberry Juice Blend 1.89 l, $0.23/100ml" src="https://assets.shop.loblaws.ca/products/20320042002/b3/en/front/20320042002_front_a06_@2.png" srcset="https://assets.shop.loblaws.ca/products/20320042002/b3/en/front/20320042002_front_a06_@2.png 1x, https://assets.shop.loblaws.ca/products/20320042002/b3/en/front/20320042002_front_a06_@2.png 2x" loading="lazy" class="chakra-image css-oguq8l" aria-hidden="true"></div><div class="css-qoklea"><div class="css-12dchmx"></div><div data-testid="price-product-tile" class="css-8atqhb"><p class="chakra-text css-0"><span class="chakra-text css-pwnbcb" data-testid="regular-price"><span class="css-idkz9h">$4.29</span>$4.29</span></p></div><a href="/100-cranberry-juice-blend/p/20320042002_EA?source=nspt" class="chakra-linkbox__overlay css-1hnz6hu"><div class="css-0"><p class="chakra-text css-1ecdp9w" data-testid="product-brand">President's Choice</p><h3 class="chakra-heading css-6qrhwc" id="20320042002_EA" data-testid="product-title">100% Cranberry Juice Blend</h3><p class="chakra-text css-1yftjin" data-testid="product-package-size">1.89 l, $0.23/100ml</p></div></a><div class="css-8keand"></div></div><div class="css-1q5omjq"><div class="css-fcebb8"><div data-testid="atc-compact" class="css-y94ivq" style="width: 45px;"><button type="button" class="chakra-button css-mudsm6" data-testid="atc-button"><svg stroke="currentColor" fill="currentColor" stroke-width="0" viewBox="0 0 24 24" focusable="false" class="chakra-icon css-1g3sp7a" data-testid="btn-icon" aria-hidden="true" height="1em" width="1em" xmlns="http://www.w3.org/2000/svg"><path d="M19 13h-6v6h-2v-6H5v-2h6V5h2v6h6v2z"></path></svg><span class="css-idkz9h">Add 100% Cranberry Juice Blend to cart</span></button></div></div></div></div></div></div><div class="css-0"><div class="css-f5i5wc"><div class="chakra-linkbox css-vhnn8v"><div data-testid="product-image" class="css-16dr4ly"><img alt="Kool-Aid Jammers, Orange 10x180.0 ml, $0.16/100ml" src="https://assets.shop.loblaws.ca/products/20079976005/b3/en/front/20079976005_front_a06_@2.png" srcset="https://assets.shop.loblaws.ca/products/20079976005/b3/en/front/20079976005_front_a06_@2.png 1x, https://assets.shop.loblaws.ca/products/20079976005/b3/en/front/20079976005_front_a06_@2.png 2x" loading="lazy" class="chakra-image css-oguq8l" aria-hidden="true"></div><div class="css-qoklea"><div class="css-12dchmx"></div><div data-testid="price-product-tile" class="css-8atqhb"><p class="chakra-text css-0"><span class="chakra-text css-o93gbd" data-testid="sale-price"><span class="css-idkz9h">$2.79</span>$2.79</span><span class="chakra-text css-623q5h" data-testid="was-price"><span class="css-idkz9h">$3.29</span>$3.29</span></p><p class="chakra-text css-1m5a6y8" data-testid="price-descriptor">SAVE $0.50</p></div><a href="/jammers-orange/p/20079976005_EA?source=nspt" class="chakra-linkbox__overlay css-1hnz6hu"><div class="css-0"><p class="chakra-text css-1ecdp9w" data-testid="product-brand">Kool-Aid</p><h3 class="chakra-heading css-6qrhwc" id="20079976005_EA" data-testid="product-title">Jammers, Orange</h3><p class="chakra-text css-1yftjin" data-testid="product-package-size">10x180.0 ml, $0.16/100ml</p></div></a><div class="css-8keand"></div></div><div class="css-1q5omjq"><div class="css-fcebb8"><div data-testid="atc-compact" class="css-y94ivq" style="width: 45px;"><button type="button" class="chakra-button css-mudsm6" data-testid="atc-button"><svg stroke="currentColor" fill="currentColor" stroke-width="0" viewBox="0 0 24 24" focusable="false" class="chakra-icon css-1g3sp7a" data-testid="btn-icon" aria-hidden="true" height="1em" width="1em" xmlns="http://www.w3.org/2000/svg"><path d="M19 13h-6v6h-2v-6H5v-2h6V5h2v6h6v2z"></path></svg><span class="css-idkz9h">Add Jammers, Orange to cart</span></button></div></div></div></div></div></div><div class="css-0"><div class="css-f5i5wc"><div class="chakra-linkbox css-vhnn8v"><div data-testid="product-image" class="css-16dr4ly"><img alt="Ocean Spray Low Calorie Cranberry Raspberry Cocktail 1.89 l, $0.24/100ml" src="https://assets.shop.loblaws.ca/products/20300006001/b3/en/front/20300006001_front_a06_@2.png" srcset="https://assets.shop.loblaws.ca/products/20300006001/b3/en/front/20300006001_front_a06_@2.png 1x, https://assets.shop.loblaws.ca/products/20300006001/b3/en/front/20300006001_front_a06_@2.png 2x" loading="lazy" class="chakra-image css-oguq8l" aria-hidden="true"></div><div class="css-qoklea"><div class="css-12dchmx"></div><div data-testid="price-product-tile" class="css-8atqhb"><p class="chakra-text css-0"><span class="chakra-text css-pwnbcb" data-testid="regular-price"><span class="css-idkz9h">$4.49</span>$4.49</span></p></div><a href="/low-calorie-cranberry-raspberry-cocktail/p/20300006001_EA?source=nspt" class="chakra-linkbox__overlay css-1hnz6hu"><div class="css-0"><p class="chakra-text css-1ecdp9w" data-testid="product-brand">Ocean Spray</p><h3 class="chakra-heading css-6qrhwc" id="20300006001_EA" data-testid="product-title">Low Calorie Cranberry Raspberry Cocktail</h3><p class="chakra-text css-1yftjin" data-testid="product-package-size">1.89 l, $0.24/100ml</p></div></a><div class="css-8keand"></div></div><div class="css-1q5omjq"><div class="css-fcebb8"><div data-testid="atc-compact" class="css-y94ivq" style="width: 45px;"><button type="button" class="chakra-button css-mudsm6" data-testid="atc-button"><svg stroke="currentColor" fill="currentColor" stroke-width="0" viewBox="0 0 24 24" focusable="false" class="chakra-icon css-1g3sp7a" data-testid="btn-icon" aria-hidden="true" height="1em" width="1em" xmlns="http://www.w3.org/2000/svg"><path d="M19 13h-6v6h-2v-6H5v-2h6V5h2v6h6v2z"></path></svg><span class="css-idkz9h">Add Low Calorie Cranberry Raspberry Cocktail to cart</span></button></div></div></div></div></div></div><div class="css-0"><div class="css-f5i5wc"><div class="chakra-linkbox css-vhnn8v"><div data-testid="product-image" class="css-16dr4ly"><img alt="V8 Vegetable Cocktail Spicy 6x156.0 ml, $0.43/100ml" src="https://assets.shop.loblaws.ca/products/21577740/b3/en/front/21577740_front_a06_@2.png" srcset="https://assets.shop.loblaws.ca/products/21577740/b3/en/front/21577740_front_a06_@2.png 1x, https://assets.shop.loblaws.ca/products/21577740/b3/en/front/21577740_front_a06_@2.png 2x" loading="lazy" class="chakra-image css-oguq8l" aria-hidden="true"></div><div class="css-qoklea"><div class="css-12dchmx"></div><div data-testid="price-product-tile" class="css-8atqhb"><p class="chakra-text css-0"><span class="chakra-text css-o93gbd" data-testid="sale-price"><span class="css-idkz9h">$3.99</span>$3.99</span><span class="chakra-text css-623q5h" data-testid="was-price"><span class="css-idkz9h">$4.49</span>$4.49</span></p><p class="chakra-text css-1m5a6y8" data-testid="price-descriptor">SAVE $0.50</p></div><a href="/vegetable-cocktail-spicy/p/21577740_EA?source=nspt" class="chakra-linkbox__overlay css-1hnz6hu"><div class="css-0"><p class="chakra-text css-1ecdp9w" data-testid="product-brand">V8</p><h3 class="chakra-heading css-6qrhwc" id="21577740_EA" data-testid="product-title">Vegetable Cocktail Spicy</h3><p class="chakra-text css-1yftjin" data-testid="product-package-size">6x156.0 ml, $0.43/100ml</p></div></a><div class="css-8keand"></div></div><div class="css-1q5omjq"><div class="css-fcebb8"><div data-testid="atc-compact" class="css-y94ivq" style="width: 45px;"><button type="button" class="chakra-button css-mudsm6" data-testid="atc-button"><svg stroke="currentColor" fill="currentColor" stroke-width="0" viewBox="0 0 24 24" focusable="false" class="chakra-icon css-1g3sp7a" data-testid="btn-icon" aria-hidden="true" height="1em" width="1em" xmlns="http://www.w3.org/2000/svg"><path d="M19 13h-6v6h-2v-6H5v-2h6V5h2v6h6v2z"></path></svg><span class="css-idkz9h">Add Vegetable Cocktail Spicy to cart</span></button></div></div></div></div></div></div><div class="css-0"><div class="css-f5i5wc"><div class="chakra-linkbox css-vhnn8v"><div data-testid="product-image" class="css-16dr4ly"><img alt="Oasis Health Break Berry Pomegranate Antioxidant Juice 1.6 l, $0.28/100ml" src="https://assets.shop.loblaws.ca/products/21529899/b3/en/front/21529899_front_a06_@2.png" srcset="https://assets.shop.loblaws.ca/products/21529899/b3/en/front/21529899_front_a06_@2.png 1x, https://assets.shop.loblaws.ca/products/21529899/b3/en/front/21529899_front_a06_@2.png 2x" loading="lazy" class="chakra-image css-oguq8l" aria-hidden="true"></div><div class="css-qoklea"><div class="css-12dchmx"></div><div data-testid="price-product-tile" class="css-8atqhb"><p class="chakra-text css-0"><span class="chakra-text css-pwnbcb" data-testid="regular-price"><span class="css-idkz9h">$4.49</span>$4.49</span></p></div><a href="/health-break-berry-pomegranate-antioxidant-juice/p/21529899_EA?source=nspt" class="chakra-linkbox__overlay css-1hnz6hu"><div class="css-0"><p class="chakra-text css-1ecdp9w" data-testid="product-brand">Oasis</p><h3 class="chakra-heading css-6qrhwc" id="21529899_EA" data-testid="product-title">Health Break Berry Pomegranate Antioxidant Juice</h3><p class="chakra-text css-1yftjin" data-testid="product-package-size">1.6 l, $0.28/100ml</p></div></a><div class="css-8keand"></div></div><div class="css-1q5omjq"><div class="css-fcebb8"><div data-testid="atc-compact" class="css-y94ivq" style="width: 45px;"><button type="button" class="chakra-button css-mudsm6" data-testid="atc-button"><svg stroke="currentColor" fill="currentColor" stroke-width="0" viewBox="0 0 24 24" focusable="false" class="chakra-icon css-1g3sp7a" data-testid="btn-icon" aria-hidden="true" height="1em" width="1em" xmlns="http://www.w3.org/2000/svg"><path d="M19 13h-6v6h-2v-6H5v-2h6V5h2v6h6v2z"></path></svg><span class="css-idkz9h">Add Health Break Berry Pomegranate Antioxidant Juice to cart</span></button></div></div></div></div></div></div><div class="css-0"><div class="css-f5i5wc"><div class="chakra-linkbox css-vhnn8v"><div data-testid="product-image" class="css-16dr4ly"><img alt="Allen's Mango Cocktail (Case) 21x200.0 ml, $0.12/100ml" src="https://assets.shop.loblaws.ca/products/21021397/b3/en/front/21021397_front_a06_@2.png" srcset="https://assets.shop.loblaws.ca/products/21021397/b3/en/front/21021397_front_a06_@2.png 1x, https://assets.shop.loblaws.ca/products/21021397/b3/en/front/21021397_front_a06_@2.png 2x" loading="lazy" class="chakra-image css-oguq8l" aria-hidden="true"></div><div class="css-qoklea"><div class="css-12dchmx"></div><div data-testid="price-product-tile" class="css-8atqhb"><p class="chakra-text css-0"><span class="chakra-text css-pwnbcb" data-testid="regular-price"><span class="css-idkz9h">$4.99</span>$4.99</span></p></div><a href="/mango-cocktail-case/p/21021397_C01?source=nspt" class="chakra-linkbox__overlay css-1hnz6hu"><div class="css-0"><p class="chakra-text css-1ecdp9w" data-testid="product-brand">Allen's</p><h3 class="chakra-heading css-6qrhwc" id="21021397_C01" data-testid="product-title">Mango Cocktail (Case)</h3><p class="chakra-text css-1yftjin" data-testid="product-package-size">21x200.0 ml, $0.12/100ml</p></div></a><div class="css-8keand"></div></div><div class="css-1q5omjq"><div class="css-fcebb8"><div data-testid="atc-compact" class="css-y94ivq" style="width: 45px;"><button disabled="" type="button" class="chakra-button css-mudsm6" data-testid="atc-button"><svg stroke="currentColor" fill="currentColor" stroke-width="0" viewBox="0 0 24 24" focusable="false" class="chakra-icon css-1g3sp7a" data-testid="btn-icon" aria-hidden="true" height="1em" width="1em" xmlns="http://www.w3.org/2000/svg"><path d="M19 13h-6v6h-2v-6H5v-2h6V5h2v6h6v2z"></path></svg><span class="css-idkz9h">Add Mango Cocktail (Case) to cart</span></button></div></div><div class="css-4saf4a"><p class="chakra-text css-py8788" data-testid="inventory-badge-text">Out of Stock</p></div></div></div></div></div><div class="css-0"><div class="css-f5i5wc"><div class="chakra-linkbox css-vhnn8v"><div data-testid="product-image" class="css-16dr4ly"><img alt="Alphonso Real Fruit Beverage Guava Strawberry 1.75 l, $0.25/100ml" src="https://assets.shop.loblaws.ca/products/21128527/b3/en/front/21128527_front_a06_@2.png" srcset="https://assets.shop.loblaws.ca/products/21128527/b3/en/front/21128527_front_a06_@2.png 1x, https://assets.shop.loblaws.ca/products/21128527/b3/en/front/21128527_front_a06_@2.png 2x" loading="lazy" class="chakra-image css-oguq8l" aria-hidden="true"></div><div class="css-qoklea"><div class="css-12dchmx"></div><div data-testid="price-product-tile" class="css-8atqhb"><p class="chakra-text css-0"><span class="chakra-text css-pwnbcb" data-testid="regular-price"><span class="css-idkz9h">$4.29</span>$4.29</span></p></div><a href="/real-fruit-beverage-guava-strawberry/p/21128527_EA?source=nspt" class="chakra-linkbox__overlay css-1hnz6hu"><div class="css-0"><p class="chakra-text css-1ecdp9w" data-testid="product-brand">Alphonso</p><h3 class="chakra-heading css-6qrhwc" id="21128527_EA" data-testid="product-title">Real Fruit Beverage Guava Strawberry</h3><p class="chakra-text css-1yftjin" data-testid="product-package-size">1.75 l, $0.25/100ml</p></div></a><div class="css-8keand"></div></div><div class="css-1q5omjq"><div class="css-fcebb8"><div data-testid="atc-compact" class="css-y94ivq" style="width: 45px;"><button type="button" class="chakra-button css-mudsm6" data-testid="atc-button"><svg stroke="currentColor" fill="currentColor" stroke-width="0" viewBox="0 0 24 24" focusable="false" class="chakra-icon css-1g3sp7a" data-testid="btn-icon" aria-hidden="true" height="1em" width="1em" xmlns="http://www.w3.org/2000/svg"><path d="M19 13h-6v6h-2v-6H5v-2h6V5h2v6h6v2z"></path></svg><span class="css-idkz9h">Add Real Fruit Beverage Guava Strawberry to cart</span></button></div></div></div></div></div></div><div class="css-0"><div class="css-f5i5wc"><div class="chakra-linkbox css-vhnn8v"><div data-testid="product-image" class="css-16dr4ly"><img alt="No Name Lemon Iced Tea 3.78 l, $0.15/100ml" src="https://assets.shop.loblaws.ca/products/20276318003/b3/en/front/20276318003_front_a06_@2.png" srcset="https://assets.shop.loblaws.ca/products/20276318003/b3/en/front/20276318003_front_a06_@2.png 1x, https://assets.shop.loblaws.ca/products/20276318003/b3/en/front/20276318003_front_a06_@2.png 2x" loading="lazy" class="chakra-image css-oguq8l" aria-hidden="true"></div><div class="css-qoklea"><div class="css-12dchmx"></div><div data-testid="price-product-tile" class="css-8atqhb"><p class="chakra-text css-0"><span class="chakra-text css-pwnbcb" data-testid="regular-price"><span class="css-idkz9h">$5.49</span>$5.49</span></p></div><a href="/lemon-iced-tea/p/20276318003_EA?source=nspt" class="chakra-linkbox__overlay css-1hnz6hu"><div class="css-0"><p class="chakra-text css-1ecdp9w" data-testid="product-brand">No Name</p><h3 class="chakra-heading css-6qrhwc" id="20276318003_EA" data-testid="product-title">Lemon Iced Tea</h3><p class="chakra-text css-1yftjin" data-testid="product-package-size">3.78 l, $0.15/100ml</p></div></a><div class="css-8keand"></div></div><div class="css-1q5omjq"><div class="css-fcebb8"><div data-testid="atc-compact" class="css-y94ivq" style="width: 45px;"><button disabled="" type="button" class="chakra-button css-mudsm6" data-testid="atc-button"><svg stroke="currentColor" fill="currentColor" stroke-width="0" viewBox="0 0 24 24" focusable="false" class="chakra-icon css-1g3sp7a" data-testid="btn-icon" aria-hidden="true" height="1em" width="1em" xmlns="http://www.w3.org/2000/svg"><path d="M19 13h-6v6h-2v-6H5v-2h6V5h2v6h6v2z"></path></svg><span class="css-idkz9h">Add Lemon Iced Tea to cart</span></button></div></div><div class="css-4saf4a"><p class="chakra-text css-py8788" data-testid="inventory-badge-text">Out of Stock</p></div></div></div></div></div><div class="css-0"><div class="css-f5i5wc"><div class="chakra-linkbox css-vhnn8v"><div data-testid="product-image" class="css-16dr4ly"><img alt="President's Choice Apple Grape Juice Boxes  10x200.0 ml, $0.25/100ml" src="https://assets.shop.loblaws.ca/products/21061947/b3/en/front/21061947_front_a06_@2.png" srcset="https://assets.shop.loblaws.ca/products/21061947/b3/en/front/21061947_front_a06_@2.png 1x, https://assets.shop.loblaws.ca/products/21061947/b3/en/front/21061947_front_a06_@2.png 2x" loading="lazy" class="chakra-image css-oguq8l" aria-hidden="true"></div><div class="css-qoklea"><div class="css-12dchmx"></div><div data-testid="price-product-tile" class="css-8atqhb"><p class="chakra-text css-0"><span class="chakra-text css-pwnbcb" data-testid="regular-price"><span class="css-idkz9h">$4.99</span>$4.99</span></p></div><a href="/apple-grape-juice-boxes/p/21061947_EA?source=nspt" class="chakra-linkbox__overlay css-1hnz6hu"><div class="css-0"><p class="chakra-text css-1ecdp9w" data-testid="product-brand">President's Choice</p><h3 class="chakra-heading css-6qrhwc" id="21061947_EA" data-testid="product-title">Apple Grape Juice Boxes </h3><p class="chakra-text css-1yftjin" data-testid="product-package-size">10x200.0 ml, $0.25/100ml</p></div></a><div class="css-8keand"></div></div><div class="css-1q5omjq"><div class="css-fcebb8"><div data-testid="atc-compact" class="css-y94ivq" style="width: 45px;"><button type="button" class="chakra-button css-mudsm6" data-testid="atc-button"><svg stroke="currentColor" fill="currentColor" stroke-width="0" viewBox="0 0 24 24" focusable="false" class="chakra-icon css-1g3sp7a" data-testid="btn-icon" aria-hidden="true" height="1em" width="1em" xmlns="http://www.w3.org/2000/svg"><path d="M19 13h-6v6h-2v-6H5v-2h6V5h2v6h6v2z"></path></svg><span class="css-idkz9h">Add Apple Grape Juice Boxes  to cart</span></button></div></div></div></div></div></div><div class="css-0"><div class="css-f5i5wc"><div class="chakra-linkbox css-vhnn8v"><div data-testid="product-image" class="css-16dr4ly"><img alt="Cool Runnings Mango Nectar 473 ml, $0.27/100ml" src="https://assets.shop.loblaws.ca/products/20702979/b3/en/front/20702979_front_a06_@2.png" srcset="https://assets.shop.loblaws.ca/products/20702979/b3/en/front/20702979_front_a06_@2.png 1x, https://assets.shop.loblaws.ca/products/20702979/b3/en/front/20702979_front_a06_@2.png 2x" loading="lazy" class="chakra-image css-oguq8l" aria-hidden="true"></div><div class="css-qoklea"><div class="css-12dchmx"></div><div data-testid="price-product-tile" class="css-8atqhb"><p class="chakra-text css-0"><span class="chakra-text css-pwnbcb" data-testid="regular-price"><span class="css-idkz9h">$1.29</span>$1.29</span></p></div><a href="/mango-nectar/p/20702979_EA?source=nspt" class="chakra-linkbox__overlay css-1hnz6hu"><div class="css-0"><p class="chakra-text css-1ecdp9w" data-testid="product-brand">Cool Runnings</p><h3 class="chakra-heading css-6qrhwc" id="20702979_EA" data-testid="product-title">Mango Nectar</h3><p class="chakra-text css-1yftjin" data-testid="product-package-size">473 ml, $0.27/100ml</p></div></a><div class="css-8keand"></div></div><div class="css-1q5omjq"><div class="css-fcebb8"><div data-testid="atc-compact" class="css-y94ivq" style="width: 45px;"><button disabled="" type="button" class="chakra-button css-mudsm6" data-testid="atc-button"><svg stroke="currentColor" fill="currentColor" stroke-width="0" viewBox="0 0 24 24" focusable="false" class="chakra-icon css-1g3sp7a" data-testid="btn-icon" aria-hidden="true" height="1em" width="1em" xmlns="http://www.w3.org/2000/svg"><path d="M19 13h-6v6h-2v-6H5v-2h6V5h2v6h6v2z"></path></svg><span class="css-idkz9h">Add Mango Nectar to cart</span></button></div></div><div class="css-4saf4a"><p class="chakra-text css-py8788" data-testid="inventory-badge-text">Out of Stock</p></div></div></div></div></div><div class="css-0"><div class="css-f5i5wc"><div class="chakra-linkbox css-vhnn8v"><div data-testid="product-image" class="css-16dr4ly"><img alt="V8 V-Go Vegetable Cocktail, Low Sodium 1.89 l, $0.24/100ml" src="https://assets.shop.loblaws.ca/products/20077351003/b3/en/front/20077351003_front_a06_@2.png" srcset="https://assets.shop.loblaws.ca/products/20077351003/b3/en/front/20077351003_front_a06_@2.png 1x, https://assets.shop.loblaws.ca/products/20077351003/b3/en/front/20077351003_front_a06_@2.png 2x" loading="lazy" class="chakra-image css-oguq8l" aria-hidden="true"></div><div class="css-qoklea"><div class="css-12dchmx"></div><div data-testid="price-product-tile" class="css-8atqhb"><p class="chakra-text css-0"><span class="chakra-text css-pwnbcb" data-testid="regular-price"><span class="css-idkz9h">$4.49</span>$4.49</span></p></div><a href="/v-go-vegetable-cocktail-low-sodium/p/20077351003_EA?source=nspt" class="chakra-linkbox__overlay css-1hnz6hu"><div class="css-0"><p class="chakra-text css-1ecdp9w" data-testid="product-brand">V8</p><h3 class="chakra-heading css-6qrhwc" id="20077351003_EA" data-testid="product-title">V-Go Vegetable Cocktail, Low Sodium</h3><p class="chakra-text css-1yftjin" data-testid="product-package-size">1.89 l, $0.24/100ml</p></div></a><div class="css-8keand"></div></div><div class="css-1q5omjq"><div class="css-fcebb8"><div data-testid="atc-compact" class="css-y94ivq" style="width: 45px;"><button type="button" class="chakra-button css-mudsm6" data-testid="atc-button"><svg stroke="currentColor" fill="currentColor" stroke-width="0" viewBox="0 0 24 24" focusable="false" class="chakra-icon css-1g3sp7a" data-testid="btn-icon" aria-hidden="true" height="1em" width="1em" xmlns="http://www.w3.org/2000/svg"><path d="M19 13h-6v6h-2v-6H5v-2h6V5h2v6h6v2z"></path></svg><span class="css-idkz9h">Add V-Go Vegetable Cocktail, Low Sodium to cart</span></button></div></div></div></div></div></div><div class="css-0"><div class="css-f5i5wc"><div class="chakra-linkbox css-vhnn8v"><div data-testid="product-image" class="css-16dr4ly"><img alt="Rubicon Juice Drink Dragon Fruit 1 l, $0.28/100ml" src="https://assets.shop.loblaws.ca/products/21529635/b3/en/front/21529635_front_a06_@2.png" srcset="https://assets.shop.loblaws.ca/products/21529635/b3/en/front/21529635_front_a06_@2.png 1x, https://assets.shop.loblaws.ca/products/21529635/b3/en/front/21529635_front_a06_@2.png 2x" loading="lazy" class="chakra-image css-oguq8l" aria-hidden="true"></div><div class="css-qoklea"><div class="css-12dchmx"></div><div data-testid="price-product-tile" class="css-8atqhb"><p class="chakra-text css-0"><span class="chakra-text css-pwnbcb" data-testid="regular-price"><span class="css-idkz9h">$2.79</span>$2.79</span></p></div><a href="/juice-drink-dragon-fruit/p/21529635_EA?source=nspt" class="chakra-linkbox__overlay css-1hnz6hu"><div class="css-0"><p class="chakra-text css-1ecdp9w" data-testid="product-brand">Rubicon</p><h3 class="chakra-heading css-6qrhwc" id="21529635_EA" data-testid="product-title">Juice Drink Dragon Fruit</h3><p class="chakra-text css-1yftjin" data-testid="product-package-size">1 l, $0.28/100ml</p></div></a><div class="css-8keand"></div></div><div class="css-1q5omjq"><div class="css-fcebb8"><div data-testid="atc-compact" class="css-y94ivq" style="width: 45px;"><button type="button" class="chakra-button css-mudsm6" data-testid="atc-button"><svg stroke="currentColor" fill="currentColor" stroke-width="0" viewBox="0 0 24 24" focusable="false" class="chakra-icon css-1g3sp7a" data-testid="btn-icon" aria-hidden="true" height="1em" width="1em" xmlns="http://www.w3.org/2000/svg"><path d="M19 13h-6v6h-2v-6H5v-2h6V5h2v6h6v2z"></path></svg><span class="css-idkz9h">Add Juice Drink Dragon Fruit to cart</span></button></div></div><div class="css-4saf4a"><p class="chakra-text css-py8788" data-testid="inventory-badge-text">Low Stock</p></div></div></div></div></div><div class="css-0"><div class="css-f5i5wc"><div class="chakra-linkbox css-vhnn8v"><div data-testid="product-image" class="css-16dr4ly"><img alt="PC Blue Menu Strawberry Watermelon Fruit Juice Beverage Boxes 10x200.0 ml, $2.50/100ml" src="https://assets.shop.loblaws.ca/products/21358303/b3/en/front/21358303_front_a06_@2.png" srcset="https://assets.shop.loblaws.ca/products/21358303/b3/en/front/21358303_front_a06_@2.png 1x, https://assets.shop.loblaws.ca/products/21358303/b3/en/front/21358303_front_a06_@2.png 2x" loading="lazy" class="chakra-image css-oguq8l" aria-hidden="true"></div><div class="css-qoklea"><div class="css-12dchmx"></div><div data-testid="price-product-tile" class="css-8atqhb"><p class="chakra-text css-0"><span class="chakra-text css-pwnbcb" data-testid="regular-price"><span class="css-idkz9h">$4.99</span>$4.99</span></p></div><a href="/strawberry-watermelon-fruit-juice-beverage-boxes/p/21358303_EA?source=nspt" class="chakra-linkbox__overlay css-1hnz6hu"><div class="css-0"><p class="chakra-text css-1ecdp9w" data-testid="product-brand">PC Blue Menu</p><h3 class="chakra-heading css-6qrhwc" id="21358303_EA" data-testid="product-title">Strawberry Watermelon Fruit Juice Beverage Boxes</h3><p class="chakra-text css-1yftjin" data-testid="product-package-size">10x200.0 ml, $2.50/100ml</p></div></a><div class="css-8keand"></div></div><div class="css-1q5omjq"><div class="css-fcebb8"><div data-testid="atc-compact" class="css-y94ivq" style="width: 45px;"><button type="button" class="chakra-button css-mudsm6" data-testid="atc-button"><svg stroke="currentColor" fill="currentColor" stroke-width="0" viewBox="0 0 24 24" focusable="false" class="chakra-icon css-1g3sp7a" data-testid="btn-icon" aria-hidden="true" height="1em" width="1em" xmlns="http://www.w3.org/2000/svg"><path d="M19 13h-6v6h-2v-6H5v-2h6V5h2v6h6v2z"></path></svg><span class="css-idkz9h">Add Strawberry Watermelon Fruit Juice Beverage Boxes to cart</span></button></div></div></div></div></div></div><div class="css-0"><div class="css-f5i5wc"><div class="chakra-linkbox css-vhnn8v"><div data-testid="product-image" class="css-16dr4ly"><img alt="Grace Tropical Rhythms, Mango &amp; Carrot 473 ml, $0.48/100ml" src="https://assets.shop.loblaws.ca/products/20253380003/b3/en/front/20253380003_front_a06_@2.png" srcset="https://assets.shop.loblaws.ca/products/20253380003/b3/en/front/20253380003_front_a06_@2.png 1x, https://assets.shop.loblaws.ca/products/20253380003/b3/en/front/20253380003_front_a06_@2.png 2x" loading="lazy" class="chakra-image css-oguq8l" aria-hidden="true"></div><div class="css-qoklea"><div class="css-12dchmx"></div><div data-testid="price-product-tile" class="css-8atqhb"><p class="chakra-text css-0"><span class="chakra-text css-pwnbcb" data-testid="regular-price"><span class="css-idkz9h">$2.29</span>$2.29</span></p></div><a href="/tropical-rhythms-mango-carrot/p/20253380003_EA?source=nspt" class="chakra-linkbox__overlay css-1hnz6hu"><div class="css-0"><p class="chakra-text css-1ecdp9w" data-testid="product-brand">Grace</p><h3 class="chakra-heading css-6qrhwc" id="20253380003_EA" data-testid="product-title">Tropical Rhythms, Mango &amp; Carrot</h3><p class="chakra-text css-1yftjin" data-testid="product-package-size">473 ml, $0.48/100ml</p></div></a><div class="css-8keand"></div></div><div class="css-1q5omjq"><div class="css-fcebb8"><div data-testid="atc-compact" class="css-y94ivq" style="width: 45px;"><button type="button" class="chakra-button css-mudsm6" data-testid="atc-button"><svg stroke="currentColor" fill="currentColor" stroke-width="0" viewBox="0 0 24 24" focusable="false" class="chakra-icon css-1g3sp7a" data-testid="btn-icon" aria-hidden="true" height="1em" width="1em" xmlns="http://www.w3.org/2000/svg"><path d="M19 13h-6v6h-2v-6H5v-2h6V5h2v6h6v2z"></path></svg><span class="css-idkz9h">Add Tropical Rhythms, Mango &amp; Carrot to cart</span></button></div></div></div></div></div></div><div class="css-0"><div class="css-f5i5wc"><div class="chakra-linkbox css-vhnn8v"><div data-testid="product-image" class="css-16dr4ly"><img alt="Ocean Spray Juice Drink, Diet Cranberry 6x295.0 ml, $0.34/100ml" src="https://assets.shop.loblaws.ca/products/20501479/b3/en/front/20501479_front_a06_@2.png" srcset="https://assets.shop.loblaws.ca/products/20501479/b3/en/front/20501479_front_a06_@2.png 1x, https://assets.shop.loblaws.ca/products/20501479/b3/en/front/20501479_front_a06_@2.png 2x" loading="lazy" class="chakra-image css-oguq8l" aria-hidden="true"></div><div class="css-qoklea"><div class="css-12dchmx"></div><div data-testid="price-product-tile" class="css-8atqhb"><p class="chakra-text css-0"><span class="chakra-text css-pwnbcb" data-testid="regular-price"><span class="css-idkz9h">$5.99</span>$5.99</span></p></div><a href="/juice-drink-diet-cranberry/p/20501479_EA?source=nspt" class="chakra-linkbox__overlay css-1hnz6hu"><div class="css-0"><p class="chakra-text css-1ecdp9w" data-testid="product-brand">Ocean Spray</p><h3 class="chakra-heading css-6qrhwc" id="20501479_EA" data-testid="product-title">Juice Drink, Diet Cranberry</h3><p class="chakra-text css-1yftjin" data-testid="product-package-size">6x295.0 ml, $0.34/100ml</p></div></a><div class="css-8keand"></div></div><div class="css-1q5omjq"><div class="css-fcebb8"><div data-testid="atc-compact" class="css-y94ivq" style="width: 45px;"><button type="button" class="chakra-button css-mudsm6" data-testid="atc-button"><svg stroke="currentColor" fill="currentColor" stroke-width="0" viewBox="0 0 24 24" focusable="false" class="chakra-icon css-1g3sp7a" data-testid="btn-icon" aria-hidden="true" height="1em" width="1em" xmlns="http://www.w3.org/2000/svg"><path d="M19 13h-6v6h-2v-6H5v-2h6V5h2v6h6v2z"></path></svg><span class="css-idkz9h">Add Juice Drink, Diet Cranberry to cart</span></button></div></div></div></div></div></div><div class="css-0"><div class="css-f5i5wc"><div class="chakra-linkbox css-vhnn8v"><div data-testid="product-image" class="css-16dr4ly"><img alt="PC Blue Menu Mango Pineapple Fruit Juice Beverage Boxes 10x200.0 ml, $2.50/100ml" src="https://assets.shop.loblaws.ca/products/21358212/b3/en/front/21358212_front_a06_@2.png" srcset="https://assets.shop.loblaws.ca/products/21358212/b3/en/front/21358212_front_a06_@2.png 1x, https://assets.shop.loblaws.ca/products/21358212/b3/en/front/21358212_front_a06_@2.png 2x" loading="lazy" class="chakra-image css-oguq8l" aria-hidden="true"></div><div class="css-qoklea"><div class="css-12dchmx"></div><div data-testid="price-product-tile" class="css-8atqhb"><p class="chakra-text css-0"><span class="chakra-text css-pwnbcb" data-testid="regular-price"><span class="css-idkz9h">$4.99</span>$4.99</span></p></div><a href="/mango-pineapple-fruit-juice-beverage-boxes/p/21358212_EA?source=nspt" class="chakra-linkbox__overlay css-1hnz6hu"><div class="css-0"><p class="chakra-text css-1ecdp9w" data-testid="product-brand">PC Blue Menu</p><h3 class="chakra-heading css-6qrhwc" id="21358212_EA" data-testid="product-title">Mango Pineapple Fruit Juice Beverage Boxes</h3><p class="chakra-text css-1yftjin" data-testid="product-package-size">10x200.0 ml, $2.50/100ml</p></div></a><div class="css-8keand"></div></div><div class="css-1q5omjq"><div class="css-fcebb8"><div data-testid="atc-compact" class="css-y94ivq" style="width: 45px;"><button type="button" class="chakra-button css-mudsm6" data-testid="atc-button"><svg stroke="currentColor" fill="currentColor" stroke-width="0" viewBox="0 0 24 24" focusable="false" class="chakra-icon css-1g3sp7a" data-testid="btn-icon" aria-hidden="true" height="1em" width="1em" xmlns="http://www.w3.org/2000/svg"><path d="M19 13h-6v6h-2v-6H5v-2h6V5h2v6h6v2z"></path></svg><span class="css-idkz9h">Add Mango Pineapple Fruit Juice Beverage Boxes to cart</span></button></div></div></div></div></div></div><div class="css-0"><div class="css-f5i5wc"><div class="chakra-linkbox css-vhnn8v"><div data-testid="product-image" class="css-16dr4ly"><img alt="No Name Tomato Juice 1.36 l, $0.24/100ml" src="https://assets.shop.loblaws.ca/products/20567432/b3/en/front/20567432_front_a06_@2.png" srcset="https://assets.shop.loblaws.ca/products/20567432/b3/en/front/20567432_front_a06_@2.png 1x, https://assets.shop.loblaws.ca/products/20567432/b3/en/front/20567432_front_a06_@2.png 2x" loading="lazy" class="chakra-image css-oguq8l" aria-hidden="true"></div><div class="css-qoklea"><div class="css-12dchmx"></div><div data-testid="price-product-tile" class="css-8atqhb"><p class="chakra-text css-0"><span class="chakra-text css-pwnbcb" data-testid="regular-price"><span class="css-idkz9h">$3.29</span>$3.29</span></p></div><a href="/tomato-juice/p/20567432_EA?source=nspt" class="chakra-linkbox__overlay css-1hnz6hu"><div class="css-0"><p class="chakra-text css-1ecdp9w" data-testid="product-brand">No Name</p><h3 class="chakra-heading css-6qrhwc" id="20567432_EA" data-testid="product-title">Tomato Juice</h3><p class="chakra-text css-1yftjin" data-testid="product-package-size">1.36 l, $0.24/100ml</p></div></a><div class="css-8keand"></div></div><div class="css-1q5omjq"><div class="css-fcebb8"><div data-testid="atc-compact" class="css-y94ivq" style="width: 45px;"><button type="button" class="chakra-button css-mudsm6" data-testid="atc-button"><svg stroke="currentColor" fill="currentColor" stroke-width="0" viewBox="0 0 24 24" focusable="false" class="chakra-icon css-1g3sp7a" data-testid="btn-icon" aria-hidden="true" height="1em" width="1em" xmlns="http://www.w3.org/2000/svg"><path d="M19 13h-6v6h-2v-6H5v-2h6V5h2v6h6v2z"></path></svg><span class="css-idkz9h">Add Tomato Juice to cart</span></button></div></div></div></div></div></div><div class="css-0"><div class="css-f5i5wc"><div class="chakra-linkbox css-vhnn8v"><div data-testid="product-image" class="css-16dr4ly"><img alt="Allen's Lemonade Juice Boxes 8x200.0 ml, $0.19/100ml" src="https://assets.shop.loblaws.ca/products/21433608/b3/en/front/21433608_front_a06_@2.png" srcset="https://assets.shop.loblaws.ca/products/21433608/b3/en/front/21433608_front_a06_@2.png 1x, https://assets.shop.loblaws.ca/products/21433608/b3/en/front/21433608_front_a06_@2.png 2x" loading="lazy" class="chakra-image css-oguq8l" aria-hidden="true"></div><div class="css-qoklea"><div class="css-12dchmx"></div><div data-testid="price-product-tile" class="css-8atqhb"><p class="chakra-text css-0"><span class="chakra-text css-pwnbcb" data-testid="regular-price"><span class="css-idkz9h">$2.99</span>$2.99</span></p></div><a href="/lemonade-juice-boxes/p/21433608_EA?source=nspt" class="chakra-linkbox__overlay css-1hnz6hu"><div class="css-0"><p class="chakra-text css-1ecdp9w" data-testid="product-brand">Allen's</p><h3 class="chakra-heading css-6qrhwc" id="21433608_EA" data-testid="product-title">Lemonade Juice Boxes</h3><p class="chakra-text css-1yftjin" data-testid="product-package-size">8x200.0 ml, $0.19/100ml</p></div></a><div class="css-8keand"></div></div><div class="css-1q5omjq"><div class="css-fcebb8"><div data-testid="atc-compact" class="css-y94ivq" style="width: 45px;"><button type="button" class="chakra-button css-mudsm6" data-testid="atc-button"><svg stroke="currentColor" fill="currentColor" stroke-width="0" viewBox="0 0 24 24" focusable="false" class="chakra-icon css-1g3sp7a" data-testid="btn-icon" aria-hidden="true" height="1em" width="1em" xmlns="http://www.w3.org/2000/svg"><path d="M19 13h-6v6h-2v-6H5v-2h6V5h2v6h6v2z"></path></svg><span class="css-idkz9h">Add Lemonade Juice Boxes to cart</span></button></div></div></div></div></div></div><div class="css-0"><div class="css-f5i5wc"><div class="chakra-linkbox css-vhnn8v"><div data-testid="product-image" class="css-16dr4ly"><img alt="Ocean Spray Cranberry Cocktail 6x295.0 ml, $0.34/100ml" src="https://assets.shop.loblaws.ca/products/20501480/b3/en/front/20501480_front_a06_@2.png" srcset="https://assets.shop.loblaws.ca/products/20501480/b3/en/front/20501480_front_a06_@2.png 1x, https://assets.shop.loblaws.ca/products/20501480/b3/en/front/20501480_front_a06_@2.png 2x" loading="lazy" class="chakra-image css-oguq8l" aria-hidden="true"></div><div class="css-qoklea"><div class="css-12dchmx"></div><div data-testid="price-product-tile" class="css-8atqhb"><p class="chakra-text css-0"><span class="chakra-text css-pwnbcb" data-testid="regular-price"><span class="css-idkz9h">$5.99</span>$5.99</span></p></div><a href="/cranberry-cocktail/p/20501480_EA?source=nspt" class="chakra-linkbox__overlay css-1hnz6hu"><div class="css-0"><p class="chakra-text css-1ecdp9w" data-testid="product-brand">Ocean Spray</p><h3 class="chakra-heading css-6qrhwc" id="20501480_EA" data-testid="product-title">Cranberry Cocktail</h3><p class="chakra-text css-1yftjin" data-testid="product-package-size">6x295.0 ml, $0.34/100ml</p></div></a><div class="css-8keand"></div></div><div class="css-1q5omjq"><div class="css-fcebb8"><div data-testid="atc-compact" class="css-y94ivq" style="width: 45px;"><button type="button" class="chakra-button css-mudsm6" data-testid="atc-button"><svg stroke="currentColor" fill="currentColor" stroke-width="0" viewBox="0 0 24 24" focusable="false" class="chakra-icon css-1g3sp7a" data-testid="btn-icon" aria-hidden="true" height="1em" width="1em" xmlns="http://www.w3.org/2000/svg"><path d="M19 13h-6v6h-2v-6H5v-2h6V5h2v6h6v2z"></path></svg><span class="css-idkz9h">Add Cranberry Cocktail to cart</span></button></div></div></div></div></div></div><div class="css-0"><div class="css-f5i5wc"><div class="chakra-linkbox css-vhnn8v"><div data-testid="product-image" class="css-16dr4ly"><img alt="President's Choice Mango Juice Boxes  10x200.0 ml, $0.25/100ml" src="https://assets.shop.loblaws.ca/products/21061883/b3/en/front/21061883_front_a06_@2.png" srcset="https://assets.shop.loblaws.ca/products/21061883/b3/en/front/21061883_front_a06_@2.png 1x, https://assets.shop.loblaws.ca/products/21061883/b3/en/front/21061883_front_a06_@2.png 2x" loading="lazy" class="chakra-image css-oguq8l" aria-hidden="true"></div><div class="css-qoklea"><div class="css-12dchmx"></div><div data-testid="price-product-tile" class="css-8atqhb"><p class="chakra-text css-0"><span class="chakra-text css-pwnbcb" data-testid="regular-price"><span class="css-idkz9h">$4.99</span>$4.99</span></p></div><a href="/mango-juice-boxes/p/21061883_EA?source=nspt" class="chakra-linkbox__overlay css-1hnz6hu"><div class="css-0"><p class="chakra-text css-1ecdp9w" data-testid="product-brand">President's Choice</p><h3 class="chakra-heading css-6qrhwc" id="21061883_EA" data-testid="product-title">Mango Juice Boxes </h3><p class="chakra-text css-1yftjin" data-testid="product-package-size">10x200.0 ml, $0.25/100ml</p></div></a><div class="css-8keand"></div></div><div class="css-1q5omjq"><div class="css-fcebb8"><div data-testid="atc-compact" class="css-y94ivq" style="width: 45px;"><button type="button" class="chakra-button css-mudsm6" data-testid="atc-button"><svg stroke="currentColor" fill="currentColor" stroke-width="0" viewBox="0 0 24 24" focusable="false" class="chakra-icon css-1g3sp7a" data-testid="btn-icon" aria-hidden="true" height="1em" width="1em" xmlns="http://www.w3.org/2000/svg"><path d="M19 13h-6v6h-2v-6H5v-2h6V5h2v6h6v2z"></path></svg><span class="css-idkz9h">Add Mango Juice Boxes  to cart</span></button></div></div></div></div></div></div><div class="css-0"><div class="css-f5i5wc"><div class="chakra-linkbox css-vhnn8v"><div data-testid="product-image" class="css-16dr4ly"><img alt="President's Choice Raspberry Orange Juice Boxes  10x200.0 ml, $0.25/100ml" src="https://assets.shop.loblaws.ca/products/21061904/b3/en/front/21061904_front_a06_@2.png" srcset="https://assets.shop.loblaws.ca/products/21061904/b3/en/front/21061904_front_a06_@2.png 1x, https://assets.shop.loblaws.ca/products/21061904/b3/en/front/21061904_front_a06_@2.png 2x" loading="lazy" class="chakra-image css-oguq8l" aria-hidden="true"></div><div class="css-qoklea"><div class="css-12dchmx"></div><div data-testid="price-product-tile" class="css-8atqhb"><p class="chakra-text css-0"><span class="chakra-text css-pwnbcb" data-testid="regular-price"><span class="css-idkz9h">$4.99</span>$4.99</span></p></div><a href="/raspberry-orange-juice-boxes/p/21061904_EA?source=nspt" class="chakra-linkbox__overlay css-1hnz6hu"><div class="css-0"><p class="chakra-text css-1ecdp9w" data-testid="product-brand">President's Choice</p><h3 class="chakra-heading css-6qrhwc" id="21061904_EA" data-testid="product-title">Raspberry Orange Juice Boxes </h3><p class="chakra-text css-1yftjin" data-testid="product-package-size">10x200.0 ml, $0.25/100ml</p></div></a><div class="css-8keand"></div></div><div class="css-1q5omjq"><div class="css-fcebb8"><div data-testid="atc-compact" class="css-y94ivq" style="width: 45px;"><button type="button" class="chakra-button css-mudsm6" data-testid="atc-button"><svg stroke="currentColor" fill="currentColor" stroke-width="0" viewBox="0 0 24 24" focusable="false" class="chakra-icon css-1g3sp7a" data-testid="btn-icon" aria-hidden="true" height="1em" width="1em" xmlns="http://www.w3.org/2000/svg"><path d="M19 13h-6v6h-2v-6H5v-2h6V5h2v6h6v2z"></path></svg><span class="css-idkz9h">Add Raspberry Orange Juice Boxes  to cart</span></button></div></div></div></div></div></div><div class="css-0"><div class="css-f5i5wc"><div class="chakra-linkbox css-vhnn8v"><div data-testid="product-image" class="css-16dr4ly"><img alt="Mott's Garden Cocktail, Low Sodium 1.89 l, $0.23/100ml" src="https://assets.shop.loblaws.ca/products/20182121003/b3/en/front/20182121003_front_a06_@2.png" srcset="https://assets.shop.loblaws.ca/products/20182121003/b3/en/front/20182121003_front_a06_@2.png 1x, https://assets.shop.loblaws.ca/products/20182121003/b3/en/front/20182121003_front_a06_@2.png 2x" loading="lazy" class="chakra-image css-oguq8l" aria-hidden="true"></div><div class="css-qoklea"><div class="css-12dchmx"></div><div data-testid="price-product-tile" class="css-8atqhb"><p class="chakra-text css-0"><span class="chakra-text css-pwnbcb" data-testid="regular-price"><span class="css-idkz9h">$4.29</span>$4.29</span></p></div><a href="/garden-cocktail-low-sodium/p/20182121003_EA?source=nspt" class="chakra-linkbox__overlay css-1hnz6hu"><div class="css-0"><p class="chakra-text css-1ecdp9w" data-testid="product-brand">Mott's</p><h3 class="chakra-heading css-6qrhwc" id="20182121003_EA" data-testid="product-title">Garden Cocktail, Low Sodium</h3><p class="chakra-text css-1yftjin" data-testid="product-package-size">1.89 l, $0.23/100ml</p></div></a><div class="css-8keand"></div></div><div class="css-1q5omjq"><div class="css-fcebb8"><div data-testid="atc-compact" class="css-y94ivq" style="width: 45px;"><button type="button" class="chakra-button css-mudsm6" data-testid="atc-button"><svg stroke="currentColor" fill="currentColor" stroke-width="0" viewBox="0 0 24 24" focusable="false" class="chakra-icon css-1g3sp7a" data-testid="btn-icon" aria-hidden="true" height="1em" width="1em" xmlns="http://www.w3.org/2000/svg"><path d="M19 13h-6v6h-2v-6H5v-2h6V5h2v6h6v2z"></path></svg><span class="css-idkz9h">Add Garden Cocktail, Low Sodium to cart</span></button></div></div></div></div></div></div><div class="css-0"><div class="css-f5i5wc"><div class="chakra-linkbox css-vhnn8v"><div data-testid="product-image" class="css-16dr4ly"><img alt="Kang Shi Fu Green Tea Drink Honey Jasmine Flavour 2 l, $0.32/100ml" src="https://assets.shop.loblaws.ca/products/21574921/b3/en/front/21574921_front_a06_@2.png" srcset="https://assets.shop.loblaws.ca/products/21574921/b3/en/front/21574921_front_a06_@2.png 1x, https://assets.shop.loblaws.ca/products/21574921/b3/en/front/21574921_front_a06_@2.png 2x" loading="lazy" class="chakra-image css-oguq8l" aria-hidden="true"></div><div class="css-qoklea"><div class="css-12dchmx"></div><div data-testid="price-product-tile" class="css-8atqhb"><p class="chakra-text css-0"><span class="chakra-text css-pwnbcb" data-testid="regular-price"><span class="css-idkz9h">$6.49</span>$6.49</span></p></div><a href="/green-tea-drink-honey-jasmine-flavour/p/21574921_EA?source=nspt" class="chakra-linkbox__overlay css-1hnz6hu"><div class="css-0"><p class="chakra-text css-1ecdp9w" data-testid="product-brand">Kang Shi Fu</p><h3 class="chakra-heading css-6qrhwc" id="21574921_EA" data-testid="product-title">Green Tea Drink Honey Jasmine Flavour</h3><p class="chakra-text css-1yftjin" data-testid="product-package-size">2 l, $0.32/100ml</p></div></a><div class="css-8keand"></div></div><div class="css-1q5omjq"><div class="css-fcebb8"><div data-testid="atc-compact" class="css-y94ivq" style="width: 45px;"><button type="button" class="chakra-button css-mudsm6" data-testid="atc-button"><svg stroke="currentColor" fill="currentColor" stroke-width="0" viewBox="0 0 24 24" focusable="false" class="chakra-icon css-1g3sp7a" data-testid="btn-icon" aria-hidden="true" height="1em" width="1em" xmlns="http://www.w3.org/2000/svg"><path d="M19 13h-6v6h-2v-6H5v-2h6V5h2v6h6v2z"></path></svg><span class="css-idkz9h">Add Green Tea Drink Honey Jasmine Flavour to cart</span></button></div></div><div class="css-4saf4a"><p class="chakra-text css-py8788" data-testid="inventory-badge-text">Low Stock</p></div></div></div></div></div><div class="css-0"><div class="css-f5i5wc"><div class="chakra-linkbox css-vhnn8v"><div data-testid="product-image" class="css-16dr4ly"><img alt="Mott's Motts Clamato, Pickled Bean 1.89 l, $0.23/100ml" src="https://assets.shop.loblaws.ca/products/21006644/b3/en/front/21006644_front_a06_@2.png" srcset="https://assets.shop.loblaws.ca/products/21006644/b3/en/front/21006644_front_a06_@2.png 1x, https://assets.shop.loblaws.ca/products/21006644/b3/en/front/21006644_front_a06_@2.png 2x" loading="lazy" class="chakra-image css-oguq8l" aria-hidden="true"></div><div class="css-qoklea"><div class="css-12dchmx"></div><div data-testid="price-product-tile" class="css-8atqhb"><p class="chakra-text css-0"><span class="chakra-text css-pwnbcb" data-testid="regular-price"><span class="css-idkz9h">$4.29</span>$4.29</span></p></div><a href="/motts-clamato-pickled-bean/p/21006644_EA?source=nspt" class="chakra-linkbox__overlay css-1hnz6hu"><div class="css-0"><p class="chakra-text css-1ecdp9w" data-testid="product-brand">Mott's</p><h3 class="chakra-heading css-6qrhwc" id="21006644_EA" data-testid="product-title">Motts Clamato, Pickled Bean</h3><p class="chakra-text css-1yftjin" data-testid="product-package-size">1.89 l, $0.23/100ml</p></div></a><div class="css-8keand"></div></div><div class="css-1q5omjq"><div class="css-fcebb8"><div data-testid="atc-compact" class="css-y94ivq" style="width: 45px;"><button type="button" class="chakra-button css-mudsm6" data-testid="atc-button"><svg stroke="currentColor" fill="currentColor" stroke-width="0" viewBox="0 0 24 24" focusable="false" class="chakra-icon css-1g3sp7a" data-testid="btn-icon" aria-hidden="true" height="1em" width="1em" xmlns="http://www.w3.org/2000/svg"><path d="M19 13h-6v6h-2v-6H5v-2h6V5h2v6h6v2z"></path></svg><span class="css-idkz9h">Add Motts Clamato, Pickled Bean to cart</span></button></div></div></div></div></div></div><div class="css-0"><div class="css-f5i5wc"><div class="chakra-linkbox css-vhnn8v"><div data-testid="product-image" class="css-16dr4ly"><img alt="Kang Shi Fu Pear Juice With Rock Sugar Drink 500 ml, $0.40/100ml" src="https://assets.shop.loblaws.ca/products/21528497/b3/en/front/21528497_front_a06_@2.png" srcset="https://assets.shop.loblaws.ca/products/21528497/b3/en/front/21528497_front_a06_@2.png 1x, https://assets.shop.loblaws.ca/products/21528497/b3/en/front/21528497_front_a06_@2.png 2x" loading="lazy" class="chakra-image css-oguq8l" aria-hidden="true"></div><div class="css-qoklea"><div class="css-12dchmx"></div><div data-testid="price-product-tile" class="css-8atqhb"><p class="chakra-text css-0"><span class="chakra-text css-pwnbcb" data-testid="regular-price"><span class="css-idkz9h">$1.99</span>$1.99</span></p></div><a href="/pear-juice-with-rock-sugar-drink/p/21528497_EA?source=nspt" class="chakra-linkbox__overlay css-1hnz6hu"><div class="css-0"><p class="chakra-text css-1ecdp9w" data-testid="product-brand">Kang Shi Fu</p><h3 class="chakra-heading css-6qrhwc" id="21528497_EA" data-testid="product-title">Pear Juice With Rock Sugar Drink</h3><p class="chakra-text css-1yftjin" data-testid="product-package-size">500 ml, $0.40/100ml</p></div></a><div class="css-8keand"></div></div><div class="css-1q5omjq"><div class="css-fcebb8"><div data-testid="atc-compact" class="css-y94ivq" style="width: 45px;"><button type="button" class="chakra-button css-mudsm6" data-testid="atc-button"><svg stroke="currentColor" fill="currentColor" stroke-width="0" viewBox="0 0 24 24" focusable="false" class="chakra-icon css-1g3sp7a" data-testid="btn-icon" aria-hidden="true" height="1em" width="1em" xmlns="http://www.w3.org/2000/svg"><path d="M19 13h-6v6h-2v-6H5v-2h6V5h2v6h6v2z"></path></svg><span class="css-idkz9h">Add Pear Juice With Rock Sugar Drink to cart</span></button></div></div></div></div></div></div><div class="css-0"><div class="css-f5i5wc"><div class="chakra-linkbox css-vhnn8v"><div data-testid="product-image" class="css-16dr4ly"><img alt="V8 Vegetable Cocktail, Low Sodium 6x156.0 ml, $0.43/100ml" src="https://assets.shop.loblaws.ca/products/20297564001/b3/en/front/20297564001_front_a06_@2.png" srcset="https://assets.shop.loblaws.ca/products/20297564001/b3/en/front/20297564001_front_a06_@2.png 1x, https://assets.shop.loblaws.ca/products/20297564001/b3/en/front/20297564001_front_a06_@2.png 2x" loading="lazy" class="chakra-image css-oguq8l" aria-hidden="true"></div><div class="css-qoklea"><div class="css-12dchmx"></div><div data-testid="price-product-tile" class="css-8atqhb"><p class="chakra-text css-0"><span class="chakra-text css-o93gbd" data-testid="sale-price"><span class="css-idkz9h">$3.99</span>$3.99</span><span class="chakra-text css-623q5h" data-testid="was-price"><span class="css-idkz9h">$4.29</span>$4.29</span></p><p class="chakra-text css-1m5a6y8" data-testid="price-descriptor">SAVE $0.30</p></div><a href="/vegetable-cocktail-low-sodium/p/20297564001_EA?source=nspt" class="chakra-linkbox__overlay css-1hnz6hu"><div class="css-0"><p class="chakra-text css-1ecdp9w" data-testid="product-brand">V8</p><h3 class="chakra-heading css-6qrhwc" id="20297564001_EA" data-testid="product-title">Vegetable Cocktail, Low Sodium</h3><p class="chakra-text css-1yftjin" data-testid="product-package-size">6x156.0 ml, $0.43/100ml</p></div></a><div class="css-8keand"></div></div><div class="css-1q5omjq"><div class="css-fcebb8"><div data-testid="atc-compact" class="css-y94ivq" style="width: 45px;"><button type="button" class="chakra-button css-mudsm6" data-testid="atc-button"><svg stroke="currentColor" fill="currentColor" stroke-width="0" viewBox="0 0 24 24" focusable="false" class="chakra-icon css-1g3sp7a" data-testid="btn-icon" aria-hidden="true" height="1em" width="1em" xmlns="http://www.w3.org/2000/svg"><path d="M19 13h-6v6h-2v-6H5v-2h6V5h2v6h6v2z"></path></svg><span class="css-idkz9h">Add Vegetable Cocktail, Low Sodium to cart</span></button></div></div></div></div></div></div><div class="css-0"><div class="css-f5i5wc"><div class="chakra-linkbox css-vhnn8v"><div data-testid="product-image" class="css-16dr4ly"><img alt="Allen's Cranberry Diet Beverage 1.89 l, $0.18/100ml" src="https://assets.shop.loblaws.ca/products/21518025/b3/en/front/21518025_front_a06_@2.png" srcset="https://assets.shop.loblaws.ca/products/21518025/b3/en/front/21518025_front_a06_@2.png 1x, https://assets.shop.loblaws.ca/products/21518025/b3/en/front/21518025_front_a06_@2.png 2x" loading="lazy" class="chakra-image css-oguq8l" aria-hidden="true"></div><div class="css-qoklea"><div class="css-12dchmx"></div><div data-testid="price-product-tile" class="css-8atqhb"><p class="chakra-text css-0"><span class="chakra-text css-pwnbcb" data-testid="regular-price"><span class="css-idkz9h">$3.49</span>$3.49</span></p></div><a href="/cranberry-diet-beverage/p/21518025_EA?source=nspt" class="chakra-linkbox__overlay css-1hnz6hu"><div class="css-0"><p class="chakra-text css-1ecdp9w" data-testid="product-brand">Allen's</p><h3 class="chakra-heading css-6qrhwc" id="21518025_EA" data-testid="product-title">Cranberry Diet Beverage</h3><p class="chakra-text css-1yftjin" data-testid="product-package-size">1.89 l, $0.18/100ml</p></div></a><div class="css-8keand"></div></div><div class="css-1q5omjq"><div class="css-fcebb8"><div data-testid="atc-compact" class="css-y94ivq" style="width: 45px;"><button type="button" class="chakra-button css-mudsm6" data-testid="atc-button"><svg stroke="currentColor" fill="currentColor" stroke-width="0" viewBox="0 0 24 24" focusable="false" class="chakra-icon css-1g3sp7a" data-testid="btn-icon" aria-hidden="true" height="1em" width="1em" xmlns="http://www.w3.org/2000/svg"><path d="M19 13h-6v6h-2v-6H5v-2h6V5h2v6h6v2z"></path></svg><span class="css-idkz9h">Add Cranberry Diet Beverage to cart</span></button></div></div></div></div></div></div><div class="css-0"><div class="css-f5i5wc"><div class="chakra-linkbox css-vhnn8v"><div data-testid="product-image" class="css-16dr4ly"><img alt="Dole Premium Pineapple Juice 1.36 l, $0.35/100ml" src="https://assets.shop.loblaws.ca/products/20037838/b3/en/front/20037838_front_a06_@2.png" srcset="https://assets.shop.loblaws.ca/products/20037838/b3/en/front/20037838_front_a06_@2.png 1x, https://assets.shop.loblaws.ca/products/20037838/b3/en/front/20037838_front_a06_@2.png 2x" loading="lazy" class="chakra-image css-oguq8l" aria-hidden="true"></div><div class="css-qoklea"><div class="css-12dchmx"></div><div data-testid="price-product-tile" class="css-8atqhb"><p class="chakra-text css-0"><span class="chakra-text css-pwnbcb" data-testid="regular-price"><span class="css-idkz9h">$4.79</span>$4.79</span></p></div><a href="/premium-pineapple-juice/p/20037838_EA?source=nspt" class="chakra-linkbox__overlay css-1hnz6hu"><div class="css-0"><p class="chakra-text css-1ecdp9w" data-testid="product-brand">Dole</p><h3 class="chakra-heading css-6qrhwc" id="20037838_EA" data-testid="product-title">Premium Pineapple Juice</h3><p class="chakra-text css-1yftjin" data-testid="product-package-size">1.36 l, $0.35/100ml</p></div></a><div class="css-8keand"></div></div><div class="css-1q5omjq"><div class="css-fcebb8"><div data-testid="atc-compact" class="css-y94ivq" style="width: 45px;"><button type="button" class="chakra-button css-mudsm6" data-testid="atc-button"><svg stroke="currentColor" fill="currentColor" stroke-width="0" viewBox="0 0 24 24" focusable="false" class="chakra-icon css-1g3sp7a" data-testid="btn-icon" aria-hidden="true" height="1em" width="1em" xmlns="http://www.w3.org/2000/svg"><path d="M19 13h-6v6h-2v-6H5v-2h6V5h2v6h6v2z"></path></svg><span class="css-idkz9h">Add Premium Pineapple Juice to cart</span></button></div></div></div></div></div></div><div class="css-0"><div class="css-f5i5wc"><div class="chakra-linkbox css-vhnn8v"><div data-testid="product-image" class="css-16dr4ly"><img alt="SunRype Tropical Mango Juice 1.36 l, $0.26/100ml" src="https://assets.shop.loblaws.ca/products/20648778003/b3/en/front/20648778003_front_a06_@2.png" srcset="https://assets.shop.loblaws.ca/products/20648778003/b3/en/front/20648778003_front_a06_@2.png 1x, https://assets.shop.loblaws.ca/products/20648778003/b3/en/front/20648778003_front_a06_@2.png 2x" loading="lazy" class="chakra-image css-oguq8l" aria-hidden="true"></div><div class="css-qoklea"><div class="css-12dchmx"></div><div data-testid="price-product-tile" class="css-8atqhb"><p class="chakra-text css-0"><span class="chakra-text css-o93gbd" data-testid="sale-price"><span class="css-idkz9h">$3.49</span>$3.49</span><span class="chakra-text css-623q5h" data-testid="was-price"><span class="css-idkz9h">$3.79</span>$3.79</span></p><p class="chakra-text css-1m5a6y8" data-testid="price-descriptor">SAVE $0.30</p></div><a href="/tropical-mango-juice/p/20648778003_EA?source=nspt" class="chakra-linkbox__overlay css-1hnz6hu"><div class="css-0"><p class="chakra-text css-1ecdp9w" data-testid="product-brand">SunRype</p><h3 class="chakra-heading css-6qrhwc" id="20648778003_EA" data-testid="product-title">Tropical Mango Juice</h3><p class="chakra-text css-1yftjin" data-testid="product-package-size">1.36 l, $0.26/100ml</p></div></a><div class="css-8keand"></div></div><div class="css-1q5omjq"><div class="css-fcebb8"><div data-testid="atc-compact" class="css-y94ivq" style="width: 45px;"><button type="button" class="chakra-button css-mudsm6" data-testid="atc-button"><svg stroke="currentColor" fill="currentColor" stroke-width="0" viewBox="0 0 24 24" focusable="false" class="chakra-icon css-1g3sp7a" data-testid="btn-icon" aria-hidden="true" height="1em" width="1em" xmlns="http://www.w3.org/2000/svg"><path d="M19 13h-6v6h-2v-6H5v-2h6V5h2v6h6v2z"></path></svg><span class="css-idkz9h">Add Tropical Mango Juice to cart</span></button></div></div></div></div></div></div><div class="css-0"><div class="css-f5i5wc"><div class="chakra-linkbox css-vhnn8v"><div data-testid="product-image" class="css-16dr4ly"><img alt="Allen's Cranberry Raspberry Cocktail 1.89 l, $0.18/100ml" src="https://assets.shop.loblaws.ca/products/21518100/b3/en/front/21518100_front_a06_@2.png" srcset="https://assets.shop.loblaws.ca/products/21518100/b3/en/front/21518100_front_a06_@2.png 1x, https://assets.shop.loblaws.ca/products/21518100/b3/en/front/21518100_front_a06_@2.png 2x" loading="lazy" class="chakra-image css-oguq8l" aria-hidden="true"></div><div class="css-qoklea"><div class="css-12dchmx"></div><div data-testid="price-product-tile" class="css-8atqhb"><p class="chakra-text css-0"><span class="chakra-text css-pwnbcb" data-testid="regular-price"><span class="css-idkz9h">$3.49</span>$3.49</span></p></div><a href="/cranberry-raspberry-cocktail/p/21518100_EA?source=nspt" class="chakra-linkbox__overlay css-1hnz6hu"><div class="css-0"><p class="chakra-text css-1ecdp9w" data-testid="product-brand">Allen's</p><h3 class="chakra-heading css-6qrhwc" id="21518100_EA" data-testid="product-title">Cranberry Raspberry Cocktail</h3><p class="chakra-text css-1yftjin" data-testid="product-package-size">1.89 l, $0.18/100ml</p></div></a><div class="css-8keand"></div></div><div class="css-1q5omjq"><div class="css-fcebb8"><div data-testid="atc-compact" class="css-y94ivq" style="width: 45px;"><button type="button" class="chakra-button css-mudsm6" data-testid="atc-button"><svg stroke="currentColor" fill="currentColor" stroke-width="0" viewBox="0 0 24 24" focusable="false" class="chakra-icon css-1g3sp7a" data-testid="btn-icon" aria-hidden="true" height="1em" width="1em" xmlns="http://www.w3.org/2000/svg"><path d="M19 13h-6v6h-2v-6H5v-2h6V5h2v6h6v2z"></path></svg><span class="css-idkz9h">Add Cranberry Raspberry Cocktail to cart</span></button></div></div></div></div></div></div><div class="css-0"><div class="css-f5i5wc"><div class="chakra-linkbox css-vhnn8v"><div data-testid="product-image" class="css-16dr4ly"><img alt="SunRype Blueberry Burst 1.36 l, $0.26/100ml" src="https://assets.shop.loblaws.ca/products/20648778002/b3/en/front/20648778002_front_a06_@2.png" srcset="https://assets.shop.loblaws.ca/products/20648778002/b3/en/front/20648778002_front_a06_@2.png 1x, https://assets.shop.loblaws.ca/products/20648778002/b3/en/front/20648778002_front_a06_@2.png 2x" loading="lazy" class="chakra-image css-oguq8l" aria-hidden="true"></div><div class="css-qoklea"><div class="css-12dchmx"></div><div data-testid="price-product-tile" class="css-8atqhb"><p class="chakra-text css-0"><span class="chakra-text css-o93gbd" data-testid="sale-price"><span class="css-idkz9h">$3.49</span>$3.49</span><span class="chakra-text css-623q5h" data-testid="was-price"><span class="css-idkz9h">$3.79</span>$3.79</span></p><p class="chakra-text css-1m5a6y8" data-testid="price-descriptor">SAVE $0.30</p></div><a href="/blueberry-burst/p/20648778002_EA?source=nspt" class="chakra-linkbox__overlay css-1hnz6hu"><div class="css-0"><p class="chakra-text css-1ecdp9w" data-testid="product-brand">SunRype</p><h3 class="chakra-heading css-6qrhwc" id="20648778002_EA" data-testid="product-title">Blueberry Burst</h3><p class="chakra-text css-1yftjin" data-testid="product-package-size">1.36 l, $0.26/100ml</p></div></a><div class="css-8keand"></div></div><div class="css-1q5omjq"><div class="css-fcebb8"><div data-testid="atc-compact" class="css-y94ivq" style="width: 45px;"><button type="button" class="chakra-button css-mudsm6" data-testid="atc-button"><svg stroke="currentColor" fill="currentColor" stroke-width="0" viewBox="0 0 24 24" focusable="false" class="chakra-icon css-1g3sp7a" data-testid="btn-icon" aria-hidden="true" height="1em" width="1em" xmlns="http://www.w3.org/2000/svg"><path d="M19 13h-6v6h-2v-6H5v-2h6V5h2v6h6v2z"></path></svg><span class="css-idkz9h">Add Blueberry Burst to cart</span></button></div></div></div></div></div></div><div class="css-0"><div class="css-f5i5wc"><div class="chakra-linkbox css-vhnn8v"><div data-testid="product-image" class="css-16dr4ly"><img alt="Rougemont 100% Pure McIntosh Apple Juice 2 l, $0.17/100ml" src="https://assets.shop.loblaws.ca/products/20185265003/b3/en/front/20185265003_front_a06_@2.png" srcset="https://assets.shop.loblaws.ca/products/20185265003/b3/en/front/20185265003_front_a06_@2.png 1x, https://assets.shop.loblaws.ca/products/20185265003/b3/en/front/20185265003_front_a06_@2.png 2x" loading="lazy" class="chakra-image css-oguq8l" aria-hidden="true"></div><div class="css-qoklea"><div class="css-12dchmx"></div><div data-testid="price-product-tile" class="css-8atqhb"><p class="chakra-text css-0"><span class="chakra-text css-pwnbcb" data-testid="regular-price"><span class="css-idkz9h">$3.49</span>$3.49</span></p></div><a href="/100-pure-mcintosh-apple-juice/p/20185265003_EA?source=nspt" class="chakra-linkbox__overlay css-1hnz6hu"><div class="css-0"><p class="chakra-text css-1ecdp9w" data-testid="product-brand">Rougemont</p><h3 class="chakra-heading css-6qrhwc" id="20185265003_EA" data-testid="product-title">100% Pure McIntosh Apple Juice</h3><p class="chakra-text css-1yftjin" data-testid="product-package-size">2 l, $0.17/100ml</p></div></a><div class="css-8keand"></div></div><div class="css-1q5omjq"><div class="css-fcebb8"><div data-testid="atc-compact" class="css-y94ivq" style="width: 45px;"><button type="button" class="chakra-button css-mudsm6" data-testid="atc-button"><svg stroke="currentColor" fill="currentColor" stroke-width="0" viewBox="0 0 24 24" focusable="false" class="chakra-icon css-1g3sp7a" data-testid="btn-icon" aria-hidden="true" height="1em" width="1em" xmlns="http://www.w3.org/2000/svg"><path d="M19 13h-6v6h-2v-6H5v-2h6V5h2v6h6v2z"></path></svg><span class="css-idkz9h">Add 100% Pure McIntosh Apple Juice to cart</span></button></div></div></div></div></div></div><div class="css-0"><div class="css-f5i5wc"><div class="chakra-linkbox css-vhnn8v"><div data-testid="product-image" class="css-16dr4ly"><img alt="Fruitopia Fruit Integration Fruit Beverage 1.75 l, $0.14/100ml" src="https://assets.shop.loblaws.ca/products/20347440002/b3/en/front/20347440002_front_a06_@2.png" srcset="https://assets.shop.loblaws.ca/products/20347440002/b3/en/front/20347440002_front_a06_@2.png 1x, https://assets.shop.loblaws.ca/products/20347440002/b3/en/front/20347440002_front_a06_@2.png 2x" loading="lazy" class="chakra-image css-oguq8l" aria-hidden="true"></div><div class="css-qoklea"><div class="css-12dchmx"></div><div data-testid="price-product-tile" class="css-8atqhb"><p class="chakra-text css-0"><span class="chakra-text css-pwnbcb" data-testid="regular-price"><span class="css-idkz9h">$2.49</span>$2.49</span></p></div><a href="/fruit-integration-fruit-beverage/p/20347440002_EA?source=nspt" class="chakra-linkbox__overlay css-1hnz6hu"><div class="css-0"><p class="chakra-text css-1ecdp9w" data-testid="product-brand">Fruitopia</p><h3 class="chakra-heading css-6qrhwc" id="20347440002_EA" data-testid="product-title">Fruit Integration Fruit Beverage</h3><p class="chakra-text css-1yftjin" data-testid="product-package-size">1.75 l, $0.14/100ml</p></div></a><div class="css-8keand"><p class="chakra-text css-wytexo" data-testid="product-pco-badge">500 PC Optimum Points</p></div></div><div class="css-1q5omjq"><div class="css-fcebb8"><div data-testid="atc-compact" class="css-y94ivq" style="width: 45px;"><button type="button" class="chakra-button css-mudsm6" data-testid="atc-button"><svg stroke="currentColor" fill="currentColor" stroke-width="0" viewBox="0 0 24 24" focusable="false" class="chakra-icon css-1g3sp7a" data-testid="btn-icon" aria-hidden="true" height="1em" width="1em" xmlns="http://www.w3.org/2000/svg"><path d="M19 13h-6v6h-2v-6H5v-2h6V5h2v6h6v2z"></path></svg><span class="css-idkz9h">Add Fruit Integration Fruit Beverage to cart</span></button></div></div></div></div></div></div><div class="css-0"><div class="css-f5i5wc"><div class="chakra-linkbox css-vhnn8v"><div data-testid="product-image" class="css-16dr4ly"><img alt="Tropicana Pulp Free Orange Juice, Calcium &amp; Vitamin D Added 2.63 l, $0.27/100ml" src="https://assets.shop.loblaws.ca/products/20324177001/b3/en/front/20324177001_front_a06_@2.png" srcset="https://assets.shop.loblaws.ca/products/20324177001/b3/en/front/20324177001_front_a06_@2.png 1x, https://assets.shop.loblaws.ca/products/20324177001/b3/en/front/20324177001_front_a06_@2.png 2x" loading="lazy" class="chakra-image css-oguq8l" aria-hidden="true"></div><div class="css-qoklea"><div class="css-12dchmx"></div><div data-testid="price-product-tile" class="css-8atqhb"><p class="chakra-text css-0"><span class="chakra-text css-pwnbcb" data-testid="regular-price"><span class="css-idkz9h">$6.99</span>$6.99</span></p></div><a href="/pulp-free-orange-juice-calcium-vitamin-d-added/p/20324177001_EA?source=nspt" class="chakra-linkbox__overlay css-1hnz6hu"><div class="css-0"><p class="chakra-text css-1ecdp9w" data-testid="product-brand">Tropicana</p><h3 class="chakra-heading css-6qrhwc" id="20324177001_EA" data-testid="product-title">Pulp Free Orange Juice, Calcium &amp; Vitamin D Added</h3><p class="chakra-text css-1yftjin" data-testid="product-package-size">2.63 l, $0.27/100ml</p></div></a><div class="css-8keand"></div></div><div class="css-1q5omjq"><div class="css-fcebb8"><div data-testid="atc-compact" class="css-y94ivq" style="width: 45px;"><button type="button" class="chakra-button css-mudsm6" data-testid="atc-button"><svg stroke="currentColor" fill="currentColor" stroke-width="0" viewBox="0 0 24 24" focusable="false" class="chakra-icon css-1g3sp7a" data-testid="btn-icon" aria-hidden="true" height="1em" width="1em" xmlns="http://www.w3.org/2000/svg"><path d="M19 13h-6v6h-2v-6H5v-2h6V5h2v6h6v2z"></path></svg><span class="css-idkz9h">Add Pulp Free Orange Juice, Calcium &amp; Vitamin D Added to cart</span></button></div></div></div></div></div></div><div class="css-0"><div class="css-f5i5wc"><div class="chakra-linkbox css-vhnn8v"><div data-testid="product-image" class="css-16dr4ly"><img alt="Ocean Spray Cocktail Cranberry Pink 1.89 l, $0.24/100ml" src="https://assets.shop.loblaws.ca/products/21167178/b3/en/front/21167178_front_a06_@2.png" srcset="https://assets.shop.loblaws.ca/products/21167178/b3/en/front/21167178_front_a06_@2.png 1x, https://assets.shop.loblaws.ca/products/21167178/b3/en/front/21167178_front_a06_@2.png 2x" loading="lazy" class="chakra-image css-oguq8l" aria-hidden="true"></div><div class="css-qoklea"><div class="css-12dchmx"></div><div data-testid="price-product-tile" class="css-8atqhb"><p class="chakra-text css-0"><span class="chakra-text css-pwnbcb" data-testid="regular-price"><span class="css-idkz9h">$4.49</span>$4.49</span></p></div><a href="/cocktail-cranberry-pink/p/21167178_EA?source=nspt" class="chakra-linkbox__overlay css-1hnz6hu"><div class="css-0"><p class="chakra-text css-1ecdp9w" data-testid="product-brand">Ocean Spray</p><h3 class="chakra-heading css-6qrhwc" id="21167178_EA" data-testid="product-title">Cocktail Cranberry Pink</h3><p class="chakra-text css-1yftjin" data-testid="product-package-size">1.89 l, $0.24/100ml</p></div></a><div class="css-8keand"></div></div><div class="css-1q5omjq"><div class="css-fcebb8"><div data-testid="atc-compact" class="css-y94ivq" style="width: 45px;"><button type="button" class="chakra-button css-mudsm6" data-testid="atc-button"><svg stroke="currentColor" fill="currentColor" stroke-width="0" viewBox="0 0 24 24" focusable="false" class="chakra-icon css-1g3sp7a" data-testid="btn-icon" aria-hidden="true" height="1em" width="1em" xmlns="http://www.w3.org/2000/svg"><path d="M19 13h-6v6h-2v-6H5v-2h6V5h2v6h6v2z"></path></svg><span class="css-idkz9h">Add Cocktail Cranberry Pink to cart</span></button></div></div></div></div></div></div><div class="css-0"><div class="css-f5i5wc"><div class="chakra-linkbox css-vhnn8v"><div data-testid="product-image" class="css-16dr4ly"><img alt="Arizona 100% Natural Iced Tea with Lemon 8x200.0 ml, $0.28/100ml" src="https://assets.shop.loblaws.ca/products/21165148/b3/en/front/21165148_front_a06_@2.png" srcset="https://assets.shop.loblaws.ca/products/21165148/b3/en/front/21165148_front_a06_@2.png 1x, https://assets.shop.loblaws.ca/products/21165148/b3/en/front/21165148_front_a06_@2.png 2x" loading="lazy" class="chakra-image css-oguq8l" aria-hidden="true"></div><div class="css-qoklea"><div class="css-12dchmx"></div><div data-testid="price-product-tile" class="css-8atqhb"><p class="chakra-text css-0"><span class="chakra-text css-pwnbcb" data-testid="regular-price"><span class="css-idkz9h">$4.49</span>$4.49</span></p></div><a href="/100-natural-iced-tea-with-lemon/p/21165148_EA?source=nspt" class="chakra-linkbox__overlay css-1hnz6hu"><div class="css-0"><p class="chakra-text css-1ecdp9w" data-testid="product-brand">Arizona</p><h3 class="chakra-heading css-6qrhwc" id="21165148_EA" data-testid="product-title">100% Natural Iced Tea with Lemon</h3><p class="chakra-text css-1yftjin" data-testid="product-package-size">8x200.0 ml, $0.28/100ml</p></div></a><div class="css-8keand"></div></div><div class="css-1q5omjq"><div class="css-fcebb8"><div data-testid="atc-compact" class="css-y94ivq" style="width: 45px;"><button type="button" class="chakra-button css-mudsm6" data-testid="atc-button"><svg stroke="currentColor" fill="currentColor" stroke-width="0" viewBox="0 0 24 24" focusable="false" class="chakra-icon css-1g3sp7a" data-testid="btn-icon" aria-hidden="true" height="1em" width="1em" xmlns="http://www.w3.org/2000/svg"><path d="M19 13h-6v6h-2v-6H5v-2h6V5h2v6h6v2z"></path></svg><span class="css-idkz9h">Add 100% Natural Iced Tea with Lemon to cart</span></button></div></div></div></div></div></div><div class="css-0"><div class="css-f5i5wc"><div class="chakra-linkbox css-vhnn8v"><div data-testid="product-image" class="css-16dr4ly"><img alt="No Name Apple Drink 2 l, $0.10/100ml" src="https://assets.shop.loblaws.ca/products/20320439006/b3/en/front/20320439006_front_a06_@2.png" srcset="https://assets.shop.loblaws.ca/products/20320439006/b3/en/front/20320439006_front_a06_@2.png 1x, https://assets.shop.loblaws.ca/products/20320439006/b3/en/front/20320439006_front_a06_@2.png 2x" loading="lazy" class="chakra-image css-oguq8l" aria-hidden="true"></div><div class="css-qoklea"><div class="css-12dchmx"></div><div data-testid="price-product-tile" class="css-8atqhb"><p class="chakra-text css-0"><span class="chakra-text css-pwnbcb" data-testid="regular-price"><span class="css-idkz9h">$2.00</span>$2.00</span></p></div><a href="/apple-drink/p/20320439006_EA?source=nspt" class="chakra-linkbox__overlay css-1hnz6hu"><div class="css-0"><p class="chakra-text css-1ecdp9w" data-testid="product-brand">No Name</p><h3 class="chakra-heading css-6qrhwc" id="20320439006_EA" data-testid="product-title">Apple Drink</h3><p class="chakra-text css-1yftjin" data-testid="product-package-size">2 l, $0.10/100ml</p></div></a><div class="css-8keand"></div></div><div class="css-1q5omjq"><div class="css-fcebb8"><div data-testid="atc-compact" class="css-y94ivq" style="width: 45px;"><button type="button" class="chakra-button css-mudsm6" data-testid="atc-button"><svg stroke="currentColor" fill="currentColor" stroke-width="0" viewBox="0 0 24 24" focusable="false" class="chakra-icon css-1g3sp7a" data-testid="btn-icon" aria-hidden="true" height="1em" width="1em" xmlns="http://www.w3.org/2000/svg"><path d="M19 13h-6v6h-2v-6H5v-2h6V5h2v6h6v2z"></path></svg><span class="css-idkz9h">Add Apple Drink to cart</span></button></div></div></div></div></div></div><div class="css-0"><div class="css-f5i5wc"><div class="chakra-linkbox css-vhnn8v"><div data-testid="product-image" class="css-16dr4ly"><img alt="Allen's Peach Cocktail 1 l, $0.15/100ml" src="https://assets.shop.loblaws.ca/products/20307424003/b3/en/front/20307424003_front_a06_@2.png" srcset="https://assets.shop.loblaws.ca/products/20307424003/b3/en/front/20307424003_front_a06_@2.png 1x, https://assets.shop.loblaws.ca/products/20307424003/b3/en/front/20307424003_front_a06_@2.png 2x" loading="lazy" class="chakra-image css-oguq8l" aria-hidden="true"></div><div class="css-qoklea"><div class="css-12dchmx"></div><div data-testid="price-product-tile" class="css-8atqhb"><p class="chakra-text css-0"><span class="chakra-text css-pwnbcb" data-testid="regular-price"><span class="css-idkz9h">$1.49</span>$1.49</span></p></div><a href="/peach-cocktail/p/20307424003_EA?source=nspt" class="chakra-linkbox__overlay css-1hnz6hu"><div class="css-0"><p class="chakra-text css-1ecdp9w" data-testid="product-brand">Allen's</p><h3 class="chakra-heading css-6qrhwc" id="20307424003_EA" data-testid="product-title">Peach Cocktail</h3><p class="chakra-text css-1yftjin" data-testid="product-package-size">1 l, $0.15/100ml</p></div></a><div class="css-8keand"></div></div><div class="css-1q5omjq"><div class="css-fcebb8"><div data-testid="atc-compact" class="css-y94ivq" style="width: 45px;"><button type="button" class="chakra-button css-mudsm6" data-testid="atc-button"><svg stroke="currentColor" fill="currentColor" stroke-width="0" viewBox="0 0 24 24" focusable="false" class="chakra-icon css-1g3sp7a" data-testid="btn-icon" aria-hidden="true" height="1em" width="1em" xmlns="http://www.w3.org/2000/svg"><path d="M19 13h-6v6h-2v-6H5v-2h6V5h2v6h6v2z"></path></svg><span class="css-idkz9h">Add Peach Cocktail to cart</span></button></div></div></div></div></div></div><div class="css-0"><div class="css-f5i5wc"><div class="chakra-linkbox css-vhnn8v"><div data-testid="product-image" class="css-16dr4ly"><img alt="Allen's Fruit Punch Cocktail (Case) 24x200.0 ml, $0.17/100ml" src="https://assets.shop.loblaws.ca/products/20822506001/b3/en/front/20822506001_front_a06_@2.png" srcset="https://assets.shop.loblaws.ca/products/20822506001/b3/en/front/20822506001_front_a06_@2.png 1x, https://assets.shop.loblaws.ca/products/20822506001/b3/en/front/20822506001_front_a06_@2.png 2x" loading="lazy" class="chakra-image css-oguq8l" aria-hidden="true"></div><div class="css-qoklea"><div class="css-12dchmx"></div><div data-testid="price-product-tile" class="css-8atqhb"><p class="chakra-text css-0"><span class="chakra-text css-pwnbcb" data-testid="regular-price"><span class="css-idkz9h">$7.99</span>$7.99</span></p></div><a href="/fruit-punch-cocktail-case/p/20822506001_C01?source=nspt" class="chakra-linkbox__overlay css-1hnz6hu"><div class="css-0"><p class="chakra-text css-1ecdp9w" data-testid="product-brand">Allen's</p><h3 class="chakra-heading css-6qrhwc" id="20822506001_C01" data-testid="product-title">Fruit Punch Cocktail (Case)</h3><p class="chakra-text css-1yftjin" data-testid="product-package-size">24x200.0 ml, $0.17/100ml</p></div></a><div class="css-8keand"></div></div><div class="css-1q5omjq"><div class="css-fcebb8"><div data-testid="atc-compact" class="css-y94ivq" style="width: 45px;"><button type="button" class="chakra-button css-mudsm6" data-testid="atc-button"><svg stroke="currentColor" fill="currentColor" stroke-width="0" viewBox="0 0 24 24" focusable="false" class="chakra-icon css-1g3sp7a" data-testid="btn-icon" aria-hidden="true" height="1em" width="1em" xmlns="http://www.w3.org/2000/svg"><path d="M19 13h-6v6h-2v-6H5v-2h6V5h2v6h6v2z"></path></svg><span class="css-idkz9h">Add Fruit Punch Cocktail (Case) to cart</span></button></div></div></div></div></div></div><div class="css-0"><div class="css-f5i5wc"><div class="chakra-linkbox css-vhnn8v"><div data-testid="product-image" class="css-16dr4ly"><img alt="Bolthouse Berry Boost 946 ml, $0.69/100ml" src="https://assets.shop.loblaws.ca/products/20325816/b3/en/front/20325816_front_a06_@2.png" srcset="https://assets.shop.loblaws.ca/products/20325816/b3/en/front/20325816_front_a06_@2.png 1x, https://assets.shop.loblaws.ca/products/20325816/b3/en/front/20325816_front_a06_@2.png 2x" loading="lazy" class="chakra-image css-oguq8l" aria-hidden="true"></div><div class="css-qoklea"><div class="css-12dchmx"></div><div data-testid="price-product-tile" class="css-8atqhb"><p class="chakra-text css-0"><span class="chakra-text css-pwnbcb" data-testid="regular-price"><span class="css-idkz9h">$6.49</span>$6.49</span></p></div><a href="/berry-boost/p/20325816_EA?source=nspt" class="chakra-linkbox__overlay css-1hnz6hu"><div class="css-0"><p class="chakra-text css-1ecdp9w" data-testid="product-brand">Bolthouse</p><h3 class="chakra-heading css-6qrhwc" id="20325816_EA" data-testid="product-title">Berry Boost</h3><p class="chakra-text css-1yftjin" data-testid="product-package-size">946 ml, $0.69/100ml</p></div></a><div class="css-8keand"></div></div><div class="css-1q5omjq"><div class="css-fcebb8"><div data-testid="atc-compact" class="css-y94ivq" style="width: 45px;"><button type="button" class="chakra-button css-mudsm6" data-testid="atc-button"><svg stroke="currentColor" fill="currentColor" stroke-width="0" viewBox="0 0 24 24" focusable="false" class="chakra-icon css-1g3sp7a" data-testid="btn-icon" aria-hidden="true" height="1em" width="1em" xmlns="http://www.w3.org/2000/svg"><path d="M19 13h-6v6h-2v-6H5v-2h6V5h2v6h6v2z"></path></svg><span class="css-idkz9h">Add Berry Boost to cart</span></button></div></div></div></div></div></div><div class="css-0"><div class="css-f5i5wc"><div class="chakra-linkbox css-vhnn8v"><div data-testid="product-image" class="css-16dr4ly"><img alt="Kool-Aid Jammers Cherry 10x180.0 ml, $0.16/100ml" src="https://assets.shop.loblaws.ca/products/20079976002/b3/en/front/20079976002_front_a06_@2.png" srcset="https://assets.shop.loblaws.ca/products/20079976002/b3/en/front/20079976002_front_a06_@2.png 1x, https://assets.shop.loblaws.ca/products/20079976002/b3/en/front/20079976002_front_a06_@2.png 2x" loading="lazy" class="chakra-image css-oguq8l" aria-hidden="true"></div><div class="css-qoklea"><div class="css-12dchmx"></div><div data-testid="price-product-tile" class="css-8atqhb"><p class="chakra-text css-0"><span class="chakra-text css-o93gbd" data-testid="sale-price"><span class="css-idkz9h">$2.79</span>$2.79</span><span class="chakra-text css-623q5h" data-testid="was-price"><span class="css-idkz9h">$3.29</span>$3.29</span></p><p class="chakra-text css-1m5a6y8" data-testid="price-descriptor">SAVE $0.50</p></div><a href="/jammers-cherry/p/20079976002_EA?source=nspt" class="chakra-linkbox__overlay css-1hnz6hu"><div class="css-0"><p class="chakra-text css-1ecdp9w" data-testid="product-brand">Kool-Aid</p><h3 class="chakra-heading css-6qrhwc" id="20079976002_EA" data-testid="product-title">Jammers Cherry</h3><p class="chakra-text css-1yftjin" data-testid="product-package-size">10x180.0 ml, $0.16/100ml</p></div></a><div class="css-8keand"></div></div><div class="css-1q5omjq"><div class="css-fcebb8"><div data-testid="atc-compact" class="css-y94ivq" style="width: 45px;"><button type="button" class="chakra-button css-mudsm6" data-testid="atc-button"><svg stroke="currentColor" fill="currentColor" stroke-width="0" viewBox="0 0 24 24" focusable="false" class="chakra-icon css-1g3sp7a" data-testid="btn-icon" aria-hidden="true" height="1em" width="1em" xmlns="http://www.w3.org/2000/svg"><path d="M19 13h-6v6h-2v-6H5v-2h6V5h2v6h6v2z"></path></svg><span class="css-idkz9h">Add Jammers Cherry to cart</span></button></div></div></div></div></div></div><div class="css-0"><div class="css-f5i5wc"><div class="chakra-linkbox css-vhnn8v"><div data-testid="product-image" class="css-16dr4ly"><img alt="Allen's Fruit Punch Cocktail 8x200.0 ml, $0.19/100ml" src="https://assets.shop.loblaws.ca/products/20315996003/b3/en/front/20315996003_front_a06_@2.png" srcset="https://assets.shop.loblaws.ca/products/20315996003/b3/en/front/20315996003_front_a06_@2.png 1x, https://assets.shop.loblaws.ca/products/20315996003/b3/en/front/20315996003_front_a06_@2.png 2x" loading="lazy" class="chakra-image css-oguq8l" aria-hidden="true"></div><div class="css-qoklea"><div class="css-12dchmx"></div><div data-testid="price-product-tile" class="css-8atqhb"><p class="chakra-text css-0"><span class="chakra-text css-pwnbcb" data-testid="regular-price"><span class="css-idkz9h">$2.99</span>$2.99</span></p></div><a href="/fruit-punch-cocktail/p/20315996003_EA?source=nspt" class="chakra-linkbox__overlay css-1hnz6hu"><div class="css-0"><p class="chakra-text css-1ecdp9w" data-testid="product-brand">Allen's</p><h3 class="chakra-heading css-6qrhwc" id="20315996003_EA" data-testid="product-title">Fruit Punch Cocktail</h3><p class="chakra-text css-1yftjin" data-testid="product-package-size">8x200.0 ml, $0.19/100ml</p></div></a><div class="css-8keand"></div></div><div class="css-1q5omjq"><div class="css-fcebb8"><div data-testid="atc-compact" class="css-y94ivq" style="width: 45px;"><button type="button" class="chakra-button css-mudsm6" data-testid="atc-button"><svg stroke="currentColor" fill="currentColor" stroke-width="0" viewBox="0 0 24 24" focusable="false" class="chakra-icon css-1g3sp7a" data-testid="btn-icon" aria-hidden="true" height="1em" width="1em" xmlns="http://www.w3.org/2000/svg"><path d="M19 13h-6v6h-2v-6H5v-2h6V5h2v6h6v2z"></path></svg><span class="css-idkz9h">Add Fruit Punch Cocktail to cart</span></button></div></div></div></div></div></div></div><div data-testid="product-grid" class="css-epcqr3"><div class="css-0"><div class="css-f5i5wc"><div class="chakra-linkbox css-vhnn8v"><div data-testid="product-image" class="css-16dr4ly"><img alt="Del Monte Pineapple-Orange Juice&nbsp;Blend 2.5 l, $0.24/100ml" src="https://assets.shop.loblaws.ca/products/21437174/b3/en/front/21437174_front_a06_@2.png" srcset="https://assets.shop.loblaws.ca/products/21437174/b3/en/front/21437174_front_a06_@2.png 1x, https://assets.shop.loblaws.ca/products/21437174/b3/en/front/21437174_front_a06_@2.png 2x" loading="lazy" class="chakra-image css-oguq8l" aria-hidden="true"></div><div class="css-qoklea"><div class="css-12dchmx"></div><div data-testid="price-product-tile" class="css-8atqhb"><p class="chakra-text css-0"><span class="chakra-text css-pwnbcb" data-testid="regular-price"><span class="css-idkz9h">$5.99</span>$5.99</span></p></div><a href="/pineapple-orange-juice-blend/p/21437174_EA?source=nspt" class="chakra-linkbox__overlay css-1hnz6hu"><div class="css-0"><p class="chakra-text css-1ecdp9w" data-testid="product-brand">Del Monte</p><h3 class="chakra-heading css-6qrhwc" id="21437174_EA" data-testid="product-title">Pineapple-Orange Juice&nbsp;Blend</h3><p class="chakra-text css-1yftjin" data-testid="product-package-size">2.5 l, $0.24/100ml</p></div></a><div class="css-8keand"></div></div><div class="css-1q5omjq"><div class="css-fcebb8"><div data-testid="atc-compact" class="css-y94ivq" style="width: 45px;"><button type="button" class="chakra-button css-mudsm6" data-testid="atc-button"><svg stroke="currentColor" fill="currentColor" stroke-width="0" viewBox="0 0 24 24" focusable="false" class="chakra-icon css-1g3sp7a" data-testid="btn-icon" aria-hidden="true" height="1em" width="1em" xmlns="http://www.w3.org/2000/svg"><path d="M19 13h-6v6h-2v-6H5v-2h6V5h2v6h6v2z"></path></svg><span class="css-idkz9h">Add Pineapple-Orange Juice&nbsp;Blend to cart</span></button></div></div></div></div></div></div><div class="css-0"><div class="css-f5i5wc"><div class="chakra-linkbox css-vhnn8v"><div data-testid="product-image" class="css-16dr4ly"><img alt="Oasis Exotic Mango Fruit Juice 8x200.0 ml, $0.28/100ml" src="https://assets.shop.loblaws.ca/products/20315764007/b3/en/front/20315764007_front_a06_@2.png" srcset="https://assets.shop.loblaws.ca/products/20315764007/b3/en/front/20315764007_front_a06_@2.png 1x, https://assets.shop.loblaws.ca/products/20315764007/b3/en/front/20315764007_front_a06_@2.png 2x" loading="lazy" class="chakra-image css-oguq8l" aria-hidden="true"></div><div class="css-qoklea"><div class="css-12dchmx"></div><div data-testid="price-product-tile" class="css-8atqhb"><p class="chakra-text css-0"><span class="chakra-text css-pwnbcb" data-testid="regular-price"><span class="css-idkz9h">$4.49</span>$4.49</span></p></div><a href="/exotic-mango-fruit-juice/p/20315764007_EA?source=nspt" class="chakra-linkbox__overlay css-1hnz6hu"><div class="css-0"><p class="chakra-text css-1ecdp9w" data-testid="product-brand">Oasis</p><h3 class="chakra-heading css-6qrhwc" id="20315764007_EA" data-testid="product-title">Exotic Mango Fruit Juice</h3><p class="chakra-text css-1yftjin" data-testid="product-package-size">8x200.0 ml, $0.28/100ml</p></div></a><div class="css-8keand"></div></div><div class="css-1q5omjq"><div class="css-fcebb8"><div data-testid="atc-compact" class="css-y94ivq" style="width: 45px;"><button type="button" class="chakra-button css-mudsm6" data-testid="atc-button"><svg stroke="currentColor" fill="currentColor" stroke-width="0" viewBox="0 0 24 24" focusable="false" class="chakra-icon css-1g3sp7a" data-testid="btn-icon" aria-hidden="true" height="1em" width="1em" xmlns="http://www.w3.org/2000/svg"><path d="M19 13h-6v6h-2v-6H5v-2h6V5h2v6h6v2z"></path></svg><span class="css-idkz9h">Add Exotic Mango Fruit Juice to cart</span></button></div></div></div></div></div></div><div class="css-0"><div class="css-f5i5wc"><div class="chakra-linkbox css-vhnn8v"><div data-testid="product-image" class="css-16dr4ly"><img alt="Minute Maid Nutri Bone Support 100% Orange Juice, Carton 1.75 l, $0.31/100ml" src="https://assets.shop.loblaws.ca/products/20345605002/b3/en/front/20345605002_front_a06_@2.png" srcset="https://assets.shop.loblaws.ca/products/20345605002/b3/en/front/20345605002_front_a06_@2.png 1x, https://assets.shop.loblaws.ca/products/20345605002/b3/en/front/20345605002_front_a06_@2.png 2x" loading="lazy" class="chakra-image css-oguq8l" aria-hidden="true"></div><div class="css-qoklea"><div class="css-12dchmx"></div><div data-testid="price-product-tile" class="css-8atqhb"><p class="chakra-text css-0"><span class="chakra-text css-o93gbd" data-testid="sale-price"><span class="css-idkz9h">$5.49</span>$5.49</span><span class="chakra-text css-623q5h" data-testid="was-price"><span class="css-idkz9h">$5.79</span>$5.79</span></p><p class="chakra-text css-1m5a6y8" data-testid="price-descriptor">SAVE $0.30</p></div><a href="/nutri-bone-support-100-orange-juice-carton/p/20345605002_EA?source=nspt" class="chakra-linkbox__overlay css-1hnz6hu"><div class="css-0"><p class="chakra-text css-1ecdp9w" data-testid="product-brand">Minute Maid</p><h3 class="chakra-heading css-6qrhwc" id="20345605002_EA" data-testid="product-title">Nutri Bone Support 100% Orange Juice, Carton</h3><p class="chakra-text css-1yftjin" data-testid="product-package-size">1.75 l, $0.31/100ml</p></div></a><div class="css-8keand"></div></div><div class="css-1q5omjq"><div class="css-fcebb8"><div data-testid="atc-compact" class="css-y94ivq" style="width: 45px;"><button type="button" class="chakra-button css-mudsm6" data-testid="atc-button"><svg stroke="currentColor" fill="currentColor" stroke-width="0" viewBox="0 0 24 24" focusable="false" class="chakra-icon css-1g3sp7a" data-testid="btn-icon" aria-hidden="true" height="1em" width="1em" xmlns="http://www.w3.org/2000/svg"><path d="M19 13h-6v6h-2v-6H5v-2h6V5h2v6h6v2z"></path></svg><span class="css-idkz9h">Add Nutri Bone Support 100% Orange Juice, Carton to cart</span></button></div></div></div></div></div></div><div class="css-0"><div class="css-f5i5wc"><div class="chakra-linkbox css-vhnn8v"><div data-testid="product-image" class="css-16dr4ly"><img alt="President's Choice 100% Pineapple Juice 1 l, $0.20/100ml" src="https://assets.shop.loblaws.ca/products/21080958/b3/en/front/21080958_front_a06_@2.png" srcset="https://assets.shop.loblaws.ca/products/21080958/b3/en/front/21080958_front_a06_@2.png 1x, https://assets.shop.loblaws.ca/products/21080958/b3/en/front/21080958_front_a06_@2.png 2x" loading="lazy" class="chakra-image css-oguq8l" aria-hidden="true"></div><div class="css-qoklea"><div class="css-12dchmx"></div><div data-testid="price-product-tile" class="css-8atqhb"><p class="chakra-text css-0"><span class="chakra-text css-pwnbcb" data-testid="regular-price"><span class="css-idkz9h">$2.00</span>$2.00</span></p></div><a href="/100-pineapple-juice/p/21080958_EA?source=nspt" class="chakra-linkbox__overlay css-1hnz6hu"><div class="css-0"><p class="chakra-text css-1ecdp9w" data-testid="product-brand">President's Choice</p><h3 class="chakra-heading css-6qrhwc" id="21080958_EA" data-testid="product-title">100% Pineapple Juice</h3><p class="chakra-text css-1yftjin" data-testid="product-package-size">1 l, $0.20/100ml</p></div></a><div class="css-8keand"></div></div><div class="css-1q5omjq"><div class="css-fcebb8"><div data-testid="atc-compact" class="css-y94ivq" style="width: 45px;"><button type="button" class="chakra-button css-mudsm6" data-testid="atc-button"><svg stroke="currentColor" fill="currentColor" stroke-width="0" viewBox="0 0 24 24" focusable="false" class="chakra-icon css-1g3sp7a" data-testid="btn-icon" aria-hidden="true" height="1em" width="1em" xmlns="http://www.w3.org/2000/svg"><path d="M19 13h-6v6h-2v-6H5v-2h6V5h2v6h6v2z"></path></svg><span class="css-idkz9h">Add 100% Pineapple Juice to cart</span></button></div></div></div></div></div></div><div class="css-0"><div class="css-f5i5wc"><div class="chakra-linkbox css-vhnn8v"><div data-testid="product-image" class="css-16dr4ly"><img alt="Ocean Spray Cranberry Mango Cocktail 1.89 l, $0.24/100ml" src="https://assets.shop.loblaws.ca/products/20894889001/b3/en/front/20894889001_front_a06_@2.png" srcset="https://assets.shop.loblaws.ca/products/20894889001/b3/en/front/20894889001_front_a06_@2.png 1x, https://assets.shop.loblaws.ca/products/20894889001/b3/en/front/20894889001_front_a06_@2.png 2x" loading="lazy" class="chakra-image css-oguq8l" aria-hidden="true"></div><div class="css-qoklea"><div class="css-12dchmx"></div><div data-testid="price-product-tile" class="css-8atqhb"><p class="chakra-text css-0"><span class="chakra-text css-pwnbcb" data-testid="regular-price"><span class="css-idkz9h">$4.49</span>$4.49</span></p></div><a href="/cranberry-mango-cocktail/p/20894889001_EA?source=nspt" class="chakra-linkbox__overlay css-1hnz6hu"><div class="css-0"><p class="chakra-text css-1ecdp9w" data-testid="product-brand">Ocean Spray</p><h3 class="chakra-heading css-6qrhwc" id="20894889001_EA" data-testid="product-title">Cranberry Mango Cocktail</h3><p class="chakra-text css-1yftjin" data-testid="product-package-size">1.89 l, $0.24/100ml</p></div></a><div class="css-8keand"></div></div><div class="css-1q5omjq"><div class="css-fcebb8"><div data-testid="atc-compact" class="css-y94ivq" style="width: 45px;"><button type="button" class="chakra-button css-mudsm6" data-testid="atc-button"><svg stroke="currentColor" fill="currentColor" stroke-width="0" viewBox="0 0 24 24" focusable="false" class="chakra-icon css-1g3sp7a" data-testid="btn-icon" aria-hidden="true" height="1em" width="1em" xmlns="http://www.w3.org/2000/svg"><path d="M19 13h-6v6h-2v-6H5v-2h6V5h2v6h6v2z"></path></svg><span class="css-idkz9h">Add Cranberry Mango Cocktail to cart</span></button></div></div></div></div></div></div><div class="css-0"><div class="css-f5i5wc"><div class="chakra-linkbox css-vhnn8v"><div data-testid="product-image" class="css-16dr4ly"><img alt="Allen's Pure Apple Juice Low Acid 8x200.0 ml, $0.19/100ml" src="https://assets.shop.loblaws.ca/products/20315996002/b3/en/front/20315996002_front_a06_@2.png" srcset="https://assets.shop.loblaws.ca/products/20315996002/b3/en/front/20315996002_front_a06_@2.png 1x, https://assets.shop.loblaws.ca/products/20315996002/b3/en/front/20315996002_front_a06_@2.png 2x" loading="lazy" class="chakra-image css-oguq8l" aria-hidden="true"></div><div class="css-qoklea"><div class="css-12dchmx"></div><div data-testid="price-product-tile" class="css-8atqhb"><p class="chakra-text css-0"><span class="chakra-text css-pwnbcb" data-testid="regular-price"><span class="css-idkz9h">$2.99</span>$2.99</span></p></div><a href="/pure-apple-juice-low-acid/p/20315996002_EA?source=nspt" class="chakra-linkbox__overlay css-1hnz6hu"><div class="css-0"><p class="chakra-text css-1ecdp9w" data-testid="product-brand">Allen's</p><h3 class="chakra-heading css-6qrhwc" id="20315996002_EA" data-testid="product-title">Pure Apple Juice Low Acid</h3><p class="chakra-text css-1yftjin" data-testid="product-package-size">8x200.0 ml, $0.19/100ml</p></div></a><div class="css-8keand"></div></div><div class="css-1q5omjq"><div class="css-fcebb8"><div data-testid="atc-compact" class="css-y94ivq" style="width: 45px;"><button type="button" class="chakra-button css-mudsm6" data-testid="atc-button"><svg stroke="currentColor" fill="currentColor" stroke-width="0" viewBox="0 0 24 24" focusable="false" class="chakra-icon css-1g3sp7a" data-testid="btn-icon" aria-hidden="true" height="1em" width="1em" xmlns="http://www.w3.org/2000/svg"><path d="M19 13h-6v6h-2v-6H5v-2h6V5h2v6h6v2z"></path></svg><span class="css-idkz9h">Add Pure Apple Juice Low Acid to cart</span></button></div></div></div></div></div></div><div class="css-0"><div class="css-f5i5wc"><div class="chakra-linkbox css-vhnn8v"><div data-testid="product-image" class="css-16dr4ly"><img alt="No Name Grape Drink Boxes 10x200.0 ml, $0.17/100ml" src="https://assets.shop.loblaws.ca/products/20503035004/b3/en/front/20503035004_front_a06_@2.png" srcset="https://assets.shop.loblaws.ca/products/20503035004/b3/en/front/20503035004_front_a06_@2.png 1x, https://assets.shop.loblaws.ca/products/20503035004/b3/en/front/20503035004_front_a06_@2.png 2x" loading="lazy" class="chakra-image css-oguq8l" aria-hidden="true"></div><div class="css-qoklea"><div class="css-12dchmx"></div><div data-testid="price-product-tile" class="css-8atqhb"><p class="chakra-text css-0"><span class="chakra-text css-pwnbcb" data-testid="regular-price"><span class="css-idkz9h">$3.49</span>$3.49</span></p></div><a href="/grape-drink-boxes/p/20503035004_EA?source=nspt" class="chakra-linkbox__overlay css-1hnz6hu"><div class="css-0"><p class="chakra-text css-1ecdp9w" data-testid="product-brand">No Name</p><h3 class="chakra-heading css-6qrhwc" id="20503035004_EA" data-testid="product-title">Grape Drink Boxes</h3><p class="chakra-text css-1yftjin" data-testid="product-package-size">10x200.0 ml, $0.17/100ml</p></div></a><div class="css-8keand"></div></div><div class="css-1q5omjq"><div class="css-fcebb8"><div data-testid="atc-compact" class="css-y94ivq" style="width: 45px;"><button type="button" class="chakra-button css-mudsm6" data-testid="atc-button"><svg stroke="currentColor" fill="currentColor" stroke-width="0" viewBox="0 0 24 24" focusable="false" class="chakra-icon css-1g3sp7a" data-testid="btn-icon" aria-hidden="true" height="1em" width="1em" xmlns="http://www.w3.org/2000/svg"><path d="M19 13h-6v6h-2v-6H5v-2h6V5h2v6h6v2z"></path></svg><span class="css-idkz9h">Add Grape Drink Boxes to cart</span></button></div></div></div></div></div></div><div class="css-0"><div class="css-f5i5wc"><div class="chakra-linkbox css-vhnn8v"><div data-testid="product-image" class="css-16dr4ly"><img alt="Minute Maid Real Fruit Beverage Peach Mango, 8 8x200.0 ml, $0.25/100ml" src="https://assets.shop.loblaws.ca/products/21175259/b3/en/front/21175259_front_a06_@2.png" srcset="https://assets.shop.loblaws.ca/products/21175259/b3/en/front/21175259_front_a06_@2.png 1x, https://assets.shop.loblaws.ca/products/21175259/b3/en/front/21175259_front_a06_@2.png 2x" loading="lazy" class="chakra-image css-oguq8l" aria-hidden="true"></div><div class="css-qoklea"><div class="css-12dchmx"></div><div data-testid="price-product-tile" class="css-8atqhb"><p class="chakra-text css-0"><span class="chakra-text css-pwnbcb" data-testid="regular-price"><span class="css-idkz9h">$3.99</span>$3.99</span></p></div><a href="/real-fruit-beverage-peach-mango-8/p/21175259_EA?source=nspt" class="chakra-linkbox__overlay css-1hnz6hu"><div class="css-0"><p class="chakra-text css-1ecdp9w" data-testid="product-brand">Minute Maid</p><h3 class="chakra-heading css-6qrhwc" id="21175259_EA" data-testid="product-title">Real Fruit Beverage Peach Mango, 8</h3><p class="chakra-text css-1yftjin" data-testid="product-package-size">8x200.0 ml, $0.25/100ml</p></div></a><div class="css-8keand"></div></div><div class="css-1q5omjq"><div class="css-fcebb8"><div data-testid="atc-compact" class="css-y94ivq" style="width: 45px;"><button type="button" class="chakra-button css-mudsm6" data-testid="atc-button"><svg stroke="currentColor" fill="currentColor" stroke-width="0" viewBox="0 0 24 24" focusable="false" class="chakra-icon css-1g3sp7a" data-testid="btn-icon" aria-hidden="true" height="1em" width="1em" xmlns="http://www.w3.org/2000/svg"><path d="M19 13h-6v6h-2v-6H5v-2h6V5h2v6h6v2z"></path></svg><span class="css-idkz9h">Add Real Fruit Beverage Peach Mango, 8 to cart</span></button></div></div></div></div></div></div><div class="css-0"><div class="css-f5i5wc"><div class="chakra-linkbox css-vhnn8v"><div data-testid="product-image" class="css-16dr4ly"><img alt="Sunny Delight Smooth 1.89 l, $0.13/100ml" src="https://assets.shop.loblaws.ca/products/21102505/b3/en/front/21102505_front_a06_@2.png" srcset="https://assets.shop.loblaws.ca/products/21102505/b3/en/front/21102505_front_a06_@2.png 1x, https://assets.shop.loblaws.ca/products/21102505/b3/en/front/21102505_front_a06_@2.png 2x" loading="lazy" class="chakra-image css-oguq8l" aria-hidden="true"></div><div class="css-qoklea"><div class="css-12dchmx"></div><div data-testid="price-product-tile" class="css-8atqhb"><p class="chakra-text css-0"><span class="chakra-text css-o93gbd" data-testid="sale-price"><span class="css-idkz9h">$2.49</span>$2.49</span><span class="chakra-text css-623q5h" data-testid="was-price"><span class="css-idkz9h">$3.49</span>$3.49</span></p><p class="chakra-text css-1m5a6y8" data-testid="price-descriptor">SAVE $1.00</p></div><a href="/smooth/p/21102505_EA?source=nspt" class="chakra-linkbox__overlay css-1hnz6hu"><div class="css-0"><p class="chakra-text css-1ecdp9w" data-testid="product-brand">Sunny Delight</p><h3 class="chakra-heading css-6qrhwc" id="21102505_EA" data-testid="product-title">Smooth</h3><p class="chakra-text css-1yftjin" data-testid="product-package-size">1.89 l, $0.13/100ml</p></div></a><div class="css-8keand"></div></div><div class="css-1q5omjq"><div class="css-fcebb8"><div data-testid="atc-compact" class="css-y94ivq" style="width: 45px;"><button type="button" class="chakra-button css-mudsm6" data-testid="atc-button"><svg stroke="currentColor" fill="currentColor" stroke-width="0" viewBox="0 0 24 24" focusable="false" class="chakra-icon css-1g3sp7a" data-testid="btn-icon" aria-hidden="true" height="1em" width="1em" xmlns="http://www.w3.org/2000/svg"><path d="M19 13h-6v6h-2v-6H5v-2h6V5h2v6h6v2z"></path></svg><span class="css-idkz9h">Add Smooth to cart</span></button></div></div></div></div></div></div><div class="css-0"><div class="css-f5i5wc"><div class="chakra-linkbox css-vhnn8v"><div data-testid="product-image" class="css-16dr4ly"><img alt="Grace 100% Pure Coconut Water 1 l, $0.35/100ml" src="https://assets.shop.loblaws.ca/products/20779456/b3/en/front/20779456_front_a06_@2.png" srcset="https://assets.shop.loblaws.ca/products/20779456/b3/en/front/20779456_front_a06_@2.png 1x, https://assets.shop.loblaws.ca/products/20779456/b3/en/front/20779456_front_a06_@2.png 2x" loading="lazy" class="chakra-image css-oguq8l" aria-hidden="true"></div><div class="css-qoklea"><div class="css-12dchmx"></div><div data-testid="price-product-tile" class="css-8atqhb"><p class="chakra-text css-0"><span class="chakra-text css-o93gbd" data-testid="sale-price"><span class="css-idkz9h">$3.49</span>$3.49</span><span class="chakra-text css-623q5h" data-testid="was-price"><span class="css-idkz9h">$3.79</span>$3.79</span></p><p class="chakra-text css-1m5a6y8" data-testid="price-descriptor">SAVE $0.30</p></div><a href="/100-pure-coconut-water/p/20779456_EA?source=nspt" class="chakra-linkbox__overlay css-1hnz6hu"><div class="css-0"><p class="chakra-text css-1ecdp9w" data-testid="product-brand">Grace</p><h3 class="chakra-heading css-6qrhwc" id="20779456_EA" data-testid="product-title">100% Pure Coconut Water</h3><p class="chakra-text css-1yftjin" data-testid="product-package-size">1 l, $0.35/100ml</p></div></a><div class="css-8keand"></div></div><div class="css-1q5omjq"><div class="css-fcebb8"><div data-testid="atc-compact" class="css-y94ivq" style="width: 45px;"><button type="button" class="chakra-button css-mudsm6" data-testid="atc-button"><svg stroke="currentColor" fill="currentColor" stroke-width="0" viewBox="0 0 24 24" focusable="false" class="chakra-icon css-1g3sp7a" data-testid="btn-icon" aria-hidden="true" height="1em" width="1em" xmlns="http://www.w3.org/2000/svg"><path d="M19 13h-6v6h-2v-6H5v-2h6V5h2v6h6v2z"></path></svg><span class="css-idkz9h">Add 100% Pure Coconut Water to cart</span></button></div></div></div></div></div></div><div class="css-0"><div class="css-f5i5wc"><div class="chakra-linkbox css-vhnn8v"><div data-testid="product-image" class="css-16dr4ly"><img alt="Minute Maid Peach Mango Juice Beverage, Carton 1 l, $0.20/100ml" src="https://assets.shop.loblaws.ca/products/21237907/b3/en/front/21237907_front_a06_@2.png" srcset="https://assets.shop.loblaws.ca/products/21237907/b3/en/front/21237907_front_a06_@2.png 1x, https://assets.shop.loblaws.ca/products/21237907/b3/en/front/21237907_front_a06_@2.png 2x" loading="lazy" class="chakra-image css-oguq8l" aria-hidden="true"></div><div class="css-qoklea"><div class="css-12dchmx"></div><div data-testid="price-product-tile" class="css-8atqhb"><p class="chakra-text css-0"><span class="chakra-text css-pwnbcb" data-testid="regular-price"><span class="css-idkz9h">$1.99</span>$1.99</span></p></div><a href="/peach-mango-juice-beverage-carton/p/21237907_EA?source=nspt" class="chakra-linkbox__overlay css-1hnz6hu"><div class="css-0"><p class="chakra-text css-1ecdp9w" data-testid="product-brand">Minute Maid</p><h3 class="chakra-heading css-6qrhwc" id="21237907_EA" data-testid="product-title">Peach Mango Juice Beverage, Carton</h3><p class="chakra-text css-1yftjin" data-testid="product-package-size">1 l, $0.20/100ml</p></div></a><div class="css-8keand"></div></div><div class="css-1q5omjq"><div class="css-fcebb8"><div data-testid="atc-compact" class="css-y94ivq" style="width: 45px;"><button type="button" class="chakra-button css-mudsm6" data-testid="atc-button"><svg stroke="currentColor" fill="currentColor" stroke-width="0" viewBox="0 0 24 24" focusable="false" class="chakra-icon css-1g3sp7a" data-testid="btn-icon" aria-hidden="true" height="1em" width="1em" xmlns="http://www.w3.org/2000/svg"><path d="M19 13h-6v6h-2v-6H5v-2h6V5h2v6h6v2z"></path></svg><span class="css-idkz9h">Add Peach Mango Juice Beverage, Carton to cart</span></button></div></div></div></div></div></div><div class="css-0"><div class="css-f5i5wc"><div class="chakra-linkbox css-vhnn8v"><div data-testid="product-image" class="css-16dr4ly"><img alt="Minute Maid Low Acid 100% Orange Juice From Concentrate, Carton 1.75 l, $0.25/100ml" src="https://assets.shop.loblaws.ca/products/20345605004/b3/en/front/20345605004_front_a06_@2.png" srcset="https://assets.shop.loblaws.ca/products/20345605004/b3/en/front/20345605004_front_a06_@2.png 1x, https://assets.shop.loblaws.ca/products/20345605004/b3/en/front/20345605004_front_a06_@2.png 2x" loading="lazy" class="chakra-image css-oguq8l" aria-hidden="true"></div><div class="css-qoklea"><div class="css-12dchmx"></div><div data-testid="price-product-tile" class="css-8atqhb"><p class="chakra-text css-0"><span class="chakra-text css-pwnbcb" data-testid="regular-price"><span class="css-idkz9h">$4.29</span>$4.29</span></p></div><a href="/low-acid-100-orange-juice-from-concentrate-carton/p/20345605004_EA?source=nspt" class="chakra-linkbox__overlay css-1hnz6hu"><div class="css-0"><p class="chakra-text css-1ecdp9w" data-testid="product-brand">Minute Maid</p><h3 class="chakra-heading css-6qrhwc" id="20345605004_EA" data-testid="product-title">Low Acid 100% Orange Juice From Concentrate, Carton</h3><p class="chakra-text css-1yftjin" data-testid="product-package-size">1.75 l, $0.25/100ml</p></div></a><div class="css-8keand"></div></div><div class="css-1q5omjq"><div class="css-fcebb8"><div data-testid="atc-compact" class="css-y94ivq" style="width: 45px;"><button type="button" class="chakra-button css-mudsm6" data-testid="atc-button"><svg stroke="currentColor" fill="currentColor" stroke-width="0" viewBox="0 0 24 24" focusable="false" class="chakra-icon css-1g3sp7a" data-testid="btn-icon" aria-hidden="true" height="1em" width="1em" xmlns="http://www.w3.org/2000/svg"><path d="M19 13h-6v6h-2v-6H5v-2h6V5h2v6h6v2z"></path></svg><span class="css-idkz9h">Add Low Acid 100% Orange Juice From Concentrate, Carton to cart</span></button></div></div></div></div></div></div><div class="css-0"><div class="css-f5i5wc"><div class="chakra-linkbox css-vhnn8v"><div data-testid="product-image" class="css-16dr4ly"><img alt="Minute Maid Mixed Berry Juice Beverage, 8 Pack 8x200.0 ml, $0.25/100ml" src="https://assets.shop.loblaws.ca/products/21093276/b3/en/front/21093276_front_a06_@2.png" srcset="https://assets.shop.loblaws.ca/products/21093276/b3/en/front/21093276_front_a06_@2.png 1x, https://assets.shop.loblaws.ca/products/21093276/b3/en/front/21093276_front_a06_@2.png 2x" loading="lazy" class="chakra-image css-oguq8l" aria-hidden="true"></div><div class="css-qoklea"><div class="css-12dchmx"></div><div data-testid="price-product-tile" class="css-8atqhb"><p class="chakra-text css-0"><span class="chakra-text css-pwnbcb" data-testid="regular-price"><span class="css-idkz9h">$3.99</span>$3.99</span></p></div><a href="/mixed-berry-juice-beverage-8-pack/p/21093276_EA?source=nspt" class="chakra-linkbox__overlay css-1hnz6hu"><div class="css-0"><p class="chakra-text css-1ecdp9w" data-testid="product-brand">Minute Maid</p><h3 class="chakra-heading css-6qrhwc" id="21093276_EA" data-testid="product-title">Mixed Berry Juice Beverage, 8 Pack</h3><p class="chakra-text css-1yftjin" data-testid="product-package-size">8x200.0 ml, $0.25/100ml</p></div></a><div class="css-8keand"></div></div><div class="css-1q5omjq"><div class="css-fcebb8"><div data-testid="atc-compact" class="css-y94ivq" style="width: 45px;"><button type="button" class="chakra-button css-mudsm6" data-testid="atc-button"><svg stroke="currentColor" fill="currentColor" stroke-width="0" viewBox="0 0 24 24" focusable="false" class="chakra-icon css-1g3sp7a" data-testid="btn-icon" aria-hidden="true" height="1em" width="1em" xmlns="http://www.w3.org/2000/svg"><path d="M19 13h-6v6h-2v-6H5v-2h6V5h2v6h6v2z"></path></svg><span class="css-idkz9h">Add Mixed Berry Juice Beverage, 8 Pack to cart</span></button></div></div></div></div></div></div><div class="css-0"><div class="css-f5i5wc"><div class="chakra-linkbox css-vhnn8v"><div data-testid="product-image" class="css-16dr4ly"><img alt="Tropicana Pineapple Mango With Lime Beverage   1.54 l, $0.28/100ml" src="https://assets.shop.loblaws.ca/products/21354951/b3/en/front/21354951_front_a06_@2.png" srcset="https://assets.shop.loblaws.ca/products/21354951/b3/en/front/21354951_front_a06_@2.png 1x, https://assets.shop.loblaws.ca/products/21354951/b3/en/front/21354951_front_a06_@2.png 2x" loading="lazy" class="chakra-image css-oguq8l" aria-hidden="true"></div><div class="css-qoklea"><div class="css-12dchmx"></div><div data-testid="price-product-tile" class="css-8atqhb"><p class="chakra-text css-0"><span class="chakra-text css-pwnbcb" data-testid="regular-price"><span class="css-idkz9h">$4.29</span>$4.29</span></p></div><a href="/pineapple-mango-with-lime-beverage/p/21354951_EA?source=nspt" class="chakra-linkbox__overlay css-1hnz6hu"><div class="css-0"><p class="chakra-text css-1ecdp9w" data-testid="product-brand">Tropicana</p><h3 class="chakra-heading css-6qrhwc" id="21354951_EA" data-testid="product-title">Pineapple Mango With Lime Beverage  </h3><p class="chakra-text css-1yftjin" data-testid="product-package-size">1.54 l, $0.28/100ml</p></div></a><div class="css-8keand"></div></div><div class="css-1q5omjq"><div class="css-fcebb8"><div data-testid="atc-compact" class="css-y94ivq" style="width: 45px;"><button disabled="" type="button" class="chakra-button css-mudsm6" data-testid="atc-button"><svg stroke="currentColor" fill="currentColor" stroke-width="0" viewBox="0 0 24 24" focusable="false" class="chakra-icon css-1g3sp7a" data-testid="btn-icon" aria-hidden="true" height="1em" width="1em" xmlns="http://www.w3.org/2000/svg"><path d="M19 13h-6v6h-2v-6H5v-2h6V5h2v6h6v2z"></path></svg><span class="css-idkz9h">Add Pineapple Mango With Lime Beverage   to cart</span></button></div></div><div class="css-4saf4a"><p class="chakra-text css-py8788" data-testid="inventory-badge-text">Out of Stock</p></div></div></div></div></div><div class="css-0"><div class="css-f5i5wc"><div class="chakra-linkbox css-vhnn8v"><div data-testid="product-image" class="css-16dr4ly"><img alt="President's Choice Extra Pulp Orange Juice 1.54 l, $0.29/100ml" src="https://assets.shop.loblaws.ca/products/21430537/b3/en/front/21430537_front_a06_@2.png" srcset="https://assets.shop.loblaws.ca/products/21430537/b3/en/front/21430537_front_a06_@2.png 1x, https://assets.shop.loblaws.ca/products/21430537/b3/en/front/21430537_front_a06_@2.png 2x" loading="lazy" class="chakra-image css-oguq8l" aria-hidden="true"></div><div class="css-qoklea"><div class="css-12dchmx"></div><div data-testid="price-product-tile" class="css-8atqhb"><p class="chakra-text css-0"><span class="chakra-text css-pwnbcb" data-testid="regular-price"><span class="css-idkz9h">$4.49</span>$4.49</span></p></div><a href="/extra-pulp-orange-juice/p/21430537_EA?source=nspt" class="chakra-linkbox__overlay css-1hnz6hu"><div class="css-0"><p class="chakra-text css-1ecdp9w" data-testid="product-brand">President's Choice</p><h3 class="chakra-heading css-6qrhwc" id="21430537_EA" data-testid="product-title">Extra Pulp Orange Juice</h3><p class="chakra-text css-1yftjin" data-testid="product-package-size">1.54 l, $0.29/100ml</p></div></a><div class="css-8keand"></div></div><div class="css-1q5omjq"><div class="css-fcebb8"><div data-testid="atc-compact" class="css-y94ivq" style="width: 45px;"><button type="button" class="chakra-button css-mudsm6" data-testid="atc-button"><svg stroke="currentColor" fill="currentColor" stroke-width="0" viewBox="0 0 24 24" focusable="false" class="chakra-icon css-1g3sp7a" data-testid="btn-icon" aria-hidden="true" height="1em" width="1em" xmlns="http://www.w3.org/2000/svg"><path d="M19 13h-6v6h-2v-6H5v-2h6V5h2v6h6v2z"></path></svg><span class="css-idkz9h">Add Extra Pulp Orange Juice to cart</span></button></div></div></div></div></div></div><div class="css-0"><div class="css-f5i5wc"><div class="chakra-linkbox css-vhnn8v"><div data-testid="product-image" class="css-16dr4ly"><img alt="President's Choice 100% Orange Juice 1 l, $0.20/100ml" src="https://assets.shop.loblaws.ca/products/21080960/b3/en/front/21080960_front_a06_@2.png" srcset="https://assets.shop.loblaws.ca/products/21080960/b3/en/front/21080960_front_a06_@2.png 1x, https://assets.shop.loblaws.ca/products/21080960/b3/en/front/21080960_front_a06_@2.png 2x" loading="lazy" class="chakra-image css-oguq8l" aria-hidden="true"></div><div class="css-qoklea"><div class="css-12dchmx"></div><div data-testid="price-product-tile" class="css-8atqhb"><p class="chakra-text css-0"><span class="chakra-text css-pwnbcb" data-testid="regular-price"><span class="css-idkz9h">$2.00</span>$2.00</span></p></div><a href="/100-orange-juice/p/21080960_EA?source=nspt" class="chakra-linkbox__overlay css-1hnz6hu"><div class="css-0"><p class="chakra-text css-1ecdp9w" data-testid="product-brand">President's Choice</p><h3 class="chakra-heading css-6qrhwc" id="21080960_EA" data-testid="product-title">100% Orange Juice</h3><p class="chakra-text css-1yftjin" data-testid="product-package-size">1 l, $0.20/100ml</p></div></a><div class="css-8keand"></div></div><div class="css-1q5omjq"><div class="css-fcebb8"><div data-testid="atc-compact" class="css-y94ivq" style="width: 45px;"><button type="button" class="chakra-button css-mudsm6" data-testid="atc-button"><svg stroke="currentColor" fill="currentColor" stroke-width="0" viewBox="0 0 24 24" focusable="false" class="chakra-icon css-1g3sp7a" data-testid="btn-icon" aria-hidden="true" height="1em" width="1em" xmlns="http://www.w3.org/2000/svg"><path d="M19 13h-6v6h-2v-6H5v-2h6V5h2v6h6v2z"></path></svg><span class="css-idkz9h">Add 100% Orange Juice to cart</span></button></div></div></div></div></div></div><div class="css-0"><div class="css-f5i5wc"><div class="chakra-linkbox css-vhnn8v"><div data-testid="product-image" class="css-16dr4ly"><img alt="Ocean Spray Diet Cranberry &amp; Pomegranate Cocktail 1.89 l, $0.24/100ml" src="https://assets.shop.loblaws.ca/products/20300006004/b3/en/front/20300006004_front_a06_@2.png" srcset="https://assets.shop.loblaws.ca/products/20300006004/b3/en/front/20300006004_front_a06_@2.png 1x, https://assets.shop.loblaws.ca/products/20300006004/b3/en/front/20300006004_front_a06_@2.png 2x" loading="lazy" class="chakra-image css-oguq8l" aria-hidden="true"></div><div class="css-qoklea"><div class="css-12dchmx"></div><div data-testid="price-product-tile" class="css-8atqhb"><p class="chakra-text css-0"><span class="chakra-text css-pwnbcb" data-testid="regular-price"><span class="css-idkz9h">$4.49</span>$4.49</span></p></div><a href="/diet-cranberry-pomegranate-cocktail/p/20300006004_EA?source=nspt" class="chakra-linkbox__overlay css-1hnz6hu"><div class="css-0"><p class="chakra-text css-1ecdp9w" data-testid="product-brand">Ocean Spray</p><h3 class="chakra-heading css-6qrhwc" id="20300006004_EA" data-testid="product-title">Diet Cranberry &amp; Pomegranate Cocktail</h3><p class="chakra-text css-1yftjin" data-testid="product-package-size">1.89 l, $0.24/100ml</p></div></a><div class="css-8keand"></div></div><div class="css-1q5omjq"><div class="css-fcebb8"><div data-testid="atc-compact" class="css-y94ivq" style="width: 45px;"><button type="button" class="chakra-button css-mudsm6" data-testid="atc-button"><svg stroke="currentColor" fill="currentColor" stroke-width="0" viewBox="0 0 24 24" focusable="false" class="chakra-icon css-1g3sp7a" data-testid="btn-icon" aria-hidden="true" height="1em" width="1em" xmlns="http://www.w3.org/2000/svg"><path d="M19 13h-6v6h-2v-6H5v-2h6V5h2v6h6v2z"></path></svg><span class="css-idkz9h">Add Diet Cranberry &amp; Pomegranate Cocktail to cart</span></button></div></div></div></div></div></div><div class="css-0"><div class="css-f5i5wc"><div class="chakra-linkbox css-vhnn8v"><div data-testid="product-image" class="css-16dr4ly"><img alt="Grace 100% Pure Coconut Water 310 ml, $0.48/100ml" src="https://assets.shop.loblaws.ca/products/20582962/b3/en/front/20582962_front_a06_@2.png" srcset="https://assets.shop.loblaws.ca/products/20582962/b3/en/front/20582962_front_a06_@2.png 1x, https://assets.shop.loblaws.ca/products/20582962/b3/en/front/20582962_front_a06_@2.png 2x" loading="lazy" class="chakra-image css-oguq8l" aria-hidden="true"></div><div class="css-qoklea"><div class="css-12dchmx"></div><div data-testid="price-product-tile" class="css-8atqhb"><p class="chakra-text css-0"><span class="chakra-text css-pwnbcb" data-testid="regular-price"><span class="css-idkz9h">$1.49</span>$1.49</span></p></div><a href="/100-pure-coconut-water/p/20582962_EA?source=nspt" class="chakra-linkbox__overlay css-1hnz6hu"><div class="css-0"><p class="chakra-text css-1ecdp9w" data-testid="product-brand">Grace</p><h3 class="chakra-heading css-6qrhwc" id="20582962_EA" data-testid="product-title">100% Pure Coconut Water</h3><p class="chakra-text css-1yftjin" data-testid="product-package-size">310 ml, $0.48/100ml</p></div></a><div class="css-8keand"></div></div><div class="css-1q5omjq"><div class="css-fcebb8"><div data-testid="atc-compact" class="css-y94ivq" style="width: 45px;"><button type="button" class="chakra-button css-mudsm6" data-testid="atc-button"><svg stroke="currentColor" fill="currentColor" stroke-width="0" viewBox="0 0 24 24" focusable="false" class="chakra-icon css-1g3sp7a" data-testid="btn-icon" aria-hidden="true" height="1em" width="1em" xmlns="http://www.w3.org/2000/svg"><path d="M19 13h-6v6h-2v-6H5v-2h6V5h2v6h6v2z"></path></svg><span class="css-idkz9h">Add 100% Pure Coconut Water to cart</span></button></div></div></div></div></div></div><div class="css-0"><div class="css-f5i5wc"><div class="chakra-linkbox css-vhnn8v"><div data-testid="product-image" class="css-16dr4ly"><img alt="Ocean Spray Cran-Pineapple Diet Low Calorie Beverage 1.89 l, $0.24/100ml" src="https://assets.shop.loblaws.ca/products/21004964/b3/en/front/21004964_front_a06_@2.png" srcset="https://assets.shop.loblaws.ca/products/21004964/b3/en/front/21004964_front_a06_@2.png 1x, https://assets.shop.loblaws.ca/products/21004964/b3/en/front/21004964_front_a06_@2.png 2x" loading="lazy" class="chakra-image css-oguq8l" aria-hidden="true"></div><div class="css-qoklea"><div class="css-12dchmx"></div><div data-testid="price-product-tile" class="css-8atqhb"><p class="chakra-text css-0"><span class="chakra-text css-pwnbcb" data-testid="regular-price"><span class="css-idkz9h">$4.49</span>$4.49</span></p></div><a href="/cran-pineapple-diet-low-calorie-beverage/p/21004964_EA?source=nspt" class="chakra-linkbox__overlay css-1hnz6hu"><div class="css-0"><p class="chakra-text css-1ecdp9w" data-testid="product-brand">Ocean Spray</p><h3 class="chakra-heading css-6qrhwc" id="21004964_EA" data-testid="product-title">Cran-Pineapple Diet Low Calorie Beverage</h3><p class="chakra-text css-1yftjin" data-testid="product-package-size">1.89 l, $0.24/100ml</p></div></a><div class="css-8keand"></div></div><div class="css-1q5omjq"><div class="css-fcebb8"><div data-testid="atc-compact" class="css-y94ivq" style="width: 45px;"><button type="button" class="chakra-button css-mudsm6" data-testid="atc-button"><svg stroke="currentColor" fill="currentColor" stroke-width="0" viewBox="0 0 24 24" focusable="false" class="chakra-icon css-1g3sp7a" data-testid="btn-icon" aria-hidden="true" height="1em" width="1em" xmlns="http://www.w3.org/2000/svg"><path d="M19 13h-6v6h-2v-6H5v-2h6V5h2v6h6v2z"></path></svg><span class="css-idkz9h">Add Cran-Pineapple Diet Low Calorie Beverage to cart</span></button></div></div></div></div></div></div><div class="css-0"><div class="css-f5i5wc"><div class="chakra-linkbox css-vhnn8v"><div data-testid="product-image" class="css-16dr4ly"><img alt="PC Blue Menu Apple Juice from Concentrate  2 l, $0.17/100ml" src="https://assets.shop.loblaws.ca/products/20527580/b3/en/front/20527580_front_a06_@2.png" srcset="https://assets.shop.loblaws.ca/products/20527580/b3/en/front/20527580_front_a06_@2.png 1x, https://assets.shop.loblaws.ca/products/20527580/b3/en/front/20527580_front_a06_@2.png 2x" loading="lazy" class="chakra-image css-oguq8l" aria-hidden="true"></div><div class="css-qoklea"><div class="css-12dchmx"></div><div data-testid="price-product-tile" class="css-8atqhb"><p class="chakra-text css-0"><span class="chakra-text css-pwnbcb" data-testid="regular-price"><span class="css-idkz9h">$3.49</span>$3.49</span></p></div><a href="/apple-juice-from-concentrate/p/20527580_EA?source=nspt" class="chakra-linkbox__overlay css-1hnz6hu"><div class="css-0"><p class="chakra-text css-1ecdp9w" data-testid="product-brand">PC Blue Menu</p><h3 class="chakra-heading css-6qrhwc" id="20527580_EA" data-testid="product-title">Apple Juice from Concentrate </h3><p class="chakra-text css-1yftjin" data-testid="product-package-size">2 l, $0.17/100ml</p></div></a><div class="css-8keand"></div></div><div class="css-1q5omjq"><div class="css-fcebb8"><div data-testid="atc-compact" class="css-y94ivq" style="width: 45px;"><button type="button" class="chakra-button css-mudsm6" data-testid="atc-button"><svg stroke="currentColor" fill="currentColor" stroke-width="0" viewBox="0 0 24 24" focusable="false" class="chakra-icon css-1g3sp7a" data-testid="btn-icon" aria-hidden="true" height="1em" width="1em" xmlns="http://www.w3.org/2000/svg"><path d="M19 13h-6v6h-2v-6H5v-2h6V5h2v6h6v2z"></path></svg><span class="css-idkz9h">Add Apple Juice from Concentrate  to cart</span></button></div></div></div></div></div></div><div class="css-0"><div class="css-f5i5wc"><div class="chakra-linkbox css-vhnn8v"><div data-testid="product-image" class="css-16dr4ly"><img alt="Minute Maid 100% Orange Juice From Concentrate, 8 Pack 8x200.0 ml, $0.25/100ml" src="https://assets.shop.loblaws.ca/products/21092673/b3/en/front/21092673_front_a06_@2.png" srcset="https://assets.shop.loblaws.ca/products/21092673/b3/en/front/21092673_front_a06_@2.png 1x, https://assets.shop.loblaws.ca/products/21092673/b3/en/front/21092673_front_a06_@2.png 2x" loading="lazy" class="chakra-image css-oguq8l" aria-hidden="true"></div><div class="css-qoklea"><div class="css-12dchmx"></div><div data-testid="price-product-tile" class="css-8atqhb"><p class="chakra-text css-0"><span class="chakra-text css-pwnbcb" data-testid="regular-price"><span class="css-idkz9h">$3.99</span>$3.99</span></p></div><a href="/100-orange-juice-from-concentrate-8-pack/p/21092673_EA?source=nspt" class="chakra-linkbox__overlay css-1hnz6hu"><div class="css-0"><p class="chakra-text css-1ecdp9w" data-testid="product-brand">Minute Maid</p><h3 class="chakra-heading css-6qrhwc" id="21092673_EA" data-testid="product-title">100% Orange Juice From Concentrate, 8 Pack</h3><p class="chakra-text css-1yftjin" data-testid="product-package-size">8x200.0 ml, $0.25/100ml</p></div></a><div class="css-8keand"></div></div><div class="css-1q5omjq"><div class="css-fcebb8"><div data-testid="atc-compact" class="css-y94ivq" style="width: 45px;"><button type="button" class="chakra-button css-mudsm6" data-testid="atc-button"><svg stroke="currentColor" fill="currentColor" stroke-width="0" viewBox="0 0 24 24" focusable="false" class="chakra-icon css-1g3sp7a" data-testid="btn-icon" aria-hidden="true" height="1em" width="1em" xmlns="http://www.w3.org/2000/svg"><path d="M19 13h-6v6h-2v-6H5v-2h6V5h2v6h6v2z"></path></svg><span class="css-idkz9h">Add 100% Orange Juice From Concentrate, 8 Pack to cart</span></button></div></div></div></div></div></div><div class="css-0"><div class="css-f5i5wc"><div class="chakra-linkbox css-vhnn8v"><div data-testid="product-image" class="css-16dr4ly"><img alt="Five Alive Passionate Peach Juice, 8 Pack 8x200.0 ml, $0.25/100ml" src="https://assets.shop.loblaws.ca/products/21093557/b3/en/front/21093557_front_a06_@2.png" srcset="https://assets.shop.loblaws.ca/products/21093557/b3/en/front/21093557_front_a06_@2.png 1x, https://assets.shop.loblaws.ca/products/21093557/b3/en/front/21093557_front_a06_@2.png 2x" loading="lazy" class="chakra-image css-oguq8l" aria-hidden="true"></div><div class="css-qoklea"><div class="css-12dchmx"></div><div data-testid="price-product-tile" class="css-8atqhb"><p class="chakra-text css-0"><span class="chakra-text css-pwnbcb" data-testid="regular-price"><span class="css-idkz9h">$3.99</span>$3.99</span></p></div><a href="/passionate-peach-juice-8-pack/p/21093557_EA?source=nspt" class="chakra-linkbox__overlay css-1hnz6hu"><div class="css-0"><p class="chakra-text css-1ecdp9w" data-testid="product-brand">Five Alive</p><h3 class="chakra-heading css-6qrhwc" id="21093557_EA" data-testid="product-title">Passionate Peach Juice, 8 Pack</h3><p class="chakra-text css-1yftjin" data-testid="product-package-size">8x200.0 ml, $0.25/100ml</p></div></a><div class="css-8keand"></div></div><div class="css-1q5omjq"><div class="css-fcebb8"><div data-testid="atc-compact" class="css-y94ivq" style="width: 45px;"><button type="button" class="chakra-button css-mudsm6" data-testid="atc-button"><svg stroke="currentColor" fill="currentColor" stroke-width="0" viewBox="0 0 24 24" focusable="false" class="chakra-icon css-1g3sp7a" data-testid="btn-icon" aria-hidden="true" height="1em" width="1em" xmlns="http://www.w3.org/2000/svg"><path d="M19 13h-6v6h-2v-6H5v-2h6V5h2v6h6v2z"></path></svg><span class="css-idkz9h">Add Passionate Peach Juice, 8 Pack to cart</span></button></div></div></div></div></div></div><div class="css-0"><div class="css-f5i5wc"><div class="chakra-linkbox css-vhnn8v"><div data-testid="product-image" class="css-16dr4ly"><img alt="Mott's Clamato, Original     945 ml, $0.32/100ml" src="https://assets.shop.loblaws.ca/products/20047179001/b3/en/front/20047179001_front_a06_@2.png" srcset="https://assets.shop.loblaws.ca/products/20047179001/b3/en/front/20047179001_front_a06_@2.png 1x, https://assets.shop.loblaws.ca/products/20047179001/b3/en/front/20047179001_front_a06_@2.png 2x" loading="lazy" class="chakra-image css-oguq8l" aria-hidden="true"></div><div class="css-qoklea"><div class="css-12dchmx"></div><div data-testid="price-product-tile" class="css-8atqhb"><p class="chakra-text css-0"><span class="chakra-text css-pwnbcb" data-testid="regular-price"><span class="css-idkz9h">$2.99</span>$2.99</span></p></div><a href="/clamato-original/p/20047179001_EA?source=nspt" class="chakra-linkbox__overlay css-1hnz6hu"><div class="css-0"><p class="chakra-text css-1ecdp9w" data-testid="product-brand">Mott's</p><h3 class="chakra-heading css-6qrhwc" id="20047179001_EA" data-testid="product-title">Clamato, Original    </h3><p class="chakra-text css-1yftjin" data-testid="product-package-size">945 ml, $0.32/100ml</p></div></a><div class="css-8keand"></div></div><div class="css-1q5omjq"><div class="css-fcebb8"><div data-testid="atc-compact" class="css-y94ivq" style="width: 45px;"><button type="button" class="chakra-button css-mudsm6" data-testid="atc-button"><svg stroke="currentColor" fill="currentColor" stroke-width="0" viewBox="0 0 24 24" focusable="false" class="chakra-icon css-1g3sp7a" data-testid="btn-icon" aria-hidden="true" height="1em" width="1em" xmlns="http://www.w3.org/2000/svg"><path d="M19 13h-6v6h-2v-6H5v-2h6V5h2v6h6v2z"></path></svg><span class="css-idkz9h">Add Clamato, Original     to cart</span></button></div></div></div></div></div></div><div class="css-0"><div class="css-f5i5wc"><div class="chakra-linkbox css-vhnn8v"><div data-testid="product-image" class="css-16dr4ly"><img alt="Mott's Garden Cocktail 945 ml, $0.32/100ml" src="https://assets.shop.loblaws.ca/products/20162177002/b3/en/front/20162177002_front_a06_@2.png" srcset="https://assets.shop.loblaws.ca/products/20162177002/b3/en/front/20162177002_front_a06_@2.png 1x, https://assets.shop.loblaws.ca/products/20162177002/b3/en/front/20162177002_front_a06_@2.png 2x" loading="lazy" class="chakra-image css-oguq8l" aria-hidden="true"></div><div class="css-qoklea"><div class="css-12dchmx"></div><div data-testid="price-product-tile" class="css-8atqhb"><p class="chakra-text css-0"><span class="chakra-text css-pwnbcb" data-testid="regular-price"><span class="css-idkz9h">$2.99</span>$2.99</span></p></div><a href="/garden-cocktail/p/20162177002_EA?source=nspt" class="chakra-linkbox__overlay css-1hnz6hu"><div class="css-0"><p class="chakra-text css-1ecdp9w" data-testid="product-brand">Mott's</p><h3 class="chakra-heading css-6qrhwc" id="20162177002_EA" data-testid="product-title">Garden Cocktail</h3><p class="chakra-text css-1yftjin" data-testid="product-package-size">945 ml, $0.32/100ml</p></div></a><div class="css-8keand"></div></div><div class="css-1q5omjq"><div class="css-fcebb8"><div data-testid="atc-compact" class="css-y94ivq" style="width: 45px;"><button type="button" class="chakra-button css-mudsm6" data-testid="atc-button"><svg stroke="currentColor" fill="currentColor" stroke-width="0" viewBox="0 0 24 24" focusable="false" class="chakra-icon css-1g3sp7a" data-testid="btn-icon" aria-hidden="true" height="1em" width="1em" xmlns="http://www.w3.org/2000/svg"><path d="M19 13h-6v6h-2v-6H5v-2h6V5h2v6h6v2z"></path></svg><span class="css-idkz9h">Add Garden Cocktail to cart</span></button></div></div></div></div></div></div><div class="css-0"><div class="css-f5i5wc"><div class="chakra-linkbox css-vhnn8v"><div data-testid="product-image" class="css-16dr4ly"><img alt="Cool Runnings Pineapple Ginger Nectar Juice 473 ml, $0.27/100ml" src="https://assets.shop.loblaws.ca/products/20703099/b3/en/front/20703099_front_a06_@2.png" srcset="https://assets.shop.loblaws.ca/products/20703099/b3/en/front/20703099_front_a06_@2.png 1x, https://assets.shop.loblaws.ca/products/20703099/b3/en/front/20703099_front_a06_@2.png 2x" loading="lazy" class="chakra-image css-oguq8l" aria-hidden="true"></div><div class="css-qoklea"><div class="css-12dchmx"></div><div data-testid="price-product-tile" class="css-8atqhb"><p class="chakra-text css-0"><span class="chakra-text css-pwnbcb" data-testid="regular-price"><span class="css-idkz9h">$1.29</span>$1.29</span></p></div><a href="/pineapple-ginger-nectar-juice/p/20703099_EA?source=nspt" class="chakra-linkbox__overlay css-1hnz6hu"><div class="css-0"><p class="chakra-text css-1ecdp9w" data-testid="product-brand">Cool Runnings</p><h3 class="chakra-heading css-6qrhwc" id="20703099_EA" data-testid="product-title">Pineapple Ginger Nectar Juice</h3><p class="chakra-text css-1yftjin" data-testid="product-package-size">473 ml, $0.27/100ml</p></div></a><div class="css-8keand"></div></div><div class="css-1q5omjq"><div class="css-fcebb8"><div data-testid="atc-compact" class="css-y94ivq" style="width: 45px;"><button type="button" class="chakra-button css-mudsm6" data-testid="atc-button"><svg stroke="currentColor" fill="currentColor" stroke-width="0" viewBox="0 0 24 24" focusable="false" class="chakra-icon css-1g3sp7a" data-testid="btn-icon" aria-hidden="true" height="1em" width="1em" xmlns="http://www.w3.org/2000/svg"><path d="M19 13h-6v6h-2v-6H5v-2h6V5h2v6h6v2z"></path></svg><span class="css-idkz9h">Add Pineapple Ginger Nectar Juice to cart</span></button></div></div></div></div></div></div><div class="css-0"><div class="css-f5i5wc"><div class="chakra-linkbox css-vhnn8v"><div data-testid="product-image" class="css-16dr4ly"><img alt="Gina Mango Nectar 240 ml, $0.62/100ml" src="https://assets.shop.loblaws.ca/products/20314860001/b3/en/front/20314860001_front_a06_@2.png" srcset="https://assets.shop.loblaws.ca/products/20314860001/b3/en/front/20314860001_front_a06_@2.png 1x, https://assets.shop.loblaws.ca/products/20314860001/b3/en/front/20314860001_front_a06_@2.png 2x" loading="lazy" class="chakra-image css-oguq8l" aria-hidden="true"></div><div class="css-qoklea"><div class="css-12dchmx"></div><div data-testid="price-product-tile" class="css-8atqhb"><p class="chakra-text css-0"><span class="chakra-text css-pwnbcb" data-testid="regular-price"><span class="css-idkz9h">$1.49</span>$1.49</span></p></div><a href="/mango-nectar/p/20314860001_EA?source=nspt" class="chakra-linkbox__overlay css-1hnz6hu"><div class="css-0"><p class="chakra-text css-1ecdp9w" data-testid="product-brand">Gina</p><h3 class="chakra-heading css-6qrhwc" id="20314860001_EA" data-testid="product-title">Mango Nectar</h3><p class="chakra-text css-1yftjin" data-testid="product-package-size">240 ml, $0.62/100ml</p></div></a><div class="css-8keand"></div></div><div class="css-1q5omjq"><div class="css-fcebb8"><div data-testid="atc-compact" class="css-y94ivq" style="width: 45px;"><button type="button" class="chakra-button css-mudsm6" data-testid="atc-button"><svg stroke="currentColor" fill="currentColor" stroke-width="0" viewBox="0 0 24 24" focusable="false" class="chakra-icon css-1g3sp7a" data-testid="btn-icon" aria-hidden="true" height="1em" width="1em" xmlns="http://www.w3.org/2000/svg"><path d="M19 13h-6v6h-2v-6H5v-2h6V5h2v6h6v2z"></path></svg><span class="css-idkz9h">Add Mango Nectar to cart</span></button></div></div></div></div></div></div><div class="css-0"><div class="css-f5i5wc"><div class="chakra-linkbox css-vhnn8v"><div data-testid="product-image" class="css-16dr4ly"><img alt="Allen's 35% Less Sugar Apple Juice Beverage 1.89 l, $0.18/100ml" src="https://assets.shop.loblaws.ca/products/21083818/b3/en/front/21083818_front_a06_@2.png" srcset="https://assets.shop.loblaws.ca/products/21083818/b3/en/front/21083818_front_a06_@2.png 1x, https://assets.shop.loblaws.ca/products/21083818/b3/en/front/21083818_front_a06_@2.png 2x" loading="lazy" class="chakra-image css-oguq8l" aria-hidden="true"></div><div class="css-qoklea"><div class="css-12dchmx"></div><div data-testid="price-product-tile" class="css-8atqhb"><p class="chakra-text css-0"><span class="chakra-text css-pwnbcb" data-testid="regular-price"><span class="css-idkz9h">$3.49</span>$3.49</span></p></div><a href="/35-less-sugar-apple-juice-beverage/p/21083818_EA?source=nspt" class="chakra-linkbox__overlay css-1hnz6hu"><div class="css-0"><p class="chakra-text css-1ecdp9w" data-testid="product-brand">Allen's</p><h3 class="chakra-heading css-6qrhwc" id="21083818_EA" data-testid="product-title">35% Less Sugar Apple Juice Beverage</h3><p class="chakra-text css-1yftjin" data-testid="product-package-size">1.89 l, $0.18/100ml</p></div></a><div class="css-8keand"></div></div><div class="css-1q5omjq"><div class="css-fcebb8"><div data-testid="atc-compact" class="css-y94ivq" style="width: 45px;"><button type="button" class="chakra-button css-mudsm6" data-testid="atc-button"><svg stroke="currentColor" fill="currentColor" stroke-width="0" viewBox="0 0 24 24" focusable="false" class="chakra-icon css-1g3sp7a" data-testid="btn-icon" aria-hidden="true" height="1em" width="1em" xmlns="http://www.w3.org/2000/svg"><path d="M19 13h-6v6h-2v-6H5v-2h6V5h2v6h6v2z"></path></svg><span class="css-idkz9h">Add 35% Less Sugar Apple Juice Beverage to cart</span></button></div></div></div></div></div></div><div class="css-0"><div class="css-f5i5wc"><div class="chakra-linkbox css-vhnn8v"><div data-testid="product-image" class="css-16dr4ly"><img alt="Fruite Beverage With Vitamin C Orange 1.54 l, $0.21/100ml" src="https://assets.shop.loblaws.ca/products/21595841/b3/en/front/21595841_front_a06_@2.png" srcset="https://assets.shop.loblaws.ca/products/21595841/b3/en/front/21595841_front_a06_@2.png 1x, https://assets.shop.loblaws.ca/products/21595841/b3/en/front/21595841_front_a06_@2.png 2x" loading="lazy" class="chakra-image css-oguq8l" aria-hidden="true"></div><div class="css-qoklea"><div class="css-12dchmx"></div><div data-testid="price-product-tile" class="css-8atqhb"><p class="chakra-text css-0"><span class="chakra-text css-pwnbcb" data-testid="regular-price"><span class="css-idkz9h">$3.29</span>$3.29</span></p></div><a href="/beverage-with-vitamin-c-orange/p/21595841_EA?source=nspt" class="chakra-linkbox__overlay css-1hnz6hu"><div class="css-0"><p class="chakra-text css-1ecdp9w" data-testid="product-brand">Fruite</p><h3 class="chakra-heading css-6qrhwc" id="21595841_EA" data-testid="product-title">Beverage With Vitamin C Orange</h3><p class="chakra-text css-1yftjin" data-testid="product-package-size">1.54 l, $0.21/100ml</p></div></a><div class="css-8keand"><p class="chakra-text css-wytexo" data-testid="product-pco-badge">300 PC Optimum Points</p></div></div><div class="css-1q5omjq"><div class="css-fcebb8"><div data-testid="atc-compact" class="css-y94ivq" style="width: 45px;"><button type="button" class="chakra-button css-mudsm6" data-testid="atc-button"><svg stroke="currentColor" fill="currentColor" stroke-width="0" viewBox="0 0 24 24" focusable="false" class="chakra-icon css-1g3sp7a" data-testid="btn-icon" aria-hidden="true" height="1em" width="1em" xmlns="http://www.w3.org/2000/svg"><path d="M19 13h-6v6h-2v-6H5v-2h6V5h2v6h6v2z"></path></svg><span class="css-idkz9h">Add Beverage With Vitamin C Orange to cart</span></button></div></div></div></div></div></div><div class="css-0"><div class="css-f5i5wc"><div class="chakra-linkbox css-vhnn8v"><div data-testid="product-image" class="css-16dr4ly"><img alt="Fruite Grape Drink 1.54 l, $0.21/100ml" src="https://assets.shop.loblaws.ca/products/21595842/b3/en/front/21595842_front_a06_@2.png" srcset="https://assets.shop.loblaws.ca/products/21595842/b3/en/front/21595842_front_a06_@2.png 1x, https://assets.shop.loblaws.ca/products/21595842/b3/en/front/21595842_front_a06_@2.png 2x" loading="lazy" class="chakra-image css-oguq8l" aria-hidden="true"></div><div class="css-qoklea"><div class="css-12dchmx"><div class="chakra-badge css-34x0wr" data-testid="product-badge"><div class="css-u4p24i">New</div></div></div><div data-testid="price-product-tile" class="css-8atqhb"><p class="chakra-text css-0"><span class="chakra-text css-pwnbcb" data-testid="regular-price"><span class="css-idkz9h">$3.29</span>$3.29</span></p></div><a href="/grape-drink/p/21595842_EA?source=nspt" class="chakra-linkbox__overlay css-1hnz6hu"><div class="css-0"><p class="chakra-text css-1ecdp9w" data-testid="product-brand">Fruite</p><h3 class="chakra-heading css-6qrhwc" id="21595842_EA" data-testid="product-title">Grape Drink</h3><p class="chakra-text css-1yftjin" data-testid="product-package-size">1.54 l, $0.21/100ml</p></div></a><div class="css-8keand"><p class="chakra-text css-wytexo" data-testid="product-pco-badge">300 PC Optimum Points</p></div></div><div class="css-1q5omjq"><div class="css-fcebb8"><div data-testid="atc-compact" class="css-y94ivq" style="width: 45px;"><button type="button" class="chakra-button css-mudsm6" data-testid="atc-button"><svg stroke="currentColor" fill="currentColor" stroke-width="0" viewBox="0 0 24 24" focusable="false" class="chakra-icon css-1g3sp7a" data-testid="btn-icon" aria-hidden="true" height="1em" width="1em" xmlns="http://www.w3.org/2000/svg"><path d="M19 13h-6v6h-2v-6H5v-2h6V5h2v6h6v2z"></path></svg><span class="css-idkz9h">Add Grape Drink to cart</span></button></div></div></div></div></div></div><div class="css-0"><div class="css-f5i5wc"><div class="chakra-linkbox css-vhnn8v"><div data-testid="product-image" class="css-16dr4ly"><img alt="President's Choice Pure Pressed Pineapple Juice 1.75 l, $0.31/100ml" src="https://assets.shop.loblaws.ca/products/20321130/b3/en/front/20321130_front_a06_@2.png" srcset="https://assets.shop.loblaws.ca/products/20321130/b3/en/front/20321130_front_a06_@2.png 1x, https://assets.shop.loblaws.ca/products/20321130/b3/en/front/20321130_front_a06_@2.png 2x" loading="lazy" class="chakra-image css-oguq8l" aria-hidden="true"></div><div class="css-qoklea"><div class="css-12dchmx"></div><div data-testid="price-product-tile" class="css-8atqhb"><p class="chakra-text css-0"><span class="chakra-text css-pwnbcb" data-testid="regular-price"><span class="css-idkz9h">$5.49</span>$5.49</span></p></div><a href="/pure-pressed-pineapple-juice/p/20321130_EA?source=nspt" class="chakra-linkbox__overlay css-1hnz6hu"><div class="css-0"><p class="chakra-text css-1ecdp9w" data-testid="product-brand">President's Choice</p><h3 class="chakra-heading css-6qrhwc" id="20321130_EA" data-testid="product-title">Pure Pressed Pineapple Juice</h3><p class="chakra-text css-1yftjin" data-testid="product-package-size">1.75 l, $0.31/100ml</p></div></a><div class="css-8keand"></div></div><div class="css-1q5omjq"><div class="css-fcebb8"><div data-testid="atc-compact" class="css-y94ivq" style="width: 45px;"><button type="button" class="chakra-button css-mudsm6" data-testid="atc-button"><svg stroke="currentColor" fill="currentColor" stroke-width="0" viewBox="0 0 24 24" focusable="false" class="chakra-icon css-1g3sp7a" data-testid="btn-icon" aria-hidden="true" height="1em" width="1em" xmlns="http://www.w3.org/2000/svg"><path d="M19 13h-6v6h-2v-6H5v-2h6V5h2v6h6v2z"></path></svg><span class="css-idkz9h">Add Pure Pressed Pineapple Juice to cart</span></button></div></div></div></div></div></div><div class="css-0"><div class="css-f5i5wc"><div class="chakra-linkbox css-vhnn8v"><div data-testid="product-image" class="css-16dr4ly"><img alt="No Name Grape Drink 2 l, $0.10/100ml" src="https://assets.shop.loblaws.ca/products/20320439004/b3/en/front/20320439004_front_a06_@2.png" srcset="https://assets.shop.loblaws.ca/products/20320439004/b3/en/front/20320439004_front_a06_@2.png 1x, https://assets.shop.loblaws.ca/products/20320439004/b3/en/front/20320439004_front_a06_@2.png 2x" loading="lazy" class="chakra-image css-oguq8l" aria-hidden="true"></div><div class="css-qoklea"><div class="css-12dchmx"></div><div data-testid="price-product-tile" class="css-8atqhb"><p class="chakra-text css-0"><span class="chakra-text css-pwnbcb" data-testid="regular-price"><span class="css-idkz9h">$2.00</span>$2.00</span></p></div><a href="/grape-drink/p/20320439004_EA?source=nspt" class="chakra-linkbox__overlay css-1hnz6hu"><div class="css-0"><p class="chakra-text css-1ecdp9w" data-testid="product-brand">No Name</p><h3 class="chakra-heading css-6qrhwc" id="20320439004_EA" data-testid="product-title">Grape Drink</h3><p class="chakra-text css-1yftjin" data-testid="product-package-size">2 l, $0.10/100ml</p></div></a><div class="css-8keand"></div></div><div class="css-1q5omjq"><div class="css-fcebb8"><div data-testid="atc-compact" class="css-y94ivq" style="width: 45px;"><button type="button" class="chakra-button css-mudsm6" data-testid="atc-button"><svg stroke="currentColor" fill="currentColor" stroke-width="0" viewBox="0 0 24 24" focusable="false" class="chakra-icon css-1g3sp7a" data-testid="btn-icon" aria-hidden="true" height="1em" width="1em" xmlns="http://www.w3.org/2000/svg"><path d="M19 13h-6v6h-2v-6H5v-2h6V5h2v6h6v2z"></path></svg><span class="css-idkz9h">Add Grape Drink to cart</span></button></div></div></div></div></div></div><div class="css-0"><div class="css-f5i5wc"><div class="chakra-linkbox css-vhnn8v"><div data-testid="product-image" class="css-16dr4ly"><img alt="No Name Apple Juice 1.75 l, $0.23/100ml" src="https://assets.shop.loblaws.ca/products/20311281/b3/en/front/20311281_front_a06_@2.png" srcset="https://assets.shop.loblaws.ca/products/20311281/b3/en/front/20311281_front_a06_@2.png 1x, https://assets.shop.loblaws.ca/products/20311281/b3/en/front/20311281_front_a06_@2.png 2x" loading="lazy" class="chakra-image css-oguq8l" aria-hidden="true"></div><div class="css-qoklea"><div class="css-12dchmx"></div><div data-testid="price-product-tile" class="css-8atqhb"><p class="chakra-text css-0"><span class="chakra-text css-pwnbcb" data-testid="regular-price"><span class="css-idkz9h">$3.99</span>$3.99</span></p></div><a href="/apple-juice/p/20311281_EA?source=nspt" class="chakra-linkbox__overlay css-1hnz6hu"><div class="css-0"><p class="chakra-text css-1ecdp9w" data-testid="product-brand">No Name</p><h3 class="chakra-heading css-6qrhwc" id="20311281_EA" data-testid="product-title">Apple Juice</h3><p class="chakra-text css-1yftjin" data-testid="product-package-size">1.75 l, $0.23/100ml</p></div></a><div class="css-8keand"></div></div><div class="css-1q5omjq"><div class="css-fcebb8"><div data-testid="atc-compact" class="css-y94ivq" style="width: 45px;"><button type="button" class="chakra-button css-mudsm6" data-testid="atc-button"><svg stroke="currentColor" fill="currentColor" stroke-width="0" viewBox="0 0 24 24" focusable="false" class="chakra-icon css-1g3sp7a" data-testid="btn-icon" aria-hidden="true" height="1em" width="1em" xmlns="http://www.w3.org/2000/svg"><path d="M19 13h-6v6h-2v-6H5v-2h6V5h2v6h6v2z"></path></svg><span class="css-idkz9h">Add Apple Juice to cart</span></button></div></div></div></div></div></div><div class="css-0"><div class="css-f5i5wc"><div class="chakra-linkbox css-vhnn8v"><div data-testid="product-image" class="css-16dr4ly"><img alt="Kang Shi Fu Green Tea Drink Honey Jasmine Flavour 500 ml, $0.40/100ml" src="https://assets.shop.loblaws.ca/products/21528495/b3/en/front/21528495_front_a06_@2.png" srcset="https://assets.shop.loblaws.ca/products/21528495/b3/en/front/21528495_front_a06_@2.png 1x, https://assets.shop.loblaws.ca/products/21528495/b3/en/front/21528495_front_a06_@2.png 2x" loading="lazy" class="chakra-image css-oguq8l" aria-hidden="true"></div><div class="css-qoklea"><div class="css-12dchmx"></div><div data-testid="price-product-tile" class="css-8atqhb"><p class="chakra-text css-0"><span class="chakra-text css-pwnbcb" data-testid="regular-price"><span class="css-idkz9h">$1.99</span>$1.99</span></p></div><a href="/green-tea-drink-honey-jasmine-flavour/p/21528495_EA?source=nspt" class="chakra-linkbox__overlay css-1hnz6hu"><div class="css-0"><p class="chakra-text css-1ecdp9w" data-testid="product-brand">Kang Shi Fu</p><h3 class="chakra-heading css-6qrhwc" id="21528495_EA" data-testid="product-title">Green Tea Drink Honey Jasmine Flavour</h3><p class="chakra-text css-1yftjin" data-testid="product-package-size">500 ml, $0.40/100ml</p></div></a><div class="css-8keand"></div></div><div class="css-1q5omjq"><div class="css-fcebb8"><div data-testid="atc-compact" class="css-y94ivq" style="width: 45px;"><button type="button" class="chakra-button css-mudsm6" data-testid="atc-button"><svg stroke="currentColor" fill="currentColor" stroke-width="0" viewBox="0 0 24 24" focusable="false" class="chakra-icon css-1g3sp7a" data-testid="btn-icon" aria-hidden="true" height="1em" width="1em" xmlns="http://www.w3.org/2000/svg"><path d="M19 13h-6v6h-2v-6H5v-2h6V5h2v6h6v2z"></path></svg><span class="css-idkz9h">Add Green Tea Drink Honey Jasmine Flavour to cart</span></button></div></div></div></div></div></div><div class="css-0"><div class="css-f5i5wc"><div class="chakra-linkbox css-vhnn8v"><div data-testid="product-image" class="css-16dr4ly"><img alt="No Name Pink Lemonade 1.75 l, $0.17/100ml" src="https://assets.shop.loblaws.ca/products/20860007/b3/en/front/20860007_front_a06_@2.png" srcset="https://assets.shop.loblaws.ca/products/20860007/b3/en/front/20860007_front_a06_@2.png 1x, https://assets.shop.loblaws.ca/products/20860007/b3/en/front/20860007_front_a06_@2.png 2x" loading="lazy" class="chakra-image css-oguq8l" aria-hidden="true"></div><div class="css-qoklea"><div class="css-12dchmx"></div><div data-testid="price-product-tile" class="css-8atqhb"><p class="chakra-text css-0"><span class="chakra-text css-pwnbcb" data-testid="regular-price"><span class="css-idkz9h">$2.99</span>$2.99</span></p></div><a href="/pink-lemonade/p/20860007_EA?source=nspt" class="chakra-linkbox__overlay css-1hnz6hu"><div class="css-0"><p class="chakra-text css-1ecdp9w" data-testid="product-brand">No Name</p><h3 class="chakra-heading css-6qrhwc" id="20860007_EA" data-testid="product-title">Pink Lemonade</h3><p class="chakra-text css-1yftjin" data-testid="product-package-size">1.75 l, $0.17/100ml</p></div></a><div class="css-8keand"></div></div><div class="css-1q5omjq"><div class="css-fcebb8"><div data-testid="atc-compact" class="css-y94ivq" style="width: 45px;"><button type="button" class="chakra-button css-mudsm6" data-testid="atc-button"><svg stroke="currentColor" fill="currentColor" stroke-width="0" viewBox="0 0 24 24" focusable="false" class="chakra-icon css-1g3sp7a" data-testid="btn-icon" aria-hidden="true" height="1em" width="1em" xmlns="http://www.w3.org/2000/svg"><path d="M19 13h-6v6h-2v-6H5v-2h6V5h2v6h6v2z"></path></svg><span class="css-idkz9h">Add Pink Lemonade to cart</span></button></div></div></div></div></div></div><div class="css-0"><div class="css-f5i5wc"><div class="chakra-linkbox css-vhnn8v"><div data-testid="product-image" class="css-16dr4ly"><img alt="Del Monte Prune Nectar 1.36 l, $0.51/100ml" src="https://assets.shop.loblaws.ca/products/21478800/b3/en/front/21478800_front_a06_@2.png" srcset="https://assets.shop.loblaws.ca/products/21478800/b3/en/front/21478800_front_a06_@2.png 1x, https://assets.shop.loblaws.ca/products/21478800/b3/en/front/21478800_front_a06_@2.png 2x" loading="lazy" class="chakra-image css-oguq8l" aria-hidden="true"></div><div class="css-qoklea"><div class="css-12dchmx"></div><div data-testid="price-product-tile" class="css-8atqhb"><p class="chakra-text css-0"><span class="chakra-text css-pwnbcb" data-testid="regular-price"><span class="css-idkz9h">$6.99</span>$6.99</span></p></div><a href="/prune-nectar/p/21478800_EA?source=nspt" class="chakra-linkbox__overlay css-1hnz6hu"><div class="css-0"><p class="chakra-text css-1ecdp9w" data-testid="product-brand">Del Monte</p><h3 class="chakra-heading css-6qrhwc" id="21478800_EA" data-testid="product-title">Prune Nectar</h3><p class="chakra-text css-1yftjin" data-testid="product-package-size">1.36 l, $0.51/100ml</p></div></a><div class="css-8keand"></div></div><div class="css-1q5omjq"><div class="css-fcebb8"><div data-testid="atc-compact" class="css-y94ivq" style="width: 45px;"><button type="button" class="chakra-button css-mudsm6" data-testid="atc-button"><svg stroke="currentColor" fill="currentColor" stroke-width="0" viewBox="0 0 24 24" focusable="false" class="chakra-icon css-1g3sp7a" data-testid="btn-icon" aria-hidden="true" height="1em" width="1em" xmlns="http://www.w3.org/2000/svg"><path d="M19 13h-6v6h-2v-6H5v-2h6V5h2v6h6v2z"></path></svg><span class="css-idkz9h">Add Prune Nectar to cart</span></button></div></div></div></div></div></div><div class="css-0"><div class="css-f5i5wc"><div class="chakra-linkbox css-vhnn8v"><div data-testid="product-image" class="css-16dr4ly"><img alt="President's Choice Cranberry Cocktail 3.78 l, $0.18/100ml" src="https://assets.shop.loblaws.ca/products/20168886001/b3/en/front/20168886001_front_a06_@2.png" srcset="https://assets.shop.loblaws.ca/products/20168886001/b3/en/front/20168886001_front_a06_@2.png 1x, https://assets.shop.loblaws.ca/products/20168886001/b3/en/front/20168886001_front_a06_@2.png 2x" loading="lazy" class="chakra-image css-oguq8l" aria-hidden="true"></div><div class="css-qoklea"><div class="css-12dchmx"></div><div data-testid="price-product-tile" class="css-8atqhb"><p class="chakra-text css-0"><span class="chakra-text css-pwnbcb" data-testid="regular-price"><span class="css-idkz9h">$6.99</span>$6.99</span></p></div><a href="/cranberry-cocktail/p/20168886001_EA?source=nspt" class="chakra-linkbox__overlay css-1hnz6hu"><div class="css-0"><p class="chakra-text css-1ecdp9w" data-testid="product-brand">President's Choice</p><h3 class="chakra-heading css-6qrhwc" id="20168886001_EA" data-testid="product-title">Cranberry Cocktail</h3><p class="chakra-text css-1yftjin" data-testid="product-package-size">3.78 l, $0.18/100ml</p></div></a><div class="css-8keand"></div></div><div class="css-1q5omjq"><div class="css-fcebb8"><div data-testid="atc-compact" class="css-y94ivq" style="width: 45px;"><button disabled="" type="button" class="chakra-button css-mudsm6" data-testid="atc-button"><svg stroke="currentColor" fill="currentColor" stroke-width="0" viewBox="0 0 24 24" focusable="false" class="chakra-icon css-1g3sp7a" data-testid="btn-icon" aria-hidden="true" height="1em" width="1em" xmlns="http://www.w3.org/2000/svg"><path d="M19 13h-6v6h-2v-6H5v-2h6V5h2v6h6v2z"></path></svg><span class="css-idkz9h">Add Cranberry Cocktail to cart</span></button></div></div><div class="css-4saf4a"><p class="chakra-text css-py8788" data-testid="inventory-badge-text">Out of Stock</p></div></div></div></div></div><div class="css-0"><div class="css-f5i5wc"><div class="chakra-linkbox css-vhnn8v"><div data-testid="product-image" class="css-16dr4ly"><img alt="President's Choice Cocktail, Cranberry Black Cherry 1.89 l, $0.16/100ml" src="https://assets.shop.loblaws.ca/products/20628589001/b3/en/front/20628589001_front_a06_@2.png" srcset="https://assets.shop.loblaws.ca/products/20628589001/b3/en/front/20628589001_front_a06_@2.png 1x, https://assets.shop.loblaws.ca/products/20628589001/b3/en/front/20628589001_front_a06_@2.png 2x" loading="lazy" class="chakra-image css-oguq8l" aria-hidden="true"></div><div class="css-qoklea"><div class="css-12dchmx"></div><div data-testid="price-product-tile" class="css-8atqhb"><p class="chakra-text css-0"><span class="chakra-text css-o93gbd" data-testid="sale-price"><span class="css-idkz9h">$2.99</span>$2.99</span><span class="chakra-text css-623q5h" data-testid="was-price"><span class="css-idkz9h">$3.49</span>$3.49</span></p><p class="chakra-text css-1m5a6y8" data-testid="price-descriptor">SAVE $0.50</p></div><a href="/cocktail-cranberry-black-cherry/p/20628589001_EA?source=nspt" class="chakra-linkbox__overlay css-1hnz6hu"><div class="css-0"><p class="chakra-text css-1ecdp9w" data-testid="product-brand">President's Choice</p><h3 class="chakra-heading css-6qrhwc" id="20628589001_EA" data-testid="product-title">Cocktail, Cranberry Black Cherry</h3><p class="chakra-text css-1yftjin" data-testid="product-package-size">1.89 l, $0.16/100ml</p></div></a><div class="css-8keand"></div></div><div class="css-1q5omjq"><div class="css-fcebb8"><div data-testid="atc-compact" class="css-y94ivq" style="width: 45px;"><button type="button" class="chakra-button css-mudsm6" data-testid="atc-button"><svg stroke="currentColor" fill="currentColor" stroke-width="0" viewBox="0 0 24 24" focusable="false" class="chakra-icon css-1g3sp7a" data-testid="btn-icon" aria-hidden="true" height="1em" width="1em" xmlns="http://www.w3.org/2000/svg"><path d="M19 13h-6v6h-2v-6H5v-2h6V5h2v6h6v2z"></path></svg><span class="css-idkz9h">Add Cocktail, Cranberry Black Cherry to cart</span></button></div></div></div></div></div></div><div class="css-0"><div class="css-f5i5wc"><div class="chakra-linkbox css-vhnn8v"><div data-testid="product-image" class="css-16dr4ly"><img alt="Fruite Raspberry Lemonade 2 l, $0.14/100ml" src="https://assets.shop.loblaws.ca/products/21518106/b3/en/front/21518106_front_a06_@2.png" srcset="https://assets.shop.loblaws.ca/products/21518106/b3/en/front/21518106_front_a06_@2.png 1x, https://assets.shop.loblaws.ca/products/21518106/b3/en/front/21518106_front_a06_@2.png 2x" loading="lazy" class="chakra-image css-oguq8l" aria-hidden="true"></div><div class="css-qoklea"><div class="css-12dchmx"></div><div data-testid="price-product-tile" class="css-8atqhb"><p class="chakra-text css-0"><span class="chakra-text css-pwnbcb" data-testid="regular-price"><span class="css-idkz9h">$2.79</span>$2.79</span></p></div><a href="/raspberry-lemonade/p/21518106_EA?source=nspt" class="chakra-linkbox__overlay css-1hnz6hu"><div class="css-0"><p class="chakra-text css-1ecdp9w" data-testid="product-brand">Fruite</p><h3 class="chakra-heading css-6qrhwc" id="21518106_EA" data-testid="product-title">Raspberry Lemonade</h3><p class="chakra-text css-1yftjin" data-testid="product-package-size">2 l, $0.14/100ml</p></div></a><div class="css-8keand"></div></div><div class="css-1q5omjq"><div class="css-fcebb8"><div data-testid="atc-compact" class="css-y94ivq" style="width: 45px;"><button type="button" class="chakra-button css-mudsm6" data-testid="atc-button"><svg stroke="currentColor" fill="currentColor" stroke-width="0" viewBox="0 0 24 24" focusable="false" class="chakra-icon css-1g3sp7a" data-testid="btn-icon" aria-hidden="true" height="1em" width="1em" xmlns="http://www.w3.org/2000/svg"><path d="M19 13h-6v6h-2v-6H5v-2h6V5h2v6h6v2z"></path></svg><span class="css-idkz9h">Add Raspberry Lemonade to cart</span></button></div></div></div></div></div></div><div class="css-0"><div class="css-f5i5wc"><div class="chakra-linkbox css-vhnn8v"><div data-testid="product-image" class="css-16dr4ly"><img alt="Ocean Spray Diet Cranberry Mango Cocktail 1.89 l, $0.24/100ml" src="https://assets.shop.loblaws.ca/products/20894889002/b3/en/front/20894889002_front_a06_@2.png" srcset="https://assets.shop.loblaws.ca/products/20894889002/b3/en/front/20894889002_front_a06_@2.png 1x, https://assets.shop.loblaws.ca/products/20894889002/b3/en/front/20894889002_front_a06_@2.png 2x" loading="lazy" class="chakra-image css-oguq8l" aria-hidden="true"></div><div class="css-qoklea"><div class="css-12dchmx"></div><div data-testid="price-product-tile" class="css-8atqhb"><p class="chakra-text css-0"><span class="chakra-text css-pwnbcb" data-testid="regular-price"><span class="css-idkz9h">$4.49</span>$4.49</span></p></div><a href="/diet-cranberry-mango-cocktail/p/20894889002_EA?source=nspt" class="chakra-linkbox__overlay css-1hnz6hu"><div class="css-0"><p class="chakra-text css-1ecdp9w" data-testid="product-brand">Ocean Spray</p><h3 class="chakra-heading css-6qrhwc" id="20894889002_EA" data-testid="product-title">Diet Cranberry Mango Cocktail</h3><p class="chakra-text css-1yftjin" data-testid="product-package-size">1.89 l, $0.24/100ml</p></div></a><div class="css-8keand"></div></div><div class="css-1q5omjq"><div class="css-fcebb8"><div data-testid="atc-compact" class="css-y94ivq" style="width: 45px;"><button type="button" class="chakra-button css-mudsm6" data-testid="atc-button"><svg stroke="currentColor" fill="currentColor" stroke-width="0" viewBox="0 0 24 24" focusable="false" class="chakra-icon css-1g3sp7a" data-testid="btn-icon" aria-hidden="true" height="1em" width="1em" xmlns="http://www.w3.org/2000/svg"><path d="M19 13h-6v6h-2v-6H5v-2h6V5h2v6h6v2z"></path></svg><span class="css-idkz9h">Add Diet Cranberry Mango Cocktail to cart</span></button></div></div></div></div></div></div><div class="css-0"><div class="css-f5i5wc"><div class="chakra-linkbox css-vhnn8v"><div data-testid="product-image" class="css-16dr4ly"><img alt="Peace Tea Sno-Berry 12x341.0 ml, $0.20/100ml" src="https://assets.shop.loblaws.ca/products/21437103/b3/en/front/21437103_front_a06_@2.png" srcset="https://assets.shop.loblaws.ca/products/21437103/b3/en/front/21437103_front_a06_@2.png 1x, https://assets.shop.loblaws.ca/products/21437103/b3/en/front/21437103_front_a06_@2.png 2x" loading="lazy" class="chakra-image css-oguq8l" aria-hidden="true"></div><div class="css-qoklea"><div class="css-12dchmx"></div><div data-testid="price-product-tile" class="css-8atqhb"><p class="chakra-text css-0"><span class="chakra-text css-pwnbcb" data-testid="regular-price"><span class="css-idkz9h">$7.99</span>$7.99</span></p></div><a href="/sno-berry/p/21437103_C12?source=nspt" class="chakra-linkbox__overlay css-1hnz6hu"><div class="css-0"><p class="chakra-text css-1ecdp9w" data-testid="product-brand">Peace Tea</p><h3 class="chakra-heading css-6qrhwc" id="21437103_C12" data-testid="product-title">Sno-Berry</h3><p class="chakra-text css-1yftjin" data-testid="product-package-size">12x341.0 ml, $0.20/100ml</p></div></a><div class="css-8keand"></div></div><div class="css-1q5omjq"><div class="css-fcebb8"><div data-testid="atc-compact" class="css-y94ivq" style="width: 45px;"><button type="button" class="chakra-button css-mudsm6" data-testid="atc-button"><svg stroke="currentColor" fill="currentColor" stroke-width="0" viewBox="0 0 24 24" focusable="false" class="chakra-icon css-1g3sp7a" data-testid="btn-icon" aria-hidden="true" height="1em" width="1em" xmlns="http://www.w3.org/2000/svg"><path d="M19 13h-6v6h-2v-6H5v-2h6V5h2v6h6v2z"></path></svg><span class="css-idkz9h">Add Sno-Berry to cart</span></button></div></div><div class="css-4saf4a"><p class="chakra-text css-py8788" data-testid="inventory-badge-text">Low Stock</p></div></div></div></div></div><div class="css-0"><div class="css-f5i5wc"><div class="chakra-linkbox css-vhnn8v"><div data-testid="product-image" class="css-16dr4ly"><img alt="Simply Lemonade 2.63 l, $0.26/100ml" src="https://assets.shop.loblaws.ca/products/21592203/b3/en/front/21592203_front_a06_@2.png" srcset="https://assets.shop.loblaws.ca/products/21592203/b3/en/front/21592203_front_a06_@2.png 1x, https://assets.shop.loblaws.ca/products/21592203/b3/en/front/21592203_front_a06_@2.png 2x" loading="lazy" class="chakra-image css-oguq8l" aria-hidden="true"></div><div class="css-qoklea"><div class="css-12dchmx"></div><div data-testid="price-product-tile" class="css-8atqhb"><p class="chakra-text css-0"><span class="chakra-text css-pwnbcb" data-testid="regular-price"><span class="css-idkz9h">$6.79</span>$6.79</span></p></div><a href="/lemonade/p/21592203_EA?source=nspt" class="chakra-linkbox__overlay css-1hnz6hu"><div class="css-0"><p class="chakra-text css-1ecdp9w" data-testid="product-brand">Simply</p><h3 class="chakra-heading css-6qrhwc" id="21592203_EA" data-testid="product-title">Lemonade</h3><p class="chakra-text css-1yftjin" data-testid="product-package-size">2.63 l, $0.26/100ml</p></div></a><div class="css-8keand"></div></div><div class="css-1q5omjq"><div class="css-fcebb8"><div data-testid="atc-compact" class="css-y94ivq" style="width: 45px;"><button type="button" class="chakra-button css-mudsm6" data-testid="atc-button"><svg stroke="currentColor" fill="currentColor" stroke-width="0" viewBox="0 0 24 24" focusable="false" class="chakra-icon css-1g3sp7a" data-testid="btn-icon" aria-hidden="true" height="1em" width="1em" xmlns="http://www.w3.org/2000/svg"><path d="M19 13h-6v6h-2v-6H5v-2h6V5h2v6h6v2z"></path></svg><span class="css-idkz9h">Add Lemonade to cart</span></button></div></div></div></div></div></div><div class="css-0"><div class="css-f5i5wc"><div class="chakra-linkbox css-vhnn8v"><div data-testid="product-image" class="css-16dr4ly"><img alt="Tropicana Pure Premium Apple Juice 1.75 l, $0.31/100ml" src="https://assets.shop.loblaws.ca/products/20190053/b3/en/front/20190053_front_a06_@2.png" srcset="https://assets.shop.loblaws.ca/products/20190053/b3/en/front/20190053_front_a06_@2.png 1x, https://assets.shop.loblaws.ca/products/20190053/b3/en/front/20190053_front_a06_@2.png 2x" loading="lazy" class="chakra-image css-oguq8l" aria-hidden="true"></div><div class="css-qoklea"><div class="css-12dchmx"></div><div data-testid="price-product-tile" class="css-8atqhb"><p class="chakra-text css-0"><span class="chakra-text css-o93gbd" data-testid="sale-price"><span class="css-idkz9h">$5.49</span>$5.49</span><span class="chakra-text css-623q5h" data-testid="was-price"><span class="css-idkz9h">$5.79</span>$5.79</span></p><p class="chakra-text css-1m5a6y8" data-testid="price-descriptor">SAVE $0.30</p></div><a href="/pure-premium-apple-juice/p/20190053_EA?source=nspt" class="chakra-linkbox__overlay css-1hnz6hu"><div class="css-0"><p class="chakra-text css-1ecdp9w" data-testid="product-brand">Tropicana</p><h3 class="chakra-heading css-6qrhwc" id="20190053_EA" data-testid="product-title">Pure Premium Apple Juice</h3><p class="chakra-text css-1yftjin" data-testid="product-package-size">1.75 l, $0.31/100ml</p></div></a><div class="css-8keand"></div></div><div class="css-1q5omjq"><div class="css-fcebb8"><div data-testid="atc-compact" class="css-y94ivq" style="width: 45px;"><button type="button" class="chakra-button css-mudsm6" data-testid="atc-button"><svg stroke="currentColor" fill="currentColor" stroke-width="0" viewBox="0 0 24 24" focusable="false" class="chakra-icon css-1g3sp7a" data-testid="btn-icon" aria-hidden="true" height="1em" width="1em" xmlns="http://www.w3.org/2000/svg"><path d="M19 13h-6v6h-2v-6H5v-2h6V5h2v6h6v2z"></path></svg><span class="css-idkz9h">Add Pure Premium Apple Juice to cart</span></button></div></div></div></div></div></div><div class="css-0"><div class="css-f5i5wc"><div class="chakra-linkbox css-vhnn8v"><div data-testid="product-image" class="css-16dr4ly"><img alt="Del Monte 100% Juice Morning Sunshine Orange With Pulp 2.5 l, $0.24/100ml" src="https://assets.shop.loblaws.ca/products/21595698/b3/en/front/21595698_front_a06_@2.png" srcset="https://assets.shop.loblaws.ca/products/21595698/b3/en/front/21595698_front_a06_@2.png 1x, https://assets.shop.loblaws.ca/products/21595698/b3/en/front/21595698_front_a06_@2.png 2x" loading="lazy" class="chakra-image css-oguq8l" aria-hidden="true"></div><div class="css-qoklea"><div class="css-12dchmx"></div><div data-testid="price-product-tile" class="css-8atqhb"><p class="chakra-text css-0"><span class="chakra-text css-pwnbcb" data-testid="regular-price"><span class="css-idkz9h">$5.99</span>$5.99</span></p></div><a href="/100-juice-morning-sunshine-orange-with-pulp/p/21595698_EA?source=nspt" class="chakra-linkbox__overlay css-1hnz6hu"><div class="css-0"><p class="chakra-text css-1ecdp9w" data-testid="product-brand">Del Monte</p><h3 class="chakra-heading css-6qrhwc" id="21595698_EA" data-testid="product-title">100% Juice Morning Sunshine Orange With Pulp</h3><p class="chakra-text css-1yftjin" data-testid="product-package-size">2.5 l, $0.24/100ml</p></div></a><div class="css-8keand"></div></div><div class="css-1q5omjq"><div class="css-fcebb8"><div data-testid="atc-compact" class="css-y94ivq" style="width: 45px;"><button type="button" class="chakra-button css-mudsm6" data-testid="atc-button"><svg stroke="currentColor" fill="currentColor" stroke-width="0" viewBox="0 0 24 24" focusable="false" class="chakra-icon css-1g3sp7a" data-testid="btn-icon" aria-hidden="true" height="1em" width="1em" xmlns="http://www.w3.org/2000/svg"><path d="M19 13h-6v6h-2v-6H5v-2h6V5h2v6h6v2z"></path></svg><span class="css-idkz9h">Add 100% Juice Morning Sunshine Orange With Pulp to cart</span></button></div></div></div></div></div></div><div class="css-0"><div class="css-f5i5wc"><div class="chakra-linkbox css-vhnn8v"><div data-testid="product-image" class="css-16dr4ly"><img alt="Ocean Spray Cranberry Lemonade Cocktail 1.89 l, $0.24/100ml" src="https://assets.shop.loblaws.ca/products/20702319/b3/en/front/20702319_front_a06_@2.png" srcset="https://assets.shop.loblaws.ca/products/20702319/b3/en/front/20702319_front_a06_@2.png 1x, https://assets.shop.loblaws.ca/products/20702319/b3/en/front/20702319_front_a06_@2.png 2x" loading="lazy" class="chakra-image css-oguq8l" aria-hidden="true"></div><div class="css-qoklea"><div class="css-12dchmx"></div><div data-testid="price-product-tile" class="css-8atqhb"><p class="chakra-text css-0"><span class="chakra-text css-pwnbcb" data-testid="regular-price"><span class="css-idkz9h">$4.49</span>$4.49</span></p></div><a href="/cranberry-lemonade-cocktail/p/20702319_EA?source=nspt" class="chakra-linkbox__overlay css-1hnz6hu"><div class="css-0"><p class="chakra-text css-1ecdp9w" data-testid="product-brand">Ocean Spray</p><h3 class="chakra-heading css-6qrhwc" id="20702319_EA" data-testid="product-title">Cranberry Lemonade Cocktail</h3><p class="chakra-text css-1yftjin" data-testid="product-package-size">1.89 l, $0.24/100ml</p></div></a><div class="css-8keand"></div></div><div class="css-1q5omjq"><div class="css-fcebb8"><div data-testid="atc-compact" class="css-y94ivq" style="width: 45px;"><button type="button" class="chakra-button css-mudsm6" data-testid="atc-button"><svg stroke="currentColor" fill="currentColor" stroke-width="0" viewBox="0 0 24 24" focusable="false" class="chakra-icon css-1g3sp7a" data-testid="btn-icon" aria-hidden="true" height="1em" width="1em" xmlns="http://www.w3.org/2000/svg"><path d="M19 13h-6v6h-2v-6H5v-2h6V5h2v6h6v2z"></path></svg><span class="css-idkz9h">Add Cranberry Lemonade Cocktail to cart</span></button></div></div></div></div></div></div><div class="css-0"><div class="css-f5i5wc"><div class="chakra-linkbox css-vhnn8v"><div data-testid="product-image" class="css-16dr4ly"><img alt="Duche de Longueville Sparkling Raspberry Grape Juice 750 ml, $0.64/100ml" src="https://assets.shop.loblaws.ca/products/20298554/b3/en/front/20298554_front_a06_@2.png" srcset="https://assets.shop.loblaws.ca/products/20298554/b3/en/front/20298554_front_a06_@2.png 1x, https://assets.shop.loblaws.ca/products/20298554/b3/en/front/20298554_front_a06_@2.png 2x" loading="lazy" class="chakra-image css-oguq8l" aria-hidden="true"></div><div class="css-qoklea"><div class="css-12dchmx"></div><div data-testid="price-product-tile" class="css-8atqhb"><p class="chakra-text css-0"><span class="chakra-text css-pwnbcb" data-testid="regular-price"><span class="css-idkz9h">$4.79</span>$4.79</span></p></div><a href="/sparkling-raspberry-grape-juice/p/20298554_EA?source=nspt" class="chakra-linkbox__overlay css-1hnz6hu"><div class="css-0"><p class="chakra-text css-1ecdp9w" data-testid="product-brand">Duche de Longueville</p><h3 class="chakra-heading css-6qrhwc" id="20298554_EA" data-testid="product-title">Sparkling Raspberry Grape Juice</h3><p class="chakra-text css-1yftjin" data-testid="product-package-size">750 ml, $0.64/100ml</p></div></a><div class="css-8keand"></div></div><div class="css-1q5omjq"><div class="css-fcebb8"><div data-testid="atc-compact" class="css-y94ivq" style="width: 45px;"><button type="button" class="chakra-button css-mudsm6" data-testid="atc-button"><svg stroke="currentColor" fill="currentColor" stroke-width="0" viewBox="0 0 24 24" focusable="false" class="chakra-icon css-1g3sp7a" data-testid="btn-icon" aria-hidden="true" height="1em" width="1em" xmlns="http://www.w3.org/2000/svg"><path d="M19 13h-6v6h-2v-6H5v-2h6V5h2v6h6v2z"></path></svg><span class="css-idkz9h">Add Sparkling Raspberry Grape Juice to cart</span></button></div></div></div></div></div></div><div class="css-0"><div class="css-f5i5wc"><div class="chakra-linkbox css-vhnn8v"><div data-testid="product-image" class="css-16dr4ly"><img alt="Tropicana Orange Juice No Pulp&nbsp; 1.54 l, $0.37/100ml" src="https://assets.shop.loblaws.ca/products/21209836/b3/en/front/21209836_front_a06_@2.png" srcset="https://assets.shop.loblaws.ca/products/21209836/b3/en/front/21209836_front_a06_@2.png 1x, https://assets.shop.loblaws.ca/products/21209836/b3/en/front/21209836_front_a06_@2.png 2x" loading="lazy" class="chakra-image css-oguq8l" aria-hidden="true"></div><div class="css-qoklea"><div class="css-12dchmx"></div><div data-testid="price-product-tile" class="css-8atqhb"><p class="chakra-text css-0"><span class="chakra-text css-pwnbcb" data-testid="regular-price"><span class="css-idkz9h">$5.69</span>$5.69</span></p></div><a href="/orange-juice-no-pulp/p/21209836_EA?source=nspt" class="chakra-linkbox__overlay css-1hnz6hu"><div class="css-0"><p class="chakra-text css-1ecdp9w" data-testid="product-brand">Tropicana</p><h3 class="chakra-heading css-6qrhwc" id="21209836_EA" data-testid="product-title">Orange Juice No Pulp&nbsp;</h3><p class="chakra-text css-1yftjin" data-testid="product-package-size">1.54 l, $0.37/100ml</p></div></a><div class="css-8keand"></div></div><div class="css-1q5omjq"><div class="css-fcebb8"><div data-testid="atc-compact" class="css-y94ivq" style="width: 45px;"><button type="button" class="chakra-button css-mudsm6" data-testid="atc-button"><svg stroke="currentColor" fill="currentColor" stroke-width="0" viewBox="0 0 24 24" focusable="false" class="chakra-icon css-1g3sp7a" data-testid="btn-icon" aria-hidden="true" height="1em" width="1em" xmlns="http://www.w3.org/2000/svg"><path d="M19 13h-6v6h-2v-6H5v-2h6V5h2v6h6v2z"></path></svg><span class="css-idkz9h">Add Orange Juice No Pulp&nbsp; to cart</span></button></div></div></div></div></div></div><div class="css-0"><div class="css-f5i5wc"><div class="chakra-linkbox css-vhnn8v"><div data-testid="product-image" class="css-16dr4ly"><img alt="Simply Real Fruit Beverage With Mango Pineapple 1.54 l, $0.29/100ml" src="https://assets.shop.loblaws.ca/products/21592206/b3/en/front/21592206_front_a06_@2.png" srcset="https://assets.shop.loblaws.ca/products/21592206/b3/en/front/21592206_front_a06_@2.png 1x, https://assets.shop.loblaws.ca/products/21592206/b3/en/front/21592206_front_a06_@2.png 2x" loading="lazy" class="chakra-image css-oguq8l" aria-hidden="true"></div><div class="css-qoklea"><div class="css-12dchmx"><div class="chakra-badge css-34x0wr" data-testid="product-badge"><div class="css-u4p24i">New</div></div></div><div data-testid="price-product-tile" class="css-8atqhb"><p class="chakra-text css-0"><span class="chakra-text css-o93gbd" data-testid="sale-price"><span class="css-idkz9h">$4.49</span>$4.49</span><span class="chakra-text css-623q5h" data-testid="was-price"><span class="css-idkz9h">$4.99</span>$4.99</span></p><p class="chakra-text css-1m5a6y8" data-testid="price-descriptor">SAVE $0.50</p></div><a href="/real-fruit-beverage-with-mango-pineapple/p/21592206_EA?source=nspt" class="chakra-linkbox__overlay css-1hnz6hu"><div class="css-0"><p class="chakra-text css-1ecdp9w" data-testid="product-brand">Simply</p><h3 class="chakra-heading css-6qrhwc" id="21592206_EA" data-testid="product-title">Real Fruit Beverage With Mango Pineapple</h3><p class="chakra-text css-1yftjin" data-testid="product-package-size">1.54 l, $0.29/100ml</p></div></a><div class="css-8keand"></div></div><div class="css-1q5omjq"><div class="css-fcebb8"><div data-testid="atc-compact" class="css-y94ivq" style="width: 45px;"><button type="button" class="chakra-button css-mudsm6" data-testid="atc-button"><svg stroke="currentColor" fill="currentColor" stroke-width="0" viewBox="0 0 24 24" focusable="false" class="chakra-icon css-1g3sp7a" data-testid="btn-icon" aria-hidden="true" height="1em" width="1em" xmlns="http://www.w3.org/2000/svg"><path d="M19 13h-6v6h-2v-6H5v-2h6V5h2v6h6v2z"></path></svg><span class="css-idkz9h">Add Real Fruit Beverage With Mango Pineapple to cart</span></button></div></div></div></div></div></div><div class="css-0"><div class="css-f5i5wc"><div class="chakra-linkbox css-vhnn8v"><div data-testid="product-image" class="css-16dr4ly"><img alt="Ocean Spray Diet Cranberry Cocktail 3 l, $0.23/100ml" src="https://assets.shop.loblaws.ca/products/20574433002/b3/en/front/20574433002_front_a06_@2.png" srcset="https://assets.shop.loblaws.ca/products/20574433002/b3/en/front/20574433002_front_a06_@2.png 1x, https://assets.shop.loblaws.ca/products/20574433002/b3/en/front/20574433002_front_a06_@2.png 2x" loading="lazy" class="chakra-image css-oguq8l" aria-hidden="true"></div><div class="css-qoklea"><div class="css-12dchmx"></div><div data-testid="price-product-tile" class="css-8atqhb"><p class="chakra-text css-0"><span class="chakra-text css-pwnbcb" data-testid="regular-price"><span class="css-idkz9h">$6.99</span>$6.99</span></p></div><a href="/diet-cranberry-cocktail/p/20574433002_EA?source=nspt" class="chakra-linkbox__overlay css-1hnz6hu"><div class="css-0"><p class="chakra-text css-1ecdp9w" data-testid="product-brand">Ocean Spray</p><h3 class="chakra-heading css-6qrhwc" id="20574433002_EA" data-testid="product-title">Diet Cranberry Cocktail</h3><p class="chakra-text css-1yftjin" data-testid="product-package-size">3 l, $0.23/100ml</p></div></a><div class="css-8keand"></div></div><div class="css-1q5omjq"><div class="css-fcebb8"><div data-testid="atc-compact" class="css-y94ivq" style="width: 45px;"><button type="button" class="chakra-button css-mudsm6" data-testid="atc-button"><svg stroke="currentColor" fill="currentColor" stroke-width="0" viewBox="0 0 24 24" focusable="false" class="chakra-icon css-1g3sp7a" data-testid="btn-icon" aria-hidden="true" height="1em" width="1em" xmlns="http://www.w3.org/2000/svg"><path d="M19 13h-6v6h-2v-6H5v-2h6V5h2v6h6v2z"></path></svg><span class="css-idkz9h">Add Diet Cranberry Cocktail to cart</span></button></div></div></div></div></div></div></div><div data-testid="product-grid" class="css-epcqr3"><div class="css-0"><div class="css-f5i5wc"><div class="chakra-linkbox css-vhnn8v"><div data-testid="product-image" class="css-16dr4ly"><img alt="Del Monte 100% Juice Morning Sunshine Orange With Pulp 2.5 l, $0.24/100ml" src="https://assets.shop.loblaws.ca/products/21595698/b3/en/front/21595698_front_a06_@2.png" srcset="https://assets.shop.loblaws.ca/products/21595698/b3/en/front/21595698_front_a06_@2.png 1x, https://assets.shop.loblaws.ca/products/21595698/b3/en/front/21595698_front_a06_@2.png 2x" loading="lazy" class="chakra-image css-oguq8l" aria-hidden="true"></div><div class="css-qoklea"><div class="css-12dchmx"></div><div data-testid="price-product-tile" class="css-8atqhb"><p class="chakra-text css-0"><span class="chakra-text css-pwnbcb" data-testid="regular-price"><span class="css-idkz9h">$5.99</span>$5.99</span></p></div><a href="/100-juice-morning-sunshine-orange-with-pulp/p/21595698_EA?source=nspt" class="chakra-linkbox__overlay css-1hnz6hu"><div class="css-0"><p class="chakra-text css-1ecdp9w" data-testid="product-brand">Del Monte</p><h3 class="chakra-heading css-6qrhwc" id="21595698_EA" data-testid="product-title">100% Juice Morning Sunshine Orange With Pulp</h3><p class="chakra-text css-1yftjin" data-testid="product-package-size">2.5 l, $0.24/100ml</p></div></a><div class="css-8keand"></div></div><div class="css-1q5omjq"><div class="css-fcebb8"><div data-testid="atc-compact" class="css-y94ivq" style="width: 45px;"><button type="button" class="chakra-button css-mudsm6" data-testid="atc-button"><svg stroke="currentColor" fill="currentColor" stroke-width="0" viewBox="0 0 24 24" focusable="false" class="chakra-icon css-1g3sp7a" data-testid="btn-icon" aria-hidden="true" height="1em" width="1em" xmlns="http://www.w3.org/2000/svg"><path d="M19 13h-6v6h-2v-6H5v-2h6V5h2v6h6v2z"></path></svg><span class="css-idkz9h">Add 100% Juice Morning Sunshine Orange With Pulp to cart</span></button></div></div></div></div></div></div><div class="css-0"><div class="css-f5i5wc"><div class="chakra-linkbox css-vhnn8v"><div data-testid="product-image" class="css-16dr4ly"><img alt="Oasis Hydrafruit Peach Beverage 960 ml, $0.16/100ml" src="https://assets.shop.loblaws.ca/products/21518462/b3/en/front/21518462_front_a06_@2.png" srcset="https://assets.shop.loblaws.ca/products/21518462/b3/en/front/21518462_front_a06_@2.png 1x, https://assets.shop.loblaws.ca/products/21518462/b3/en/front/21518462_front_a06_@2.png 2x" loading="lazy" class="chakra-image css-oguq8l" aria-hidden="true"></div><div class="css-qoklea"><div class="css-12dchmx"></div><div data-testid="price-product-tile" class="css-8atqhb"><p class="chakra-text css-0"><span class="chakra-text css-o93gbd" data-testid="sale-price"><span class="css-idkz9h">$1.49</span>$1.49</span><span class="chakra-text css-623q5h" data-testid="was-price"><span class="css-idkz9h">$1.99</span>$1.99</span></p><p class="chakra-text css-1m5a6y8" data-testid="price-descriptor">SAVE $0.50</p></div><a href="/hydrafruit-peach-beverage/p/21518462_EA?source=nspt" class="chakra-linkbox__overlay css-1hnz6hu"><div class="css-0"><p class="chakra-text css-1ecdp9w" data-testid="product-brand">Oasis</p><h3 class="chakra-heading css-6qrhwc" id="21518462_EA" data-testid="product-title">Hydrafruit Peach Beverage</h3><p class="chakra-text css-1yftjin" data-testid="product-package-size">960 ml, $0.16/100ml</p></div></a><div class="css-8keand"></div></div><div class="css-1q5omjq"><div class="css-fcebb8"><div data-testid="atc-compact" class="css-y94ivq" style="width: 45px;"><button type="button" class="chakra-button css-mudsm6" data-testid="atc-button"><svg stroke="currentColor" fill="currentColor" stroke-width="0" viewBox="0 0 24 24" focusable="false" class="chakra-icon css-1g3sp7a" data-testid="btn-icon" aria-hidden="true" height="1em" width="1em" xmlns="http://www.w3.org/2000/svg"><path d="M19 13h-6v6h-2v-6H5v-2h6V5h2v6h6v2z"></path></svg><span class="css-idkz9h">Add Hydrafruit Peach Beverage to cart</span></button></div></div></div></div></div></div><div class="css-0"><div class="css-f5i5wc"><div class="chakra-linkbox css-vhnn8v"><div data-testid="product-image" class="css-16dr4ly"><img alt="Minute Maid Watermelon Drink 1 l, $0.20/100ml" src="https://assets.shop.loblaws.ca/products/21237977/b3/en/front/21237977_front_a06_@2.png" srcset="https://assets.shop.loblaws.ca/products/21237977/b3/en/front/21237977_front_a06_@2.png 1x, https://assets.shop.loblaws.ca/products/21237977/b3/en/front/21237977_front_a06_@2.png 2x" loading="lazy" class="chakra-image css-oguq8l" aria-hidden="true"></div><div class="css-qoklea"><div class="css-12dchmx"></div><div data-testid="price-product-tile" class="css-8atqhb"><p class="chakra-text css-0"><span class="chakra-text css-pwnbcb" data-testid="regular-price"><span class="css-idkz9h">$1.99</span>$1.99</span></p></div><a href="/watermelon-drink/p/21237977_EA?source=nspt" class="chakra-linkbox__overlay css-1hnz6hu"><div class="css-0"><p class="chakra-text css-1ecdp9w" data-testid="product-brand">Minute Maid</p><h3 class="chakra-heading css-6qrhwc" id="21237977_EA" data-testid="product-title">Watermelon Drink</h3><p class="chakra-text css-1yftjin" data-testid="product-package-size">1 l, $0.20/100ml</p></div></a><div class="css-8keand"></div></div><div class="css-1q5omjq"><div class="css-fcebb8"><div data-testid="atc-compact" class="css-y94ivq" style="width: 45px;"><button type="button" class="chakra-button css-mudsm6" data-testid="atc-button"><svg stroke="currentColor" fill="currentColor" stroke-width="0" viewBox="0 0 24 24" focusable="false" class="chakra-icon css-1g3sp7a" data-testid="btn-icon" aria-hidden="true" height="1em" width="1em" xmlns="http://www.w3.org/2000/svg"><path d="M19 13h-6v6h-2v-6H5v-2h6V5h2v6h6v2z"></path></svg><span class="css-idkz9h">Add Watermelon Drink to cart</span></button></div></div></div></div></div></div><div class="css-0"><div class="css-f5i5wc"><div class="chakra-linkbox css-vhnn8v"><div data-testid="product-image" class="css-16dr4ly"><img alt="Bolthouse Daily Greens 946 ml, $0.69/100ml" src="https://assets.shop.loblaws.ca/products/21290793/b3/en/front/21290793_front_a06_@2.png" srcset="https://assets.shop.loblaws.ca/products/21290793/b3/en/front/21290793_front_a06_@2.png 1x, https://assets.shop.loblaws.ca/products/21290793/b3/en/front/21290793_front_a06_@2.png 2x" loading="lazy" class="chakra-image css-oguq8l" aria-hidden="true"></div><div class="css-qoklea"><div class="css-12dchmx"></div><div data-testid="price-product-tile" class="css-8atqhb"><p class="chakra-text css-0"><span class="chakra-text css-pwnbcb" data-testid="regular-price"><span class="css-idkz9h">$6.49</span>$6.49</span></p></div><a href="/daily-greens/p/21290793_EA?source=nspt" class="chakra-linkbox__overlay css-1hnz6hu"><div class="css-0"><p class="chakra-text css-1ecdp9w" data-testid="product-brand">Bolthouse</p><h3 class="chakra-heading css-6qrhwc" id="21290793_EA" data-testid="product-title">Daily Greens</h3><p class="chakra-text css-1yftjin" data-testid="product-package-size">946 ml, $0.69/100ml</p></div></a><div class="css-8keand"></div></div><div class="css-1q5omjq"><div class="css-fcebb8"><div data-testid="atc-compact" class="css-y94ivq" style="width: 45px;"><button type="button" class="chakra-button css-mudsm6" data-testid="atc-button"><svg stroke="currentColor" fill="currentColor" stroke-width="0" viewBox="0 0 24 24" focusable="false" class="chakra-icon css-1g3sp7a" data-testid="btn-icon" aria-hidden="true" height="1em" width="1em" xmlns="http://www.w3.org/2000/svg"><path d="M19 13h-6v6h-2v-6H5v-2h6V5h2v6h6v2z"></path></svg><span class="css-idkz9h">Add Daily Greens to cart</span></button></div></div></div></div></div></div><div class="css-0"><div class="css-f5i5wc"><div class="chakra-linkbox css-vhnn8v"><div data-testid="product-image" class="css-16dr4ly"><img alt="Oasis Smoothie Strawberry Banana 1.6 l, $0.28/100ml" src="https://assets.shop.loblaws.ca/products/21529910/b3/en/front/21529910_front_a06_@2.png" srcset="https://assets.shop.loblaws.ca/products/21529910/b3/en/front/21529910_front_a06_@2.png 1x, https://assets.shop.loblaws.ca/products/21529910/b3/en/front/21529910_front_a06_@2.png 2x" loading="lazy" class="chakra-image css-oguq8l" aria-hidden="true"></div><div class="css-qoklea"><div class="css-12dchmx"></div><div data-testid="price-product-tile" class="css-8atqhb"><p class="chakra-text css-0"><span class="chakra-text css-pwnbcb" data-testid="regular-price"><span class="css-idkz9h">$4.49</span>$4.49</span></p></div><a href="/smoothie-strawberry-banana/p/21529910_EA?source=nspt" class="chakra-linkbox__overlay css-1hnz6hu"><div class="css-0"><p class="chakra-text css-1ecdp9w" data-testid="product-brand">Oasis</p><h3 class="chakra-heading css-6qrhwc" id="21529910_EA" data-testid="product-title">Smoothie Strawberry Banana</h3><p class="chakra-text css-1yftjin" data-testid="product-package-size">1.6 l, $0.28/100ml</p></div></a><div class="css-8keand"></div></div><div class="css-1q5omjq"><div class="css-fcebb8"><div data-testid="atc-compact" class="css-y94ivq" style="width: 45px;"><button type="button" class="chakra-button css-mudsm6" data-testid="atc-button"><svg stroke="currentColor" fill="currentColor" stroke-width="0" viewBox="0 0 24 24" focusable="false" class="chakra-icon css-1g3sp7a" data-testid="btn-icon" aria-hidden="true" height="1em" width="1em" xmlns="http://www.w3.org/2000/svg"><path d="M19 13h-6v6h-2v-6H5v-2h6V5h2v6h6v2z"></path></svg><span class="css-idkz9h">Add Smoothie Strawberry Banana to cart</span></button></div></div></div></div></div></div><div class="css-0"><div class="css-f5i5wc"><div class="chakra-linkbox css-vhnn8v"><div data-testid="product-image" class="css-16dr4ly"><img alt="Ocean Spray Cranberry Pineapple Cocktail 1.89 l, $0.24/100ml" src="https://assets.shop.loblaws.ca/products/21004750/b3/en/front/21004750_front_a06_@2.png" srcset="https://assets.shop.loblaws.ca/products/21004750/b3/en/front/21004750_front_a06_@2.png 1x, https://assets.shop.loblaws.ca/products/21004750/b3/en/front/21004750_front_a06_@2.png 2x" loading="lazy" class="chakra-image css-oguq8l" aria-hidden="true"></div><div class="css-qoklea"><div class="css-12dchmx"></div><div data-testid="price-product-tile" class="css-8atqhb"><p class="chakra-text css-0"><span class="chakra-text css-pwnbcb" data-testid="regular-price"><span class="css-idkz9h">$4.49</span>$4.49</span></p></div><a href="/cranberry-pineapple-cocktail/p/21004750_EA?source=nspt" class="chakra-linkbox__overlay css-1hnz6hu"><div class="css-0"><p class="chakra-text css-1ecdp9w" data-testid="product-brand">Ocean Spray</p><h3 class="chakra-heading css-6qrhwc" id="21004750_EA" data-testid="product-title">Cranberry Pineapple Cocktail</h3><p class="chakra-text css-1yftjin" data-testid="product-package-size">1.89 l, $0.24/100ml</p></div></a><div class="css-8keand"></div></div><div class="css-1q5omjq"><div class="css-fcebb8"><div data-testid="atc-compact" class="css-y94ivq" style="width: 45px;"><button type="button" class="chakra-button css-mudsm6" data-testid="atc-button"><svg stroke="currentColor" fill="currentColor" stroke-width="0" viewBox="0 0 24 24" focusable="false" class="chakra-icon css-1g3sp7a" data-testid="btn-icon" aria-hidden="true" height="1em" width="1em" xmlns="http://www.w3.org/2000/svg"><path d="M19 13h-6v6h-2v-6H5v-2h6V5h2v6h6v2z"></path></svg><span class="css-idkz9h">Add Cranberry Pineapple Cocktail to cart</span></button></div></div></div></div></div></div><div class="css-0"><div class="css-f5i5wc"><div class="chakra-linkbox css-vhnn8v"><div data-testid="product-image" class="css-16dr4ly"><img alt="Ocean Spray Cranberry Cocktail, Light 1.89 l, $0.24/100ml" src="https://assets.shop.loblaws.ca/products/20300006005/b3/en/front/20300006005_front_a06_@2.png" srcset="https://assets.shop.loblaws.ca/products/20300006005/b3/en/front/20300006005_front_a06_@2.png 1x, https://assets.shop.loblaws.ca/products/20300006005/b3/en/front/20300006005_front_a06_@2.png 2x" loading="lazy" class="chakra-image css-oguq8l" aria-hidden="true"></div><div class="css-qoklea"><div class="css-12dchmx"></div><div data-testid="price-product-tile" class="css-8atqhb"><p class="chakra-text css-0"><span class="chakra-text css-pwnbcb" data-testid="regular-price"><span class="css-idkz9h">$4.49</span>$4.49</span></p></div><a href="/cranberry-cocktail-light/p/20300006005_EA?source=nspt" class="chakra-linkbox__overlay css-1hnz6hu"><div class="css-0"><p class="chakra-text css-1ecdp9w" data-testid="product-brand">Ocean Spray</p><h3 class="chakra-heading css-6qrhwc" id="20300006005_EA" data-testid="product-title">Cranberry Cocktail, Light</h3><p class="chakra-text css-1yftjin" data-testid="product-package-size">1.89 l, $0.24/100ml</p></div></a><div class="css-8keand"></div></div><div class="css-1q5omjq"><div class="css-fcebb8"><div data-testid="atc-compact" class="css-y94ivq" style="width: 45px;"><button type="button" class="chakra-button css-mudsm6" data-testid="atc-button"><svg stroke="currentColor" fill="currentColor" stroke-width="0" viewBox="0 0 24 24" focusable="false" class="chakra-icon css-1g3sp7a" data-testid="btn-icon" aria-hidden="true" height="1em" width="1em" xmlns="http://www.w3.org/2000/svg"><path d="M19 13h-6v6h-2v-6H5v-2h6V5h2v6h6v2z"></path></svg><span class="css-idkz9h">Add Cranberry Cocktail, Light to cart</span></button></div></div></div></div></div></div><div class="css-0"><div class="css-f5i5wc"><div class="chakra-linkbox css-vhnn8v"><div data-testid="product-image" class="css-16dr4ly"><img alt="Greenhouse Protein Shake Chocolate Organic 300 ml, $2.00/100ml" src="https://assets.shop.loblaws.ca/products/21600669/b3/en/front/21600669_front_a06_@2.png" srcset="https://assets.shop.loblaws.ca/products/21600669/b3/en/front/21600669_front_a06_@2.png 1x, https://assets.shop.loblaws.ca/products/21600669/b3/en/front/21600669_front_a06_@2.png 2x" loading="lazy" class="chakra-image css-oguq8l" aria-hidden="true"></div><div class="css-qoklea"><div class="css-12dchmx"><div class="chakra-badge css-34x0wr" data-testid="product-badge"><div class="css-u4p24i">New</div></div></div><div data-testid="price-product-tile" class="css-8atqhb"><p class="chakra-text css-0"><span class="chakra-text css-pwnbcb" data-testid="regular-price"><span class="css-idkz9h">$5.99</span>$5.99</span></p></div><a href="/protein-shake-chocolate-organic/p/21600669_EA?source=nspt" class="chakra-linkbox__overlay css-1hnz6hu"><div class="css-0"><p class="chakra-text css-1ecdp9w" data-testid="product-brand">Greenhouse</p><h3 class="chakra-heading css-6qrhwc" id="21600669_EA" data-testid="product-title">Protein Shake Chocolate Organic</h3><p class="chakra-text css-1yftjin" data-testid="product-package-size">300 ml, $2.00/100ml</p></div></a><div class="css-8keand"></div></div><div class="css-1q5omjq"><div class="css-fcebb8"><div data-testid="atc-compact" class="css-y94ivq" style="width: 45px;"><button type="button" class="chakra-button css-mudsm6" data-testid="atc-button"><svg stroke="currentColor" fill="currentColor" stroke-width="0" viewBox="0 0 24 24" focusable="false" class="chakra-icon css-1g3sp7a" data-testid="btn-icon" aria-hidden="true" height="1em" width="1em" xmlns="http://www.w3.org/2000/svg"><path d="M19 13h-6v6h-2v-6H5v-2h6V5h2v6h6v2z"></path></svg><span class="css-idkz9h">Add Protein Shake Chocolate Organic to cart</span></button></div></div><div class="css-4saf4a"><p class="chakra-text css-py8788" data-testid="inventory-badge-text">Low Stock</p></div></div></div></div></div><div class="css-0"><div class="css-f5i5wc"><div class="chakra-linkbox css-vhnn8v"><div data-testid="product-image" class="css-16dr4ly"><img alt="Del Monte Guava-Mango&nbsp;Fruit Juice Cocktail&nbsp;Blend 2.5 l, $0.24/100ml" src="https://assets.shop.loblaws.ca/products/21437381/b3/en/front/21437381_front_a06_@2.png" srcset="https://assets.shop.loblaws.ca/products/21437381/b3/en/front/21437381_front_a06_@2.png 1x, https://assets.shop.loblaws.ca/products/21437381/b3/en/front/21437381_front_a06_@2.png 2x" loading="lazy" class="chakra-image css-oguq8l" aria-hidden="true"></div><div class="css-qoklea"><div class="css-12dchmx"></div><div data-testid="price-product-tile" class="css-8atqhb"><p class="chakra-text css-0"><span class="chakra-text css-pwnbcb" data-testid="regular-price"><span class="css-idkz9h">$5.99</span>$5.99</span></p></div><a href="/guava-mango-fruit-juice-cocktail-blend/p/21437381_EA?source=nspt" class="chakra-linkbox__overlay css-1hnz6hu"><div class="css-0"><p class="chakra-text css-1ecdp9w" data-testid="product-brand">Del Monte</p><h3 class="chakra-heading css-6qrhwc" id="21437381_EA" data-testid="product-title">Guava-Mango&nbsp;Fruit Juice Cocktail&nbsp;Blend</h3><p class="chakra-text css-1yftjin" data-testid="product-package-size">2.5 l, $0.24/100ml</p></div></a><div class="css-8keand"></div></div><div class="css-1q5omjq"><div class="css-fcebb8"><div data-testid="atc-compact" class="css-y94ivq" style="width: 45px;"><button type="button" class="chakra-button css-mudsm6" data-testid="atc-button"><svg stroke="currentColor" fill="currentColor" stroke-width="0" viewBox="0 0 24 24" focusable="false" class="chakra-icon css-1g3sp7a" data-testid="btn-icon" aria-hidden="true" height="1em" width="1em" xmlns="http://www.w3.org/2000/svg"><path d="M19 13h-6v6h-2v-6H5v-2h6V5h2v6h6v2z"></path></svg><span class="css-idkz9h">Add Guava-Mango&nbsp;Fruit Juice Cocktail&nbsp;Blend to cart</span></button></div></div></div></div></div></div><div class="css-0"><div class="css-f5i5wc"><div class="chakra-linkbox css-vhnn8v"><div data-testid="product-image" class="css-16dr4ly"><img alt="Five Alive Passionate Peach Citrus Juice 1.75 l, $0.22/100ml" src="https://assets.shop.loblaws.ca/products/20348331001/b3/en/front/20348331001_front_a06_@2.png" srcset="https://assets.shop.loblaws.ca/products/20348331001/b3/en/front/20348331001_front_a06_@2.png 1x, https://assets.shop.loblaws.ca/products/20348331001/b3/en/front/20348331001_front_a06_@2.png 2x" loading="lazy" class="chakra-image css-oguq8l" aria-hidden="true"></div><div class="css-qoklea"><div class="css-12dchmx"></div><div data-testid="price-product-tile" class="css-8atqhb"><p class="chakra-text css-0"><span class="chakra-text css-o93gbd" data-testid="sale-price"><span class="css-idkz9h">$3.79</span>$3.79</span><span class="chakra-text css-623q5h" data-testid="was-price"><span class="css-idkz9h">$3.99</span>$3.99</span></p><p class="chakra-text css-1m5a6y8" data-testid="price-descriptor">SAVE $0.20</p></div><a href="/passionate-peach-citrus-juice/p/20348331001_EA?source=nspt" class="chakra-linkbox__overlay css-1hnz6hu"><div class="css-0"><p class="chakra-text css-1ecdp9w" data-testid="product-brand">Five Alive</p><h3 class="chakra-heading css-6qrhwc" id="20348331001_EA" data-testid="product-title">Passionate Peach Citrus Juice</h3><p class="chakra-text css-1yftjin" data-testid="product-package-size">1.75 l, $0.22/100ml</p></div></a><div class="css-8keand"></div></div><div class="css-1q5omjq"><div class="css-fcebb8"><div data-testid="atc-compact" class="css-y94ivq" style="width: 45px;"><button type="button" class="chakra-button css-mudsm6" data-testid="atc-button"><svg stroke="currentColor" fill="currentColor" stroke-width="0" viewBox="0 0 24 24" focusable="false" class="chakra-icon css-1g3sp7a" data-testid="btn-icon" aria-hidden="true" height="1em" width="1em" xmlns="http://www.w3.org/2000/svg"><path d="M19 13h-6v6h-2v-6H5v-2h6V5h2v6h6v2z"></path></svg><span class="css-idkz9h">Add Passionate Peach Citrus Juice to cart</span></button></div></div></div></div></div></div><div class="css-0"><div class="css-f5i5wc"><div class="chakra-linkbox css-vhnn8v"><div data-testid="product-image" class="css-16dr4ly"><img alt="Minute Maid Grape Punch Juice Beverage, 10 Pack 10x200.0 ml, $0.20/100ml" src="https://assets.shop.loblaws.ca/products/20500372005/b3/en/front/20500372005_front_a06_@2.png" srcset="https://assets.shop.loblaws.ca/products/20500372005/b3/en/front/20500372005_front_a06_@2.png 1x, https://assets.shop.loblaws.ca/products/20500372005/b3/en/front/20500372005_front_a06_@2.png 2x" loading="lazy" class="chakra-image css-oguq8l" aria-hidden="true"></div><div class="css-qoklea"><div class="css-12dchmx"></div><div data-testid="price-product-tile" class="css-8atqhb"><p class="chakra-text css-0"><span class="chakra-text css-pwnbcb" data-testid="regular-price"><span class="css-idkz9h">$3.99</span>$3.99</span></p></div><a href="/grape-punch-juice-beverage-10-pack/p/20500372005_EA?source=nspt" class="chakra-linkbox__overlay css-1hnz6hu"><div class="css-0"><p class="chakra-text css-1ecdp9w" data-testid="product-brand">Minute Maid</p><h3 class="chakra-heading css-6qrhwc" id="20500372005_EA" data-testid="product-title">Grape Punch Juice Beverage, 10 Pack</h3><p class="chakra-text css-1yftjin" data-testid="product-package-size">10x200.0 ml, $0.20/100ml</p></div></a><div class="css-8keand"></div></div><div class="css-1q5omjq"><div class="css-fcebb8"><div data-testid="atc-compact" class="css-y94ivq" style="width: 45px;"><button type="button" class="chakra-button css-mudsm6" data-testid="atc-button"><svg stroke="currentColor" fill="currentColor" stroke-width="0" viewBox="0 0 24 24" focusable="false" class="chakra-icon css-1g3sp7a" data-testid="btn-icon" aria-hidden="true" height="1em" width="1em" xmlns="http://www.w3.org/2000/svg"><path d="M19 13h-6v6h-2v-6H5v-2h6V5h2v6h6v2z"></path></svg><span class="css-idkz9h">Add Grape Punch Juice Beverage, 10 Pack to cart</span></button></div></div></div></div></div></div><div class="css-0"><div class="css-f5i5wc"><div class="chakra-linkbox css-vhnn8v"><div data-testid="product-image" class="css-16dr4ly"><img alt="Allen's Cranberry Cocktail 1 l, $0.15/100ml" src="https://assets.shop.loblaws.ca/products/21222633/b3/en/front/21222633_front_a06_@2.png" srcset="https://assets.shop.loblaws.ca/products/21222633/b3/en/front/21222633_front_a06_@2.png 1x, https://assets.shop.loblaws.ca/products/21222633/b3/en/front/21222633_front_a06_@2.png 2x" loading="lazy" class="chakra-image css-oguq8l" aria-hidden="true"></div><div class="css-qoklea"><div class="css-12dchmx"></div><div data-testid="price-product-tile" class="css-8atqhb"><p class="chakra-text css-0"><span class="chakra-text css-pwnbcb" data-testid="regular-price"><span class="css-idkz9h">$1.49</span>$1.49</span></p></div><a href="/cranberry-cocktail/p/21222633_EA?source=nspt" class="chakra-linkbox__overlay css-1hnz6hu"><div class="css-0"><p class="chakra-text css-1ecdp9w" data-testid="product-brand">Allen's</p><h3 class="chakra-heading css-6qrhwc" id="21222633_EA" data-testid="product-title">Cranberry Cocktail</h3><p class="chakra-text css-1yftjin" data-testid="product-package-size">1 l, $0.15/100ml</p></div></a><div class="css-8keand"></div></div><div class="css-1q5omjq"><div class="css-fcebb8"><div data-testid="atc-compact" class="css-y94ivq" style="width: 45px;"><button type="button" class="chakra-button css-mudsm6" data-testid="atc-button"><svg stroke="currentColor" fill="currentColor" stroke-width="0" viewBox="0 0 24 24" focusable="false" class="chakra-icon css-1g3sp7a" data-testid="btn-icon" aria-hidden="true" height="1em" width="1em" xmlns="http://www.w3.org/2000/svg"><path d="M19 13h-6v6h-2v-6H5v-2h6V5h2v6h6v2z"></path></svg><span class="css-idkz9h">Add Cranberry Cocktail to cart</span></button></div></div></div></div></div></div><div class="css-0"><div class="css-f5i5wc"><div class="chakra-linkbox css-vhnn8v"><div data-testid="product-image" class="css-16dr4ly"><img alt="Oasis Strawberry Banana Juice Boxes 8x200.0 ml, $0.28/100ml" src="https://assets.shop.loblaws.ca/products/20315764008/b3/en/front/20315764008_front_a06_@2.png" srcset="https://assets.shop.loblaws.ca/products/20315764008/b3/en/front/20315764008_front_a06_@2.png 1x, https://assets.shop.loblaws.ca/products/20315764008/b3/en/front/20315764008_front_a06_@2.png 2x" loading="lazy" class="chakra-image css-oguq8l" aria-hidden="true"></div><div class="css-qoklea"><div class="css-12dchmx"></div><div data-testid="price-product-tile" class="css-8atqhb"><p class="chakra-text css-0"><span class="chakra-text css-pwnbcb" data-testid="regular-price"><span class="css-idkz9h">$4.49</span>$4.49</span></p></div><a href="/strawberry-banana-juice-boxes/p/20315764008_EA?source=nspt" class="chakra-linkbox__overlay css-1hnz6hu"><div class="css-0"><p class="chakra-text css-1ecdp9w" data-testid="product-brand">Oasis</p><h3 class="chakra-heading css-6qrhwc" id="20315764008_EA" data-testid="product-title">Strawberry Banana Juice Boxes</h3><p class="chakra-text css-1yftjin" data-testid="product-package-size">8x200.0 ml, $0.28/100ml</p></div></a><div class="css-8keand"></div></div><div class="css-1q5omjq"><div class="css-fcebb8"><div data-testid="atc-compact" class="css-y94ivq" style="width: 45px;"><button type="button" class="chakra-button css-mudsm6" data-testid="atc-button"><svg stroke="currentColor" fill="currentColor" stroke-width="0" viewBox="0 0 24 24" focusable="false" class="chakra-icon css-1g3sp7a" data-testid="btn-icon" aria-hidden="true" height="1em" width="1em" xmlns="http://www.w3.org/2000/svg"><path d="M19 13h-6v6h-2v-6H5v-2h6V5h2v6h6v2z"></path></svg><span class="css-idkz9h">Add Strawberry Banana Juice Boxes to cart</span></button></div></div></div></div></div></div><div class="css-0"><div class="css-f5i5wc"><div class="chakra-linkbox css-vhnn8v"><div data-testid="product-image" class="css-16dr4ly"><img alt="Minute Maid Gold Peak Iced Tea (Natural Lemon Flavour) 1.75 l, $0.26/100ml" src="https://assets.shop.loblaws.ca/products/21013891/b3/en/front/21013891_front_a06_@2.png" srcset="https://assets.shop.loblaws.ca/products/21013891/b3/en/front/21013891_front_a06_@2.png 1x, https://assets.shop.loblaws.ca/products/21013891/b3/en/front/21013891_front_a06_@2.png 2x" loading="lazy" class="chakra-image css-oguq8l" aria-hidden="true"></div><div class="css-qoklea"><div class="css-12dchmx"></div><div data-testid="price-product-tile" class="css-8atqhb"><p class="chakra-text css-0"><span class="chakra-text css-pwnbcb" data-testid="regular-price"><span class="css-idkz9h">$4.49</span>$4.49</span></p></div><a href="/gold-peak-iced-tea-natural-lemon-flavour/p/21013891_EA?source=nspt" class="chakra-linkbox__overlay css-1hnz6hu"><div class="css-0"><p class="chakra-text css-1ecdp9w" data-testid="product-brand">Minute Maid</p><h3 class="chakra-heading css-6qrhwc" id="21013891_EA" data-testid="product-title">Gold Peak Iced Tea (Natural Lemon Flavour)</h3><p class="chakra-text css-1yftjin" data-testid="product-package-size">1.75 l, $0.26/100ml</p></div></a><div class="css-8keand"></div></div><div class="css-1q5omjq"><div class="css-fcebb8"><div data-testid="atc-compact" class="css-y94ivq" style="width: 45px;"><button type="button" class="chakra-button css-mudsm6" data-testid="atc-button"><svg stroke="currentColor" fill="currentColor" stroke-width="0" viewBox="0 0 24 24" focusable="false" class="chakra-icon css-1g3sp7a" data-testid="btn-icon" aria-hidden="true" height="1em" width="1em" xmlns="http://www.w3.org/2000/svg"><path d="M19 13h-6v6h-2v-6H5v-2h6V5h2v6h6v2z"></path></svg><span class="css-idkz9h">Add Gold Peak Iced Tea (Natural Lemon Flavour) to cart</span></button></div></div></div></div></div></div><div class="css-0"><div class="css-f5i5wc"><div class="chakra-linkbox css-vhnn8v"><div data-testid="product-image" class="css-16dr4ly"><img alt="Tropicana Tropics Orange Strawberry 1.75 l, $0.26/100ml" src="https://assets.shop.loblaws.ca/products/20315635001/b3/en/front/20315635001_front_a06_@2.png" srcset="https://assets.shop.loblaws.ca/products/20315635001/b3/en/front/20315635001_front_a06_@2.png 1x, https://assets.shop.loblaws.ca/products/20315635001/b3/en/front/20315635001_front_a06_@2.png 2x" loading="lazy" class="chakra-image css-oguq8l" aria-hidden="true"></div><div class="css-qoklea"><div class="css-12dchmx"></div><div data-testid="price-product-tile" class="css-8atqhb"><p class="chakra-text css-0"><span class="chakra-text css-pwnbcb" data-testid="regular-price"><span class="css-idkz9h">$4.49</span>$4.49</span></p></div><a href="/tropics-orange-strawberry/p/20315635001_EA?source=nspt" class="chakra-linkbox__overlay css-1hnz6hu"><div class="css-0"><p class="chakra-text css-1ecdp9w" data-testid="product-brand">Tropicana</p><h3 class="chakra-heading css-6qrhwc" id="20315635001_EA" data-testid="product-title">Tropics Orange Strawberry</h3><p class="chakra-text css-1yftjin" data-testid="product-package-size">1.75 l, $0.26/100ml</p></div></a><div class="css-8keand"></div></div><div class="css-1q5omjq"><div class="css-fcebb8"><div data-testid="atc-compact" class="css-y94ivq" style="width: 45px;"><button type="button" class="chakra-button css-mudsm6" data-testid="atc-button"><svg stroke="currentColor" fill="currentColor" stroke-width="0" viewBox="0 0 24 24" focusable="false" class="chakra-icon css-1g3sp7a" data-testid="btn-icon" aria-hidden="true" height="1em" width="1em" xmlns="http://www.w3.org/2000/svg"><path d="M19 13h-6v6h-2v-6H5v-2h6V5h2v6h6v2z"></path></svg><span class="css-idkz9h">Add Tropics Orange Strawberry to cart</span></button></div></div></div></div></div></div><div class="css-0"><div class="css-f5i5wc"><div class="chakra-linkbox css-vhnn8v"><div data-testid="product-image" class="css-16dr4ly"><img alt="President's Choice Dark Roast Black Cold Brew Coffee 900 ml, $0.50/100ml" src="https://assets.shop.loblaws.ca/products/21022542/b3/en/front/21022542_front_a06_@2.png" srcset="https://assets.shop.loblaws.ca/products/21022542/b3/en/front/21022542_front_a06_@2.png 1x, https://assets.shop.loblaws.ca/products/21022542/b3/en/front/21022542_front_a06_@2.png 2x" loading="lazy" class="chakra-image css-oguq8l" aria-hidden="true"></div><div class="css-qoklea"><div class="css-12dchmx"></div><div data-testid="price-product-tile" class="css-8atqhb"><p class="chakra-text css-0"><span class="chakra-text css-pwnbcb" data-testid="regular-price"><span class="css-idkz9h">$4.49</span>$4.49</span></p></div><a href="/dark-roast-black-cold-brew-coffee/p/21022542_EA?source=nspt" class="chakra-linkbox__overlay css-1hnz6hu"><div class="css-0"><p class="chakra-text css-1ecdp9w" data-testid="product-brand">President's Choice</p><h3 class="chakra-heading css-6qrhwc" id="21022542_EA" data-testid="product-title">Dark Roast Black Cold Brew Coffee</h3><p class="chakra-text css-1yftjin" data-testid="product-package-size">900 ml, $0.50/100ml</p></div></a><div class="css-8keand"></div></div><div class="css-1q5omjq"><div class="css-fcebb8"><div data-testid="atc-compact" class="css-y94ivq" style="width: 45px;"><button type="button" class="chakra-button css-mudsm6" data-testid="atc-button"><svg stroke="currentColor" fill="currentColor" stroke-width="0" viewBox="0 0 24 24" focusable="false" class="chakra-icon css-1g3sp7a" data-testid="btn-icon" aria-hidden="true" height="1em" width="1em" xmlns="http://www.w3.org/2000/svg"><path d="M19 13h-6v6h-2v-6H5v-2h6V5h2v6h6v2z"></path></svg><span class="css-idkz9h">Add Dark Roast Black Cold Brew Coffee to cart</span></button></div></div></div></div></div></div><div class="css-0"><div class="css-f5i5wc"><div class="chakra-linkbox css-vhnn8v"><div data-testid="product-image" class="css-16dr4ly"><img alt="Bolthouse 100% Carrot 946 ml, $0.69/100ml" src="https://assets.shop.loblaws.ca/products/20164122/b3/en/front/20164122_front_a06_@2.png" srcset="https://assets.shop.loblaws.ca/products/20164122/b3/en/front/20164122_front_a06_@2.png 1x, https://assets.shop.loblaws.ca/products/20164122/b3/en/front/20164122_front_a06_@2.png 2x" loading="lazy" class="chakra-image css-oguq8l" aria-hidden="true"></div><div class="css-qoklea"><div class="css-12dchmx"></div><div data-testid="price-product-tile" class="css-8atqhb"><p class="chakra-text css-0"><span class="chakra-text css-pwnbcb" data-testid="regular-price"><span class="css-idkz9h">$6.49</span>$6.49</span></p></div><a href="/100-carrot/p/20164122_EA?source=nspt" class="chakra-linkbox__overlay css-1hnz6hu"><div class="css-0"><p class="chakra-text css-1ecdp9w" data-testid="product-brand">Bolthouse</p><h3 class="chakra-heading css-6qrhwc" id="20164122_EA" data-testid="product-title">100% Carrot</h3><p class="chakra-text css-1yftjin" data-testid="product-package-size">946 ml, $0.69/100ml</p></div></a><div class="css-8keand"></div></div><div class="css-1q5omjq"><div class="css-fcebb8"><div data-testid="atc-compact" class="css-y94ivq" style="width: 45px;"><button type="button" class="chakra-button css-mudsm6" data-testid="atc-button"><svg stroke="currentColor" fill="currentColor" stroke-width="0" viewBox="0 0 24 24" focusable="false" class="chakra-icon css-1g3sp7a" data-testid="btn-icon" aria-hidden="true" height="1em" width="1em" xmlns="http://www.w3.org/2000/svg"><path d="M19 13h-6v6h-2v-6H5v-2h6V5h2v6h6v2z"></path></svg><span class="css-idkz9h">Add 100% Carrot to cart</span></button></div></div></div></div></div></div><div class="css-0"><div class="css-f5i5wc"><div class="chakra-linkbox css-vhnn8v"><div data-testid="product-image" class="css-16dr4ly"><img alt="null Pineapple 1.5 l, $0.21/100ml" src="https://assets.shop.loblaws.ca/products/20252018003/b3/en/front/20252018003_front_a06_@2.png" srcset="https://assets.shop.loblaws.ca/products/20252018003/b3/en/front/20252018003_front_a06_@2.png 1x, https://assets.shop.loblaws.ca/products/20252018003/b3/en/front/20252018003_front_a06_@2.png 2x" loading="lazy" class="chakra-image css-oguq8l" aria-hidden="true"></div><div class="css-qoklea"><div class="css-12dchmx"></div><div data-testid="price-product-tile" class="css-8atqhb"><p class="chakra-text css-0"><span class="chakra-text css-pwnbcb" data-testid="regular-price"><span class="css-idkz9h">$3.19</span>$3.19</span></p></div><a href="/pineapple/p/20252018003_EA?source=nspt" class="chakra-linkbox__overlay css-1hnz6hu"><div class="css-0"><h3 class="chakra-heading css-6qrhwc" id="20252018003_EA" data-testid="product-title">Pineapple</h3><p class="chakra-text css-1yftjin" data-testid="product-package-size">1.5 l, $0.21/100ml</p></div></a><div class="css-8keand"></div></div><div class="css-1q5omjq"><div class="css-fcebb8"><div data-testid="atc-compact" class="css-y94ivq" style="width: 45px;"><button type="button" class="chakra-button css-mudsm6" data-testid="atc-button"><svg stroke="currentColor" fill="currentColor" stroke-width="0" viewBox="0 0 24 24" focusable="false" class="chakra-icon css-1g3sp7a" data-testid="btn-icon" aria-hidden="true" height="1em" width="1em" xmlns="http://www.w3.org/2000/svg"><path d="M19 13h-6v6h-2v-6H5v-2h6V5h2v6h6v2z"></path></svg><span class="css-idkz9h">Add Pineapple to cart</span></button></div></div></div></div></div></div><div class="css-0"><div class="css-f5i5wc"><div class="chakra-linkbox css-vhnn8v"><div data-testid="product-image" class="css-16dr4ly"><img alt="Real Lemon Single Strength Lemon Juice 945 ml, $0.37/100ml" src="https://assets.shop.loblaws.ca/products/20081313/b3/en/front/20081313_front_a06_@2.png" srcset="https://assets.shop.loblaws.ca/products/20081313/b3/en/front/20081313_front_a06_@2.png 1x, https://assets.shop.loblaws.ca/products/20081313/b3/en/front/20081313_front_a06_@2.png 2x" loading="lazy" class="chakra-image css-oguq8l" aria-hidden="true"></div><div class="css-qoklea"><div class="css-12dchmx"></div><div data-testid="price-product-tile" class="css-8atqhb"><p class="chakra-text css-0"><span class="chakra-text css-pwnbcb" data-testid="regular-price"><span class="css-idkz9h">$3.49</span>$3.49</span></p></div><a href="/single-strength-lemon-juice/p/20081313_EA?source=nspt" class="chakra-linkbox__overlay css-1hnz6hu"><div class="css-0"><p class="chakra-text css-1ecdp9w" data-testid="product-brand">Real Lemon</p><h3 class="chakra-heading css-6qrhwc" id="20081313_EA" data-testid="product-title">Single Strength Lemon Juice</h3><p class="chakra-text css-1yftjin" data-testid="product-package-size">945 ml, $0.37/100ml</p></div></a><div class="css-8keand"></div></div><div class="css-1q5omjq"><div class="css-fcebb8"><div data-testid="atc-compact" class="css-y94ivq" style="width: 45px;"><button type="button" class="chakra-button css-mudsm6" data-testid="atc-button"><svg stroke="currentColor" fill="currentColor" stroke-width="0" viewBox="0 0 24 24" focusable="false" class="chakra-icon css-1g3sp7a" data-testid="btn-icon" aria-hidden="true" height="1em" width="1em" xmlns="http://www.w3.org/2000/svg"><path d="M19 13h-6v6h-2v-6H5v-2h6V5h2v6h6v2z"></path></svg><span class="css-idkz9h">Add Single Strength Lemon Juice to cart</span></button></div></div></div></div></div></div><div class="css-0"><div class="css-f5i5wc"><div class="chakra-linkbox css-vhnn8v"><div data-testid="product-image" class="css-16dr4ly"><img alt="Grace Tropical Rhythms, Pineapple &amp; Ginger 473 ml, $0.48/100ml" src="https://assets.shop.loblaws.ca/products/20253380004/b3/en/front/20253380004_front_a06_@2.png" srcset="https://assets.shop.loblaws.ca/products/20253380004/b3/en/front/20253380004_front_a06_@2.png 1x, https://assets.shop.loblaws.ca/products/20253380004/b3/en/front/20253380004_front_a06_@2.png 2x" loading="lazy" class="chakra-image css-oguq8l" aria-hidden="true"></div><div class="css-qoklea"><div class="css-12dchmx"></div><div data-testid="price-product-tile" class="css-8atqhb"><p class="chakra-text css-0"><span class="chakra-text css-pwnbcb" data-testid="regular-price"><span class="css-idkz9h">$2.29</span>$2.29</span></p></div><a href="/tropical-rhythms-pineapple-ginger/p/20253380004_EA?source=nspt" class="chakra-linkbox__overlay css-1hnz6hu"><div class="css-0"><p class="chakra-text css-1ecdp9w" data-testid="product-brand">Grace</p><h3 class="chakra-heading css-6qrhwc" id="20253380004_EA" data-testid="product-title">Tropical Rhythms, Pineapple &amp; Ginger</h3><p class="chakra-text css-1yftjin" data-testid="product-package-size">473 ml, $0.48/100ml</p></div></a><div class="css-8keand"></div></div><div class="css-1q5omjq"><div class="css-fcebb8"><div data-testid="atc-compact" class="css-y94ivq" style="width: 45px;"><button type="button" class="chakra-button css-mudsm6" data-testid="atc-button"><svg stroke="currentColor" fill="currentColor" stroke-width="0" viewBox="0 0 24 24" focusable="false" class="chakra-icon css-1g3sp7a" data-testid="btn-icon" aria-hidden="true" height="1em" width="1em" xmlns="http://www.w3.org/2000/svg"><path d="M19 13h-6v6h-2v-6H5v-2h6V5h2v6h6v2z"></path></svg><span class="css-idkz9h">Add Tropical Rhythms, Pineapple &amp; Ginger to cart</span></button></div></div></div></div></div></div><div class="css-0"><div class="css-f5i5wc"><div class="chakra-linkbox css-vhnn8v"><div data-testid="product-image" class="css-16dr4ly"><img alt="President's Choice Ruby Red Grapefruit Juice 1.54 l, $0.29/100ml" src="https://assets.shop.loblaws.ca/products/21430546/b3/en/front/21430546_front_a06_@2.png" srcset="https://assets.shop.loblaws.ca/products/21430546/b3/en/front/21430546_front_a06_@2.png 1x, https://assets.shop.loblaws.ca/products/21430546/b3/en/front/21430546_front_a06_@2.png 2x" loading="lazy" class="chakra-image css-oguq8l" aria-hidden="true"></div><div class="css-qoklea"><div class="css-12dchmx"></div><div data-testid="price-product-tile" class="css-8atqhb"><p class="chakra-text css-0"><span class="chakra-text css-pwnbcb" data-testid="regular-price"><span class="css-idkz9h">$4.49</span>$4.49</span></p></div><a href="/ruby-red-grapefruit-juice/p/21430546_EA?source=nspt" class="chakra-linkbox__overlay css-1hnz6hu"><div class="css-0"><p class="chakra-text css-1ecdp9w" data-testid="product-brand">President's Choice</p><h3 class="chakra-heading css-6qrhwc" id="21430546_EA" data-testid="product-title">Ruby Red Grapefruit Juice</h3><p class="chakra-text css-1yftjin" data-testid="product-package-size">1.54 l, $0.29/100ml</p></div></a><div class="css-8keand"></div></div><div class="css-1q5omjq"><div class="css-fcebb8"><div data-testid="atc-compact" class="css-y94ivq" style="width: 45px;"><button type="button" class="chakra-button css-mudsm6" data-testid="atc-button"><svg stroke="currentColor" fill="currentColor" stroke-width="0" viewBox="0 0 24 24" focusable="false" class="chakra-icon css-1g3sp7a" data-testid="btn-icon" aria-hidden="true" height="1em" width="1em" xmlns="http://www.w3.org/2000/svg"><path d="M19 13h-6v6h-2v-6H5v-2h6V5h2v6h6v2z"></path></svg><span class="css-idkz9h">Add Ruby Red Grapefruit Juice to cart</span></button></div></div><div class="css-4saf4a"><p class="chakra-text css-py8788" data-testid="inventory-badge-text">Low Stock</p></div></div></div></div></div><div class="css-0"><div class="css-f5i5wc"><div class="chakra-linkbox css-vhnn8v"><div data-testid="product-image" class="css-16dr4ly"><img alt="Rubicon Juice Drink Aam Panna Green Mango 1 l, $0.28/100ml" src="https://assets.shop.loblaws.ca/products/21529634/b3/en/front/21529634_front_a06_@2.png" srcset="https://assets.shop.loblaws.ca/products/21529634/b3/en/front/21529634_front_a06_@2.png 1x, https://assets.shop.loblaws.ca/products/21529634/b3/en/front/21529634_front_a06_@2.png 2x" loading="lazy" class="chakra-image css-oguq8l" aria-hidden="true"></div><div class="css-qoklea"><div class="css-12dchmx"></div><div data-testid="price-product-tile" class="css-8atqhb"><p class="chakra-text css-0"><span class="chakra-text css-pwnbcb" data-testid="regular-price"><span class="css-idkz9h">$2.79</span>$2.79</span></p></div><a href="/juice-drink-aam-panna-green-mango/p/21529634_EA?source=nspt" class="chakra-linkbox__overlay css-1hnz6hu"><div class="css-0"><p class="chakra-text css-1ecdp9w" data-testid="product-brand">Rubicon</p><h3 class="chakra-heading css-6qrhwc" id="21529634_EA" data-testid="product-title">Juice Drink Aam Panna Green Mango</h3><p class="chakra-text css-1yftjin" data-testid="product-package-size">1 l, $0.28/100ml</p></div></a><div class="css-8keand"></div></div><div class="css-1q5omjq"><div class="css-fcebb8"><div data-testid="atc-compact" class="css-y94ivq" style="width: 45px;"><button type="button" class="chakra-button css-mudsm6" data-testid="atc-button"><svg stroke="currentColor" fill="currentColor" stroke-width="0" viewBox="0 0 24 24" focusable="false" class="chakra-icon css-1g3sp7a" data-testid="btn-icon" aria-hidden="true" height="1em" width="1em" xmlns="http://www.w3.org/2000/svg"><path d="M19 13h-6v6h-2v-6H5v-2h6V5h2v6h6v2z"></path></svg><span class="css-idkz9h">Add Juice Drink Aam Panna Green Mango to cart</span></button></div></div></div></div></div></div><div class="css-0"><div class="css-f5i5wc"><div class="chakra-linkbox css-vhnn8v"><div data-testid="product-image" class="css-16dr4ly"><img alt="Rougemont 100% Pure Royal Gala Apple Juice 2 l, $0.17/100ml" src="https://assets.shop.loblaws.ca/products/20185265006/b3/en/front/20185265006_front_a06_@2.png" srcset="https://assets.shop.loblaws.ca/products/20185265006/b3/en/front/20185265006_front_a06_@2.png 1x, https://assets.shop.loblaws.ca/products/20185265006/b3/en/front/20185265006_front_a06_@2.png 2x" loading="lazy" class="chakra-image css-oguq8l" aria-hidden="true"></div><div class="css-qoklea"><div class="css-12dchmx"></div><div data-testid="price-product-tile" class="css-8atqhb"><p class="chakra-text css-0"><span class="chakra-text css-pwnbcb" data-testid="regular-price"><span class="css-idkz9h">$3.49</span>$3.49</span></p></div><a href="/100-pure-royal-gala-apple-juice/p/20185265006_EA?source=nspt" class="chakra-linkbox__overlay css-1hnz6hu"><div class="css-0"><p class="chakra-text css-1ecdp9w" data-testid="product-brand">Rougemont</p><h3 class="chakra-heading css-6qrhwc" id="20185265006_EA" data-testid="product-title">100% Pure Royal Gala Apple Juice</h3><p class="chakra-text css-1yftjin" data-testid="product-package-size">2 l, $0.17/100ml</p></div></a><div class="css-8keand"></div></div><div class="css-1q5omjq"><div class="css-fcebb8"><div data-testid="atc-compact" class="css-y94ivq" style="width: 45px;"><button type="button" class="chakra-button css-mudsm6" data-testid="atc-button"><svg stroke="currentColor" fill="currentColor" stroke-width="0" viewBox="0 0 24 24" focusable="false" class="chakra-icon css-1g3sp7a" data-testid="btn-icon" aria-hidden="true" height="1em" width="1em" xmlns="http://www.w3.org/2000/svg"><path d="M19 13h-6v6h-2v-6H5v-2h6V5h2v6h6v2z"></path></svg><span class="css-idkz9h">Add 100% Pure Royal Gala Apple Juice to cart</span></button></div></div></div></div></div></div><div class="css-0"><div class="css-f5i5wc"><div class="chakra-linkbox css-vhnn8v"><div data-testid="product-image" class="css-16dr4ly"><img alt="No Name Lemonade 1.75 l, $0.17/100ml" src="https://assets.shop.loblaws.ca/products/20782771/b3/en/front/20782771_front_a06_@2.png" srcset="https://assets.shop.loblaws.ca/products/20782771/b3/en/front/20782771_front_a06_@2.png 1x, https://assets.shop.loblaws.ca/products/20782771/b3/en/front/20782771_front_a06_@2.png 2x" loading="lazy" class="chakra-image css-oguq8l" aria-hidden="true"></div><div class="css-qoklea"><div class="css-12dchmx"></div><div data-testid="price-product-tile" class="css-8atqhb"><p class="chakra-text css-0"><span class="chakra-text css-pwnbcb" data-testid="regular-price"><span class="css-idkz9h">$2.99</span>$2.99</span></p></div><a href="/lemonade/p/20782771_EA?source=nspt" class="chakra-linkbox__overlay css-1hnz6hu"><div class="css-0"><p class="chakra-text css-1ecdp9w" data-testid="product-brand">No Name</p><h3 class="chakra-heading css-6qrhwc" id="20782771_EA" data-testid="product-title">Lemonade</h3><p class="chakra-text css-1yftjin" data-testid="product-package-size">1.75 l, $0.17/100ml</p></div></a><div class="css-8keand"></div></div><div class="css-1q5omjq"><div class="css-fcebb8"><div data-testid="atc-compact" class="css-y94ivq" style="width: 45px;"><button type="button" class="chakra-button css-mudsm6" data-testid="atc-button"><svg stroke="currentColor" fill="currentColor" stroke-width="0" viewBox="0 0 24 24" focusable="false" class="chakra-icon css-1g3sp7a" data-testid="btn-icon" aria-hidden="true" height="1em" width="1em" xmlns="http://www.w3.org/2000/svg"><path d="M19 13h-6v6h-2v-6H5v-2h6V5h2v6h6v2z"></path></svg><span class="css-idkz9h">Add Lemonade to cart</span></button></div></div></div></div></div></div><div class="css-0"><div class="css-f5i5wc"><div class="chakra-linkbox css-vhnn8v"><div data-testid="product-image" class="css-16dr4ly"><img alt="President's Choice 100% Cranberry &amp; Pomegranate Juice Blend 1.89 l, $0.23/100ml" src="https://assets.shop.loblaws.ca/products/20501279/b3/en/front/20501279_front_a06_@2.png" srcset="https://assets.shop.loblaws.ca/products/20501279/b3/en/front/20501279_front_a06_@2.png 1x, https://assets.shop.loblaws.ca/products/20501279/b3/en/front/20501279_front_a06_@2.png 2x" loading="lazy" class="chakra-image css-oguq8l" aria-hidden="true"></div><div class="css-qoklea"><div class="css-12dchmx"></div><div data-testid="price-product-tile" class="css-8atqhb"><p class="chakra-text css-0"><span class="chakra-text css-pwnbcb" data-testid="regular-price"><span class="css-idkz9h">$4.29</span>$4.29</span></p></div><a href="/100-cranberry-pomegranate-juice-blend/p/20501279_EA?source=nspt" class="chakra-linkbox__overlay css-1hnz6hu"><div class="css-0"><p class="chakra-text css-1ecdp9w" data-testid="product-brand">President's Choice</p><h3 class="chakra-heading css-6qrhwc" id="20501279_EA" data-testid="product-title">100% Cranberry &amp; Pomegranate Juice Blend</h3><p class="chakra-text css-1yftjin" data-testid="product-package-size">1.89 l, $0.23/100ml</p></div></a><div class="css-8keand"></div></div><div class="css-1q5omjq"><div class="css-fcebb8"><div data-testid="atc-compact" class="css-y94ivq" style="width: 45px;"><button type="button" class="chakra-button css-mudsm6" data-testid="atc-button"><svg stroke="currentColor" fill="currentColor" stroke-width="0" viewBox="0 0 24 24" focusable="false" class="chakra-icon css-1g3sp7a" data-testid="btn-icon" aria-hidden="true" height="1em" width="1em" xmlns="http://www.w3.org/2000/svg"><path d="M19 13h-6v6h-2v-6H5v-2h6V5h2v6h6v2z"></path></svg><span class="css-idkz9h">Add 100% Cranberry &amp; Pomegranate Juice Blend to cart</span></button></div></div></div></div></div></div><div class="css-0"><div class="css-f5i5wc"><div class="chakra-linkbox css-vhnn8v"><div data-testid="product-image" class="css-16dr4ly"><img alt="Alphonso Real Fruit Beverage Pomegranate 1.75 l, $0.25/100ml" src="https://assets.shop.loblaws.ca/products/21154289/b3/en/front/21154289_front_a06_@2.png" srcset="https://assets.shop.loblaws.ca/products/21154289/b3/en/front/21154289_front_a06_@2.png 1x, https://assets.shop.loblaws.ca/products/21154289/b3/en/front/21154289_front_a06_@2.png 2x" loading="lazy" class="chakra-image css-oguq8l" aria-hidden="true"></div><div class="css-qoklea"><div class="css-12dchmx"></div><div data-testid="price-product-tile" class="css-8atqhb"><p class="chakra-text css-0"><span class="chakra-text css-pwnbcb" data-testid="regular-price"><span class="css-idkz9h">$4.29</span>$4.29</span></p></div><a href="/real-fruit-beverage-pomegranate/p/21154289_EA?source=nspt" class="chakra-linkbox__overlay css-1hnz6hu"><div class="css-0"><p class="chakra-text css-1ecdp9w" data-testid="product-brand">Alphonso</p><h3 class="chakra-heading css-6qrhwc" id="21154289_EA" data-testid="product-title">Real Fruit Beverage Pomegranate</h3><p class="chakra-text css-1yftjin" data-testid="product-package-size">1.75 l, $0.25/100ml</p></div></a><div class="css-8keand"></div></div><div class="css-1q5omjq"><div class="css-fcebb8"><div data-testid="atc-compact" class="css-y94ivq" style="width: 45px;"><button type="button" class="chakra-button css-mudsm6" data-testid="atc-button"><svg stroke="currentColor" fill="currentColor" stroke-width="0" viewBox="0 0 24 24" focusable="false" class="chakra-icon css-1g3sp7a" data-testid="btn-icon" aria-hidden="true" height="1em" width="1em" xmlns="http://www.w3.org/2000/svg"><path d="M19 13h-6v6h-2v-6H5v-2h6V5h2v6h6v2z"></path></svg><span class="css-idkz9h">Add Real Fruit Beverage Pomegranate to cart</span></button></div></div></div></div></div></div><div class="css-0"><div class="css-f5i5wc"><div class="chakra-linkbox css-vhnn8v"><div data-testid="product-image" class="css-16dr4ly"><img alt="Matt &amp; Steve's Matt &amp; Steve's Caesar Rimmer 150 g, $2.99/100g" src="https://assets.shop.loblaws.ca/products/20650841/b3/en/front/20650841_front_a06_@2.png" srcset="https://assets.shop.loblaws.ca/products/20650841/b3/en/front/20650841_front_a06_@2.png 1x, https://assets.shop.loblaws.ca/products/20650841/b3/en/front/20650841_front_a06_@2.png 2x" loading="lazy" class="chakra-image css-oguq8l" aria-hidden="true"></div><div class="css-qoklea"><div class="css-12dchmx"></div><div data-testid="price-product-tile" class="css-8atqhb"><p class="chakra-text css-0"><span class="chakra-text css-o93gbd" data-testid="sale-price"><span class="css-idkz9h">$4.49</span>$4.49</span><span class="chakra-text css-623q5h" data-testid="was-price"><span class="css-idkz9h">$4.99</span>$4.99</span></p><p class="chakra-text css-1m5a6y8" data-testid="price-descriptor">SAVE $0.50</p></div><a href="/matt-steve-s-caesar-rimmer/p/20650841_EA?source=nspt" class="chakra-linkbox__overlay css-1hnz6hu"><div class="css-0"><p class="chakra-text css-1ecdp9w" data-testid="product-brand">Matt &amp; Steve's</p><h3 class="chakra-heading css-6qrhwc" id="20650841_EA" data-testid="product-title">Matt &amp; Steve's Caesar Rimmer</h3><p class="chakra-text css-1yftjin" data-testid="product-package-size">150 g, $2.99/100g</p></div></a><div class="css-8keand"></div></div><div class="css-1q5omjq"><div class="css-fcebb8"><div data-testid="atc-compact" class="css-y94ivq" style="width: 45px;"><button type="button" class="chakra-button css-mudsm6" data-testid="atc-button"><svg stroke="currentColor" fill="currentColor" stroke-width="0" viewBox="0 0 24 24" focusable="false" class="chakra-icon css-1g3sp7a" data-testid="btn-icon" aria-hidden="true" height="1em" width="1em" xmlns="http://www.w3.org/2000/svg"><path d="M19 13h-6v6h-2v-6H5v-2h6V5h2v6h6v2z"></path></svg><span class="css-idkz9h">Add Matt &amp; Steve's Caesar Rimmer to cart</span></button></div></div></div></div></div></div><div class="css-0"><div class="css-f5i5wc"><div class="chakra-linkbox css-vhnn8v"><div data-testid="product-image" class="css-16dr4ly"><img alt="No Name Iced Tea 1.75 l, $0.13/100ml" src="https://assets.shop.loblaws.ca/products/20860677/b3/en/front/20860677_front_a06_@2.png" srcset="https://assets.shop.loblaws.ca/products/20860677/b3/en/front/20860677_front_a06_@2.png 1x, https://assets.shop.loblaws.ca/products/20860677/b3/en/front/20860677_front_a06_@2.png 2x" loading="lazy" class="chakra-image css-oguq8l" aria-hidden="true"></div><div class="css-qoklea"><div class="css-12dchmx"></div><div data-testid="price-product-tile" class="css-8atqhb"><p class="chakra-text css-0"><span class="chakra-text css-pwnbcb" data-testid="regular-price"><span class="css-idkz9h">$2.29</span>$2.29</span></p></div><a href="/iced-tea/p/20860677_EA?source=nspt" class="chakra-linkbox__overlay css-1hnz6hu"><div class="css-0"><p class="chakra-text css-1ecdp9w" data-testid="product-brand">No Name</p><h3 class="chakra-heading css-6qrhwc" id="20860677_EA" data-testid="product-title">Iced Tea</h3><p class="chakra-text css-1yftjin" data-testid="product-package-size">1.75 l, $0.13/100ml</p></div></a><div class="css-8keand"></div></div><div class="css-1q5omjq"><div class="css-fcebb8"><div data-testid="atc-compact" class="css-y94ivq" style="width: 45px;"><button type="button" class="chakra-button css-mudsm6" data-testid="atc-button"><svg stroke="currentColor" fill="currentColor" stroke-width="0" viewBox="0 0 24 24" focusable="false" class="chakra-icon css-1g3sp7a" data-testid="btn-icon" aria-hidden="true" height="1em" width="1em" xmlns="http://www.w3.org/2000/svg"><path d="M19 13h-6v6h-2v-6H5v-2h6V5h2v6h6v2z"></path></svg><span class="css-idkz9h">Add Iced Tea to cart</span></button></div></div></div></div></div></div><div class="css-0"><div class="css-f5i5wc"><div class="chakra-linkbox css-vhnn8v"><div data-testid="product-image" class="css-16dr4ly"><img alt="Five Alive Juice Carton, Citrus Flavour 1.75 l, $0.22/100ml" src="https://assets.shop.loblaws.ca/products/20348331002/b3/en/front/20348331002_front_a06_@2.png" srcset="https://assets.shop.loblaws.ca/products/20348331002/b3/en/front/20348331002_front_a06_@2.png 1x, https://assets.shop.loblaws.ca/products/20348331002/b3/en/front/20348331002_front_a06_@2.png 2x" loading="lazy" class="chakra-image css-oguq8l" aria-hidden="true"></div><div class="css-qoklea"><div class="css-12dchmx"></div><div data-testid="price-product-tile" class="css-8atqhb"><p class="chakra-text css-0"><span class="chakra-text css-o93gbd" data-testid="sale-price"><span class="css-idkz9h">$3.79</span>$3.79</span><span class="chakra-text css-623q5h" data-testid="was-price"><span class="css-idkz9h">$3.99</span>$3.99</span></p><p class="chakra-text css-1m5a6y8" data-testid="price-descriptor">SAVE $0.20</p></div><a href="/juice-carton-citrus-flavour/p/20348331002_EA?source=nspt" class="chakra-linkbox__overlay css-1hnz6hu"><div class="css-0"><p class="chakra-text css-1ecdp9w" data-testid="product-brand">Five Alive</p><h3 class="chakra-heading css-6qrhwc" id="20348331002_EA" data-testid="product-title">Juice Carton, Citrus Flavour</h3><p class="chakra-text css-1yftjin" data-testid="product-package-size">1.75 l, $0.22/100ml</p></div></a><div class="css-8keand"></div></div><div class="css-1q5omjq"><div class="css-fcebb8"><div data-testid="atc-compact" class="css-y94ivq" style="width: 45px;"><button type="button" class="chakra-button css-mudsm6" data-testid="atc-button"><svg stroke="currentColor" fill="currentColor" stroke-width="0" viewBox="0 0 24 24" focusable="false" class="chakra-icon css-1g3sp7a" data-testid="btn-icon" aria-hidden="true" height="1em" width="1em" xmlns="http://www.w3.org/2000/svg"><path d="M19 13h-6v6h-2v-6H5v-2h6V5h2v6h6v2z"></path></svg><span class="css-idkz9h">Add Juice Carton, Citrus Flavour to cart</span></button></div></div></div></div></div></div><div class="css-0"><div class="css-f5i5wc"><div class="chakra-linkbox css-vhnn8v"><div data-testid="product-image" class="css-16dr4ly"><img alt="President's Choice Medium Roast Black Cold Brew Coffee 900 ml, $0.50/100ml" src="https://assets.shop.loblaws.ca/products/21397831/b3/en/front/21397831_front_a06_@2.png" srcset="https://assets.shop.loblaws.ca/products/21397831/b3/en/front/21397831_front_a06_@2.png 1x, https://assets.shop.loblaws.ca/products/21397831/b3/en/front/21397831_front_a06_@2.png 2x" loading="lazy" class="chakra-image css-oguq8l" aria-hidden="true"></div><div class="css-qoklea"><div class="css-12dchmx"></div><div data-testid="price-product-tile" class="css-8atqhb"><p class="chakra-text css-0"><span class="chakra-text css-pwnbcb" data-testid="regular-price"><span class="css-idkz9h">$4.49</span>$4.49</span></p></div><a href="/medium-roast-black-cold-brew-coffee/p/21397831_EA?source=nspt" class="chakra-linkbox__overlay css-1hnz6hu"><div class="css-0"><p class="chakra-text css-1ecdp9w" data-testid="product-brand">President's Choice</p><h3 class="chakra-heading css-6qrhwc" id="21397831_EA" data-testid="product-title">Medium Roast Black Cold Brew Coffee</h3><p class="chakra-text css-1yftjin" data-testid="product-package-size">900 ml, $0.50/100ml</p></div></a><div class="css-8keand"></div></div><div class="css-1q5omjq"><div class="css-fcebb8"><div data-testid="atc-compact" class="css-y94ivq" style="width: 45px;"><button type="button" class="chakra-button css-mudsm6" data-testid="atc-button"><svg stroke="currentColor" fill="currentColor" stroke-width="0" viewBox="0 0 24 24" focusable="false" class="chakra-icon css-1g3sp7a" data-testid="btn-icon" aria-hidden="true" height="1em" width="1em" xmlns="http://www.w3.org/2000/svg"><path d="M19 13h-6v6h-2v-6H5v-2h6V5h2v6h6v2z"></path></svg><span class="css-idkz9h">Add Medium Roast Black Cold Brew Coffee to cart</span></button></div></div></div></div></div></div><div class="css-0"><div class="css-f5i5wc"><div class="chakra-linkbox css-vhnn8v"><div data-testid="product-image" class="css-16dr4ly"><img alt="Oasis Berry Juice 8x200.0 ml, $0.28/100ml" src="https://assets.shop.loblaws.ca/products/21382154/b3/en/front/21382154_front_a06_@2.png" srcset="https://assets.shop.loblaws.ca/products/21382154/b3/en/front/21382154_front_a06_@2.png 1x, https://assets.shop.loblaws.ca/products/21382154/b3/en/front/21382154_front_a06_@2.png 2x" loading="lazy" class="chakra-image css-oguq8l" aria-hidden="true"></div><div class="css-qoklea"><div class="css-12dchmx"></div><div data-testid="price-product-tile" class="css-8atqhb"><p class="chakra-text css-0"><span class="chakra-text css-pwnbcb" data-testid="regular-price"><span class="css-idkz9h">$4.49</span>$4.49</span></p></div><a href="/berry-juice/p/21382154_EA?source=nspt" class="chakra-linkbox__overlay css-1hnz6hu"><div class="css-0"><p class="chakra-text css-1ecdp9w" data-testid="product-brand">Oasis</p><h3 class="chakra-heading css-6qrhwc" id="21382154_EA" data-testid="product-title">Berry Juice</h3><p class="chakra-text css-1yftjin" data-testid="product-package-size">8x200.0 ml, $0.28/100ml</p></div></a><div class="css-8keand"></div></div><div class="css-1q5omjq"><div class="css-fcebb8"><div data-testid="atc-compact" class="css-y94ivq" style="width: 45px;"><button type="button" class="chakra-button css-mudsm6" data-testid="atc-button"><svg stroke="currentColor" fill="currentColor" stroke-width="0" viewBox="0 0 24 24" focusable="false" class="chakra-icon css-1g3sp7a" data-testid="btn-icon" aria-hidden="true" height="1em" width="1em" xmlns="http://www.w3.org/2000/svg"><path d="M19 13h-6v6h-2v-6H5v-2h6V5h2v6h6v2z"></path></svg><span class="css-idkz9h">Add Berry Juice to cart</span></button></div></div></div></div></div></div><div class="css-0"><div class="css-f5i5wc"><div class="chakra-linkbox css-vhnn8v"><div data-testid="product-image" class="css-16dr4ly"><img alt="Minute Maid Berry Punch Juice Beverage, 10 Pack 10x200.0 ml, $0.20/100ml" src="https://assets.shop.loblaws.ca/products/20500372003/b3/en/front/20500372003_front_a06_@2.png" srcset="https://assets.shop.loblaws.ca/products/20500372003/b3/en/front/20500372003_front_a06_@2.png 1x, https://assets.shop.loblaws.ca/products/20500372003/b3/en/front/20500372003_front_a06_@2.png 2x" loading="lazy" class="chakra-image css-oguq8l" aria-hidden="true"></div><div class="css-qoklea"><div class="css-12dchmx"></div><div data-testid="price-product-tile" class="css-8atqhb"><p class="chakra-text css-0"><span class="chakra-text css-pwnbcb" data-testid="regular-price"><span class="css-idkz9h">$3.99</span>$3.99</span></p></div><a href="/berry-punch-juice-beverage-10-pack/p/20500372003_EA?source=nspt" class="chakra-linkbox__overlay css-1hnz6hu"><div class="css-0"><p class="chakra-text css-1ecdp9w" data-testid="product-brand">Minute Maid</p><h3 class="chakra-heading css-6qrhwc" id="20500372003_EA" data-testid="product-title">Berry Punch Juice Beverage, 10 Pack</h3><p class="chakra-text css-1yftjin" data-testid="product-package-size">10x200.0 ml, $0.20/100ml</p></div></a><div class="css-8keand"></div></div><div class="css-1q5omjq"><div class="css-fcebb8"><div data-testid="atc-compact" class="css-y94ivq" style="width: 45px;"><button type="button" class="chakra-button css-mudsm6" data-testid="atc-button"><svg stroke="currentColor" fill="currentColor" stroke-width="0" viewBox="0 0 24 24" focusable="false" class="chakra-icon css-1g3sp7a" data-testid="btn-icon" aria-hidden="true" height="1em" width="1em" xmlns="http://www.w3.org/2000/svg"><path d="M19 13h-6v6h-2v-6H5v-2h6V5h2v6h6v2z"></path></svg><span class="css-idkz9h">Add Berry Punch Juice Beverage, 10 Pack to cart</span></button></div></div></div></div></div></div><div class="css-0"><div class="css-f5i5wc"><div class="chakra-linkbox css-vhnn8v"><div data-testid="product-image" class="css-16dr4ly"><img alt="No Name Lime Juice 445 ml, $0.45/100ml" src="https://assets.shop.loblaws.ca/products/20971992/b3/en/front/20971992_front_a06_@2.png" srcset="https://assets.shop.loblaws.ca/products/20971992/b3/en/front/20971992_front_a06_@2.png 1x, https://assets.shop.loblaws.ca/products/20971992/b3/en/front/20971992_front_a06_@2.png 2x" loading="lazy" class="chakra-image css-oguq8l" aria-hidden="true"></div><div class="css-qoklea"><div class="css-12dchmx"></div><div data-testid="price-product-tile" class="css-8atqhb"><p class="chakra-text css-0"><span class="chakra-text css-pwnbcb" data-testid="regular-price"><span class="css-idkz9h">$2.00</span>$2.00</span></p></div><a href="/lime-juice/p/20971992_EA?source=nspt" class="chakra-linkbox__overlay css-1hnz6hu"><div class="css-0"><p class="chakra-text css-1ecdp9w" data-testid="product-brand">No Name</p><h3 class="chakra-heading css-6qrhwc" id="20971992_EA" data-testid="product-title">Lime Juice</h3><p class="chakra-text css-1yftjin" data-testid="product-package-size">445 ml, $0.45/100ml</p></div></a><div class="css-8keand"></div></div><div class="css-1q5omjq"><div class="css-fcebb8"><div data-testid="atc-compact" class="css-y94ivq" style="width: 45px;"><button type="button" class="chakra-button css-mudsm6" data-testid="atc-button"><svg stroke="currentColor" fill="currentColor" stroke-width="0" viewBox="0 0 24 24" focusable="false" class="chakra-icon css-1g3sp7a" data-testid="btn-icon" aria-hidden="true" height="1em" width="1em" xmlns="http://www.w3.org/2000/svg"><path d="M19 13h-6v6h-2v-6H5v-2h6V5h2v6h6v2z"></path></svg><span class="css-idkz9h">Add Lime Juice to cart</span></button></div></div></div></div></div></div><div class="css-0"><div class="css-f5i5wc"><div class="chakra-linkbox css-vhnn8v"><div data-testid="product-image" class="css-16dr4ly"><img alt="Tropicana Trop50 Orange Juice, No Pulp 1.54 l, $0.37/100ml" src="https://assets.shop.loblaws.ca/products/21106112/b3/en/front/21106112_front_a06_@2.png" srcset="https://assets.shop.loblaws.ca/products/21106112/b3/en/front/21106112_front_a06_@2.png 1x, https://assets.shop.loblaws.ca/products/21106112/b3/en/front/21106112_front_a06_@2.png 2x" loading="lazy" class="chakra-image css-oguq8l" aria-hidden="true"></div><div class="css-qoklea"><div class="css-12dchmx"></div><div data-testid="price-product-tile" class="css-8atqhb"><p class="chakra-text css-0"><span class="chakra-text css-pwnbcb" data-testid="regular-price"><span class="css-idkz9h">$5.69</span>$5.69</span></p></div><a href="/trop50-orange-juice-no-pulp/p/21106112_EA?source=nspt" class="chakra-linkbox__overlay css-1hnz6hu"><div class="css-0"><p class="chakra-text css-1ecdp9w" data-testid="product-brand">Tropicana</p><h3 class="chakra-heading css-6qrhwc" id="21106112_EA" data-testid="product-title">Trop50 Orange Juice, No Pulp</h3><p class="chakra-text css-1yftjin" data-testid="product-package-size">1.54 l, $0.37/100ml</p></div></a><div class="css-8keand"></div></div><div class="css-1q5omjq"><div class="css-fcebb8"><div data-testid="atc-compact" class="css-y94ivq" style="width: 45px;"><button type="button" class="chakra-button css-mudsm6" data-testid="atc-button"><svg stroke="currentColor" fill="currentColor" stroke-width="0" viewBox="0 0 24 24" focusable="false" class="chakra-icon css-1g3sp7a" data-testid="btn-icon" aria-hidden="true" height="1em" width="1em" xmlns="http://www.w3.org/2000/svg"><path d="M19 13h-6v6h-2v-6H5v-2h6V5h2v6h6v2z"></path></svg><span class="css-idkz9h">Add Trop50 Orange Juice, No Pulp to cart</span></button></div></div></div></div></div></div><div class="css-0"><div class="css-f5i5wc"><div class="chakra-linkbox css-vhnn8v"><div data-testid="product-image" class="css-16dr4ly"><img alt="No Name Fruit Punch Juice Boxes 10x200.0 ml, $0.17/100ml" src="https://assets.shop.loblaws.ca/products/20503035003/b3/en/front/20503035003_front_a06_@2.png" srcset="https://assets.shop.loblaws.ca/products/20503035003/b3/en/front/20503035003_front_a06_@2.png 1x, https://assets.shop.loblaws.ca/products/20503035003/b3/en/front/20503035003_front_a06_@2.png 2x" loading="lazy" class="chakra-image css-oguq8l" aria-hidden="true"></div><div class="css-qoklea"><div class="css-12dchmx"></div><div data-testid="price-product-tile" class="css-8atqhb"><p class="chakra-text css-0"><span class="chakra-text css-pwnbcb" data-testid="regular-price"><span class="css-idkz9h">$3.49</span>$3.49</span></p></div><a href="/fruit-punch-juice-boxes/p/20503035003_EA?source=nspt" class="chakra-linkbox__overlay css-1hnz6hu"><div class="css-0"><p class="chakra-text css-1ecdp9w" data-testid="product-brand">No Name</p><h3 class="chakra-heading css-6qrhwc" id="20503035003_EA" data-testid="product-title">Fruit Punch Juice Boxes</h3><p class="chakra-text css-1yftjin" data-testid="product-package-size">10x200.0 ml, $0.17/100ml</p></div></a><div class="css-8keand"></div></div><div class="css-1q5omjq"><div class="css-fcebb8"><div data-testid="atc-compact" class="css-y94ivq" style="width: 45px;"><button type="button" class="chakra-button css-mudsm6" data-testid="atc-button"><svg stroke="currentColor" fill="currentColor" stroke-width="0" viewBox="0 0 24 24" focusable="false" class="chakra-icon css-1g3sp7a" data-testid="btn-icon" aria-hidden="true" height="1em" width="1em" xmlns="http://www.w3.org/2000/svg"><path d="M19 13h-6v6h-2v-6H5v-2h6V5h2v6h6v2z"></path></svg><span class="css-idkz9h">Add Fruit Punch Juice Boxes to cart</span></button></div></div></div></div></div></div><div class="css-0"><div class="css-f5i5wc"><div class="chakra-linkbox css-vhnn8v"><div data-testid="product-image" class="css-16dr4ly"><img alt="Tropicana Tropics Orange Peach Mang 1.75 l, $0.26/100ml" src="https://assets.shop.loblaws.ca/products/20315635002/b3/en/front/20315635002_front_a06_@2.png" srcset="https://assets.shop.loblaws.ca/products/20315635002/b3/en/front/20315635002_front_a06_@2.png 1x, https://assets.shop.loblaws.ca/products/20315635002/b3/en/front/20315635002_front_a06_@2.png 2x" loading="lazy" class="chakra-image css-oguq8l" aria-hidden="true"></div><div class="css-qoklea"><div class="css-12dchmx"></div><div data-testid="price-product-tile" class="css-8atqhb"><p class="chakra-text css-0"><span class="chakra-text css-pwnbcb" data-testid="regular-price"><span class="css-idkz9h">$4.49</span>$4.49</span></p></div><a href="/tropics-orange-peach-mang/p/20315635002_EA?source=nspt" class="chakra-linkbox__overlay css-1hnz6hu"><div class="css-0"><p class="chakra-text css-1ecdp9w" data-testid="product-brand">Tropicana</p><h3 class="chakra-heading css-6qrhwc" id="20315635002_EA" data-testid="product-title">Tropics Orange Peach Mang</h3><p class="chakra-text css-1yftjin" data-testid="product-package-size">1.75 l, $0.26/100ml</p></div></a><div class="css-8keand"></div></div><div class="css-1q5omjq"><div class="css-fcebb8"><div data-testid="atc-compact" class="css-y94ivq" style="width: 45px;"><button type="button" class="chakra-button css-mudsm6" data-testid="atc-button"><svg stroke="currentColor" fill="currentColor" stroke-width="0" viewBox="0 0 24 24" focusable="false" class="chakra-icon css-1g3sp7a" data-testid="btn-icon" aria-hidden="true" height="1em" width="1em" xmlns="http://www.w3.org/2000/svg"><path d="M19 13h-6v6h-2v-6H5v-2h6V5h2v6h6v2z"></path></svg><span class="css-idkz9h">Add Tropics Orange Peach Mang to cart</span></button></div></div></div></div></div></div><div class="css-0"><div class="css-f5i5wc"><div class="chakra-linkbox css-vhnn8v"><div data-testid="product-image" class="css-16dr4ly"><img alt="Ocean Spray Juice Drink, Diet Cranberry Cherry 1.89 l, $0.24/100ml" src="https://assets.shop.loblaws.ca/products/20679626/b3/en/front/20679626_front_a06_@2.png" srcset="https://assets.shop.loblaws.ca/products/20679626/b3/en/front/20679626_front_a06_@2.png 1x, https://assets.shop.loblaws.ca/products/20679626/b3/en/front/20679626_front_a06_@2.png 2x" loading="lazy" class="chakra-image css-oguq8l" aria-hidden="true"></div><div class="css-qoklea"><div class="css-12dchmx"></div><div data-testid="price-product-tile" class="css-8atqhb"><p class="chakra-text css-0"><span class="chakra-text css-pwnbcb" data-testid="regular-price"><span class="css-idkz9h">$4.49</span>$4.49</span></p></div><a href="/juice-drink-diet-cranberry-cherry/p/20679626_EA?source=nspt" class="chakra-linkbox__overlay css-1hnz6hu"><div class="css-0"><p class="chakra-text css-1ecdp9w" data-testid="product-brand">Ocean Spray</p><h3 class="chakra-heading css-6qrhwc" id="20679626_EA" data-testid="product-title">Juice Drink, Diet Cranberry Cherry</h3><p class="chakra-text css-1yftjin" data-testid="product-package-size">1.89 l, $0.24/100ml</p></div></a><div class="css-8keand"></div></div><div class="css-1q5omjq"><div class="css-fcebb8"><div data-testid="atc-compact" class="css-y94ivq" style="width: 45px;"><button type="button" class="chakra-button css-mudsm6" data-testid="atc-button"><svg stroke="currentColor" fill="currentColor" stroke-width="0" viewBox="0 0 24 24" focusable="false" class="chakra-icon css-1g3sp7a" data-testid="btn-icon" aria-hidden="true" height="1em" width="1em" xmlns="http://www.w3.org/2000/svg"><path d="M19 13h-6v6h-2v-6H5v-2h6V5h2v6h6v2z"></path></svg><span class="css-idkz9h">Add Juice Drink, Diet Cranberry Cherry to cart</span></button></div></div></div></div></div></div><div class="css-0"><div class="css-f5i5wc"><div class="chakra-linkbox css-vhnn8v"><div data-testid="product-image" class="css-16dr4ly"><img alt="Ocean Spray 100% Juice Blends 100% Juice, Cranberry and Raspberry 1.77 l, $0.28/100ml" src="https://assets.shop.loblaws.ca/products/20982379/b3/en/front/20982379_front_a06_@2.png" srcset="https://assets.shop.loblaws.ca/products/20982379/b3/en/front/20982379_front_a06_@2.png 1x, https://assets.shop.loblaws.ca/products/20982379/b3/en/front/20982379_front_a06_@2.png 2x" loading="lazy" class="chakra-image css-oguq8l" aria-hidden="true"></div><div class="css-qoklea"><div class="css-12dchmx"></div><div data-testid="price-product-tile" class="css-8atqhb"><p class="chakra-text css-0"><span class="chakra-text css-pwnbcb" data-testid="regular-price"><span class="css-idkz9h">$4.99</span>$4.99</span></p></div><a href="/100-juice-blends-100-juice-cranberry-and-raspberry/p/20982379_EA?source=nspt" class="chakra-linkbox__overlay css-1hnz6hu"><div class="css-0"><p class="chakra-text css-1ecdp9w" data-testid="product-brand">Ocean Spray</p><h3 class="chakra-heading css-6qrhwc" id="20982379_EA" data-testid="product-title">100% Juice Blends 100% Juice, Cranberry and Raspberry</h3><p class="chakra-text css-1yftjin" data-testid="product-package-size">1.77 l, $0.28/100ml</p></div></a><div class="css-8keand"></div></div><div class="css-1q5omjq"><div class="css-fcebb8"><div data-testid="atc-compact" class="css-y94ivq" style="width: 45px;"><button type="button" class="chakra-button css-mudsm6" data-testid="atc-button"><svg stroke="currentColor" fill="currentColor" stroke-width="0" viewBox="0 0 24 24" focusable="false" class="chakra-icon css-1g3sp7a" data-testid="btn-icon" aria-hidden="true" height="1em" width="1em" xmlns="http://www.w3.org/2000/svg"><path d="M19 13h-6v6h-2v-6H5v-2h6V5h2v6h6v2z"></path></svg><span class="css-idkz9h">Add 100% Juice Blends 100% Juice, Cranberry and Raspberry to cart</span></button></div></div></div></div></div></div><div class="css-0"><div class="css-f5i5wc"><div class="chakra-linkbox css-vhnn8v"><div data-testid="product-image" class="css-16dr4ly"><img alt="PC Blue Menu Cranberry Cocktail 1.89 l, $0.16/100ml" src="https://assets.shop.loblaws.ca/products/20307025002/b3/en/front/20307025002_front_a06_@2.png" srcset="https://assets.shop.loblaws.ca/products/20307025002/b3/en/front/20307025002_front_a06_@2.png 1x, https://assets.shop.loblaws.ca/products/20307025002/b3/en/front/20307025002_front_a06_@2.png 2x" loading="lazy" class="chakra-image css-oguq8l" aria-hidden="true"></div><div class="css-qoklea"><div class="css-12dchmx"></div><div data-testid="price-product-tile" class="css-8atqhb"><p class="chakra-text css-0"><span class="chakra-text css-o93gbd" data-testid="sale-price"><span class="css-idkz9h">$2.99</span>$2.99</span><span class="chakra-text css-623q5h" data-testid="was-price"><span class="css-idkz9h">$3.49</span>$3.49</span></p><p class="chakra-text css-1m5a6y8" data-testid="price-descriptor">SAVE $0.50</p></div><a href="/cranberry-cocktail/p/20307025002_EA?source=nspt" class="chakra-linkbox__overlay css-1hnz6hu"><div class="css-0"><p class="chakra-text css-1ecdp9w" data-testid="product-brand">PC Blue Menu</p><h3 class="chakra-heading css-6qrhwc" id="20307025002_EA" data-testid="product-title">Cranberry Cocktail</h3><p class="chakra-text css-1yftjin" data-testid="product-package-size">1.89 l, $0.16/100ml</p></div></a><div class="css-8keand"></div></div><div class="css-1q5omjq"><div class="css-fcebb8"><div data-testid="atc-compact" class="css-y94ivq" style="width: 45px;"><button type="button" class="chakra-button css-mudsm6" data-testid="atc-button"><svg stroke="currentColor" fill="currentColor" stroke-width="0" viewBox="0 0 24 24" focusable="false" class="chakra-icon css-1g3sp7a" data-testid="btn-icon" aria-hidden="true" height="1em" width="1em" xmlns="http://www.w3.org/2000/svg"><path d="M19 13h-6v6h-2v-6H5v-2h6V5h2v6h6v2z"></path></svg><span class="css-idkz9h">Add Cranberry Cocktail to cart</span></button></div></div></div></div></div></div><div class="css-0"><div class="css-f5i5wc"><div class="chakra-linkbox css-vhnn8v"><div data-testid="product-image" class="css-16dr4ly"><img alt="Del Monte Peach Nectar 960 ml, $0.16/100ml" src="https://assets.shop.loblaws.ca/products/20894117001/b3/en/front/20894117001_front_a06_@2.png" srcset="https://assets.shop.loblaws.ca/products/20894117001/b3/en/front/20894117001_front_a06_@2.png 1x, https://assets.shop.loblaws.ca/products/20894117001/b3/en/front/20894117001_front_a06_@2.png 2x" loading="lazy" class="chakra-image css-oguq8l" aria-hidden="true"></div><div class="css-qoklea"><div class="css-12dchmx"></div><div data-testid="price-product-tile" class="css-8atqhb"><p class="chakra-text css-0"><span class="chakra-text css-o93gbd" data-testid="sale-price"><span class="css-idkz9h">$1.49</span>$1.49</span><span class="chakra-text css-623q5h" data-testid="was-price"><span class="css-idkz9h">$1.99</span>$1.99</span></p><p class="chakra-text css-1m5a6y8" data-testid="price-descriptor">SAVE $0.50</p></div><a href="/peach-nectar/p/20894117001_EA?source=nspt" class="chakra-linkbox__overlay css-1hnz6hu"><div class="css-0"><p class="chakra-text css-1ecdp9w" data-testid="product-brand">Del Monte</p><h3 class="chakra-heading css-6qrhwc" id="20894117001_EA" data-testid="product-title">Peach Nectar</h3><p class="chakra-text css-1yftjin" data-testid="product-package-size">960 ml, $0.16/100ml</p></div></a><div class="css-8keand"></div></div><div class="css-1q5omjq"><div class="css-fcebb8"><div data-testid="atc-compact" class="css-y94ivq" style="width: 45px;"><button type="button" class="chakra-button css-mudsm6" data-testid="atc-button"><svg stroke="currentColor" fill="currentColor" stroke-width="0" viewBox="0 0 24 24" focusable="false" class="chakra-icon css-1g3sp7a" data-testid="btn-icon" aria-hidden="true" height="1em" width="1em" xmlns="http://www.w3.org/2000/svg"><path d="M19 13h-6v6h-2v-6H5v-2h6V5h2v6h6v2z"></path></svg><span class="css-idkz9h">Add Peach Nectar to cart</span></button></div></div></div></div></div></div><div class="css-0"><div class="css-f5i5wc"><div class="chakra-linkbox css-vhnn8v"><div data-testid="product-image" class="css-16dr4ly"><img alt="Bolthouse C-Boost 946 ml, $0.69/100ml" src="https://assets.shop.loblaws.ca/products/20311201/b3/en/front/20311201_front_a06_@2.png" srcset="https://assets.shop.loblaws.ca/products/20311201/b3/en/front/20311201_front_a06_@2.png 1x, https://assets.shop.loblaws.ca/products/20311201/b3/en/front/20311201_front_a06_@2.png 2x" loading="lazy" class="chakra-image css-oguq8l" aria-hidden="true"></div><div class="css-qoklea"><div class="css-12dchmx"></div><div data-testid="price-product-tile" class="css-8atqhb"><p class="chakra-text css-0"><span class="chakra-text css-pwnbcb" data-testid="regular-price"><span class="css-idkz9h">$6.49</span>$6.49</span></p></div><a href="/c-boost/p/20311201_EA?source=nspt" class="chakra-linkbox__overlay css-1hnz6hu"><div class="css-0"><p class="chakra-text css-1ecdp9w" data-testid="product-brand">Bolthouse</p><h3 class="chakra-heading css-6qrhwc" id="20311201_EA" data-testid="product-title">C-Boost</h3><p class="chakra-text css-1yftjin" data-testid="product-package-size">946 ml, $0.69/100ml</p></div></a><div class="css-8keand"></div></div><div class="css-1q5omjq"><div class="css-fcebb8"><div data-testid="atc-compact" class="css-y94ivq" style="width: 45px;"><button type="button" class="chakra-button css-mudsm6" data-testid="atc-button"><svg stroke="currentColor" fill="currentColor" stroke-width="0" viewBox="0 0 24 24" focusable="false" class="chakra-icon css-1g3sp7a" data-testid="btn-icon" aria-hidden="true" height="1em" width="1em" xmlns="http://www.w3.org/2000/svg"><path d="M19 13h-6v6h-2v-6H5v-2h6V5h2v6h6v2z"></path></svg><span class="css-idkz9h">Add C-Boost to cart</span></button></div></div></div></div></div></div><div class="css-0"><div class="css-f5i5wc"><div class="chakra-linkbox css-vhnn8v"><div data-testid="product-image" class="css-16dr4ly"><img alt="Bolthouse 100% Carrot 1.54 l, $0.55/100ml" src="https://assets.shop.loblaws.ca/products/20036041/b3/en/front/20036041_front_a06_@2.png" srcset="https://assets.shop.loblaws.ca/products/20036041/b3/en/front/20036041_front_a06_@2.png 1x, https://assets.shop.loblaws.ca/products/20036041/b3/en/front/20036041_front_a06_@2.png 2x" loading="lazy" class="chakra-image css-oguq8l" aria-hidden="true"></div><div class="css-qoklea"><div class="css-12dchmx"></div><div data-testid="price-product-tile" class="css-8atqhb"><p class="chakra-text css-0"><span class="chakra-text css-pwnbcb" data-testid="regular-price"><span class="css-idkz9h">$8.49</span>$8.49</span></p></div><a href="/100-carrot/p/20036041_EA?source=nspt" class="chakra-linkbox__overlay css-1hnz6hu"><div class="css-0"><p class="chakra-text css-1ecdp9w" data-testid="product-brand">Bolthouse</p><h3 class="chakra-heading css-6qrhwc" id="20036041_EA" data-testid="product-title">100% Carrot</h3><p class="chakra-text css-1yftjin" data-testid="product-package-size">1.54 l, $0.55/100ml</p></div></a><div class="css-8keand"></div></div><div class="css-1q5omjq"><div class="css-fcebb8"><div data-testid="atc-compact" class="css-y94ivq" style="width: 45px;"><button type="button" class="chakra-button css-mudsm6" data-testid="atc-button"><svg stroke="currentColor" fill="currentColor" stroke-width="0" viewBox="0 0 24 24" focusable="false" class="chakra-icon css-1g3sp7a" data-testid="btn-icon" aria-hidden="true" height="1em" width="1em" xmlns="http://www.w3.org/2000/svg"><path d="M19 13h-6v6h-2v-6H5v-2h6V5h2v6h6v2z"></path></svg><span class="css-idkz9h">Add 100% Carrot to cart</span></button></div></div></div></div></div></div><div class="css-0"><div class="css-f5i5wc"><div class="chakra-linkbox css-vhnn8v"><div data-testid="product-image" class="css-16dr4ly"><img alt="Minute Maid Real Fruit Beverage From Concentrate Lemonade Zero Sugar 2.63 l, $0.28/100ml" src="https://assets.shop.loblaws.ca/products/21592079/b3/en/front/21592079_front_a06_@2.png" srcset="https://assets.shop.loblaws.ca/products/21592079/b3/en/front/21592079_front_a06_@2.png 1x, https://assets.shop.loblaws.ca/products/21592079/b3/en/front/21592079_front_a06_@2.png 2x" loading="lazy" class="chakra-image css-oguq8l" aria-hidden="true"></div><div class="css-qoklea"><div class="css-12dchmx"><div class="chakra-badge css-34x0wr" data-testid="product-badge"><div class="css-u4p24i">New</div></div></div><div data-testid="price-product-tile" class="css-8atqhb"><p class="chakra-text css-0"><span class="chakra-text css-pwnbcb" data-testid="regular-price"><span class="css-idkz9h">$7.29</span>$7.29</span></p></div><a href="/real-fruit-beverage-from-concentrate-lemonade-zero/p/21592079_EA?source=nspt" class="chakra-linkbox__overlay css-1hnz6hu"><div class="css-0"><p class="chakra-text css-1ecdp9w" data-testid="product-brand">Minute Maid</p><h3 class="chakra-heading css-6qrhwc" id="21592079_EA" data-testid="product-title">Real Fruit Beverage From Concentrate Lemonade Zero Sugar</h3><p class="chakra-text css-1yftjin" data-testid="product-package-size">2.63 l, $0.28/100ml</p></div></a><div class="css-8keand"></div></div><div class="css-1q5omjq"><div class="css-fcebb8"><div data-testid="atc-compact" class="css-y94ivq" style="width: 45px;"><button type="button" class="chakra-button css-mudsm6" data-testid="atc-button"><svg stroke="currentColor" fill="currentColor" stroke-width="0" viewBox="0 0 24 24" focusable="false" class="chakra-icon css-1g3sp7a" data-testid="btn-icon" aria-hidden="true" height="1em" width="1em" xmlns="http://www.w3.org/2000/svg"><path d="M19 13h-6v6h-2v-6H5v-2h6V5h2v6h6v2z"></path></svg><span class="css-idkz9h">Add Real Fruit Beverage From Concentrate Lemonade Zero Sugar to cart</span></button></div></div></div></div></div></div><div class="css-0"><div class="css-f5i5wc"><div class="chakra-linkbox css-vhnn8v"><div data-testid="product-image" class="css-16dr4ly"><img alt="President's Choice 100% Orange Mango Juice 1 l, $0.20/100ml" src="https://assets.shop.loblaws.ca/products/21080961/b3/en/front/21080961_front_a06_@2.png" srcset="https://assets.shop.loblaws.ca/products/21080961/b3/en/front/21080961_front_a06_@2.png 1x, https://assets.shop.loblaws.ca/products/21080961/b3/en/front/21080961_front_a06_@2.png 2x" loading="lazy" class="chakra-image css-oguq8l" aria-hidden="true"></div><div class="css-qoklea"><div class="css-12dchmx"></div><div data-testid="price-product-tile" class="css-8atqhb"><p class="chakra-text css-0"><span class="chakra-text css-pwnbcb" data-testid="regular-price"><span class="css-idkz9h">$2.00</span>$2.00</span></p></div><a href="/100-orange-mango-juice/p/21080961_EA?source=nspt" class="chakra-linkbox__overlay css-1hnz6hu"><div class="css-0"><p class="chakra-text css-1ecdp9w" data-testid="product-brand">President's Choice</p><h3 class="chakra-heading css-6qrhwc" id="21080961_EA" data-testid="product-title">100% Orange Mango Juice</h3><p class="chakra-text css-1yftjin" data-testid="product-package-size">1 l, $0.20/100ml</p></div></a><div class="css-8keand"></div></div><div class="css-1q5omjq"><div class="css-fcebb8"><div data-testid="atc-compact" class="css-y94ivq" style="width: 45px;"><button type="button" class="chakra-button css-mudsm6" data-testid="atc-button"><svg stroke="currentColor" fill="currentColor" stroke-width="0" viewBox="0 0 24 24" focusable="false" class="chakra-icon css-1g3sp7a" data-testid="btn-icon" aria-hidden="true" height="1em" width="1em" xmlns="http://www.w3.org/2000/svg"><path d="M19 13h-6v6h-2v-6H5v-2h6V5h2v6h6v2z"></path></svg><span class="css-idkz9h">Add 100% Orange Mango Juice to cart</span></button></div></div></div></div></div></div><div class="css-0"><div class="css-f5i5wc"><div class="chakra-linkbox css-vhnn8v"><div data-testid="product-image" class="css-16dr4ly"><img alt="Tropicana Lemonade       1.54 l, $0.29/100ml" src="https://assets.shop.loblaws.ca/products/21354968/b3/en/front/21354968_front_a06_@2.png" srcset="https://assets.shop.loblaws.ca/products/21354968/b3/en/front/21354968_front_a06_@2.png 1x, https://assets.shop.loblaws.ca/products/21354968/b3/en/front/21354968_front_a06_@2.png 2x" loading="lazy" class="chakra-image css-oguq8l" aria-hidden="true"></div><div class="css-qoklea"><div class="css-12dchmx"></div><div data-testid="price-product-tile" class="css-8atqhb"><p class="chakra-text css-0"><span class="chakra-text css-pwnbcb" data-testid="regular-price"><span class="css-idkz9h">$4.49</span>$4.49</span></p></div><a href="/lemonade/p/21354968_EA?source=nspt" class="chakra-linkbox__overlay css-1hnz6hu"><div class="css-0"><p class="chakra-text css-1ecdp9w" data-testid="product-brand">Tropicana</p><h3 class="chakra-heading css-6qrhwc" id="21354968_EA" data-testid="product-title">Lemonade      </h3><p class="chakra-text css-1yftjin" data-testid="product-package-size">1.54 l, $0.29/100ml</p></div></a><div class="css-8keand"></div></div><div class="css-1q5omjq"><div class="css-fcebb8"><div data-testid="atc-compact" class="css-y94ivq" style="width: 45px;"><button type="button" class="chakra-button css-mudsm6" data-testid="atc-button"><svg stroke="currentColor" fill="currentColor" stroke-width="0" viewBox="0 0 24 24" focusable="false" class="chakra-icon css-1g3sp7a" data-testid="btn-icon" aria-hidden="true" height="1em" width="1em" xmlns="http://www.w3.org/2000/svg"><path d="M19 13h-6v6h-2v-6H5v-2h6V5h2v6h6v2z"></path></svg><span class="css-idkz9h">Add Lemonade       to cart</span></button></div></div><div class="css-4saf4a"><p class="chakra-text css-py8788" data-testid="inventory-badge-text">Low Stock</p></div></div></div></div></div><div class="css-0"><div class="css-f5i5wc"><div class="chakra-linkbox css-vhnn8v"><div data-testid="product-image" class="css-16dr4ly"><img alt="Ocean Spray Cran Tropical Cocktail 1.89 l, $0.24/100ml" src="https://assets.shop.loblaws.ca/products/21218675/b3/en/front/21218675_front_a06_@2.png" srcset="https://assets.shop.loblaws.ca/products/21218675/b3/en/front/21218675_front_a06_@2.png 1x, https://assets.shop.loblaws.ca/products/21218675/b3/en/front/21218675_front_a06_@2.png 2x" loading="lazy" class="chakra-image css-oguq8l" aria-hidden="true"></div><div class="css-qoklea"><div class="css-12dchmx"></div><div data-testid="price-product-tile" class="css-8atqhb"><p class="chakra-text css-0"><span class="chakra-text css-pwnbcb" data-testid="regular-price"><span class="css-idkz9h">$4.49</span>$4.49</span></p></div><a href="/cran-tropical-cocktail/p/21218675_EA?source=nspt" class="chakra-linkbox__overlay css-1hnz6hu"><div class="css-0"><p class="chakra-text css-1ecdp9w" data-testid="product-brand">Ocean Spray</p><h3 class="chakra-heading css-6qrhwc" id="21218675_EA" data-testid="product-title">Cran Tropical Cocktail</h3><p class="chakra-text css-1yftjin" data-testid="product-package-size">1.89 l, $0.24/100ml</p></div></a><div class="css-8keand"></div></div><div class="css-1q5omjq"><div class="css-fcebb8"><div data-testid="atc-compact" class="css-y94ivq" style="width: 45px;"><button type="button" class="chakra-button css-mudsm6" data-testid="atc-button"><svg stroke="currentColor" fill="currentColor" stroke-width="0" viewBox="0 0 24 24" focusable="false" class="chakra-icon css-1g3sp7a" data-testid="btn-icon" aria-hidden="true" height="1em" width="1em" xmlns="http://www.w3.org/2000/svg"><path d="M19 13h-6v6h-2v-6H5v-2h6V5h2v6h6v2z"></path></svg><span class="css-idkz9h">Add Cran Tropical Cocktail to cart</span></button></div></div></div></div></div></div><div class="css-0"><div class="css-f5i5wc"><div class="chakra-linkbox css-vhnn8v"><div data-testid="product-image" class="css-16dr4ly"><img alt="Tropicana Watermelon Beverage      1.54 l, $0.28/100ml" src="https://assets.shop.loblaws.ca/products/21354941/b3/en/front/21354941_front_a06_@2.png" srcset="https://assets.shop.loblaws.ca/products/21354941/b3/en/front/21354941_front_a06_@2.png 1x, https://assets.shop.loblaws.ca/products/21354941/b3/en/front/21354941_front_a06_@2.png 2x" loading="lazy" class="chakra-image css-oguq8l" aria-hidden="true"></div><div class="css-qoklea"><div class="css-12dchmx"></div><div data-testid="price-product-tile" class="css-8atqhb"><p class="chakra-text css-0"><span class="chakra-text css-pwnbcb" data-testid="regular-price"><span class="css-idkz9h">$4.29</span>$4.29</span></p></div><a href="/watermelon-beverage/p/21354941_EA?source=nspt" class="chakra-linkbox__overlay css-1hnz6hu"><div class="css-0"><p class="chakra-text css-1ecdp9w" data-testid="product-brand">Tropicana</p><h3 class="chakra-heading css-6qrhwc" id="21354941_EA" data-testid="product-title">Watermelon Beverage     </h3><p class="chakra-text css-1yftjin" data-testid="product-package-size">1.54 l, $0.28/100ml</p></div></a><div class="css-8keand"></div></div><div class="css-1q5omjq"><div class="css-fcebb8"><div data-testid="atc-compact" class="css-y94ivq" style="width: 45px;"><button disabled="" type="button" class="chakra-button css-mudsm6" data-testid="atc-button"><svg stroke="currentColor" fill="currentColor" stroke-width="0" viewBox="0 0 24 24" focusable="false" class="chakra-icon css-1g3sp7a" data-testid="btn-icon" aria-hidden="true" height="1em" width="1em" xmlns="http://www.w3.org/2000/svg"><path d="M19 13h-6v6h-2v-6H5v-2h6V5h2v6h6v2z"></path></svg><span class="css-idkz9h">Add Watermelon Beverage      to cart</span></button></div></div><div class="css-4saf4a"><p class="chakra-text css-py8788" data-testid="inventory-badge-text">Out of Stock</p></div></div></div></div></div><div class="css-0"><div class="css-f5i5wc"><div class="chakra-linkbox css-vhnn8v"><div data-testid="product-image" class="css-16dr4ly"><img alt="Tropicana Cranberry 1.75 l, $0.31/100ml" src="https://assets.shop.loblaws.ca/products/20315789003/b3/en/front/20315789003_front_a06_@2.png" srcset="https://assets.shop.loblaws.ca/products/20315789003/b3/en/front/20315789003_front_a06_@2.png 1x, https://assets.shop.loblaws.ca/products/20315789003/b3/en/front/20315789003_front_a06_@2.png 2x" loading="lazy" class="chakra-image css-oguq8l" aria-hidden="true"></div><div class="css-qoklea"><div class="css-12dchmx"></div><div data-testid="price-product-tile" class="css-8atqhb"><p class="chakra-text css-0"><span class="chakra-text css-o93gbd" data-testid="sale-price"><span class="css-idkz9h">$5.49</span>$5.49</span><span class="chakra-text css-623q5h" data-testid="was-price"><span class="css-idkz9h">$5.79</span>$5.79</span></p><p class="chakra-text css-1m5a6y8" data-testid="price-descriptor">SAVE $0.30</p></div><a href="/cranberry/p/20315789003_EA?source=nspt" class="chakra-linkbox__overlay css-1hnz6hu"><div class="css-0"><p class="chakra-text css-1ecdp9w" data-testid="product-brand">Tropicana</p><h3 class="chakra-heading css-6qrhwc" id="20315789003_EA" data-testid="product-title">Cranberry</h3><p class="chakra-text css-1yftjin" data-testid="product-package-size">1.75 l, $0.31/100ml</p></div></a><div class="css-8keand"></div></div><div class="css-1q5omjq"><div class="css-fcebb8"><div data-testid="atc-compact" class="css-y94ivq" style="width: 45px;"><button type="button" class="chakra-button css-mudsm6" data-testid="atc-button"><svg stroke="currentColor" fill="currentColor" stroke-width="0" viewBox="0 0 24 24" focusable="false" class="chakra-icon css-1g3sp7a" data-testid="btn-icon" aria-hidden="true" height="1em" width="1em" xmlns="http://www.w3.org/2000/svg"><path d="M19 13h-6v6h-2v-6H5v-2h6V5h2v6h6v2z"></path></svg><span class="css-idkz9h">Add Cranberry to cart</span></button></div></div></div></div></div></div></div><div data-testid="product-grid" class="css-epcqr3"><div class="css-0"><div class="css-f5i5wc"><div class="chakra-linkbox css-vhnn8v"><div data-testid="product-image" class="css-16dr4ly"><img alt="Oasis Smoothie Green Activ 1.6 l, $0.28/100ml" src="https://assets.shop.loblaws.ca/products/21529938/b3/en/front/21529938_front_a06_@2.png" srcset="https://assets.shop.loblaws.ca/products/21529938/b3/en/front/21529938_front_a06_@2.png 1x, https://assets.shop.loblaws.ca/products/21529938/b3/en/front/21529938_front_a06_@2.png 2x" loading="lazy" class="chakra-image css-oguq8l" aria-hidden="true"></div><div class="css-qoklea"><div class="css-12dchmx"></div><div data-testid="price-product-tile" class="css-8atqhb"><p class="chakra-text css-0"><span class="chakra-text css-pwnbcb" data-testid="regular-price"><span class="css-idkz9h">$4.49</span>$4.49</span></p></div><a href="/smoothie-green-activ/p/21529938_EA?source=nspt" class="chakra-linkbox__overlay css-1hnz6hu"><div class="css-0"><p class="chakra-text css-1ecdp9w" data-testid="product-brand">Oasis</p><h3 class="chakra-heading css-6qrhwc" id="21529938_EA" data-testid="product-title">Smoothie Green Activ</h3><p class="chakra-text css-1yftjin" data-testid="product-package-size">1.6 l, $0.28/100ml</p></div></a><div class="css-8keand"></div></div><div class="css-1q5omjq"><div class="css-fcebb8"><div data-testid="atc-compact" class="css-y94ivq" style="width: 45px;"><button type="button" class="chakra-button css-mudsm6" data-testid="atc-button"><svg stroke="currentColor" fill="currentColor" stroke-width="0" viewBox="0 0 24 24" focusable="false" class="chakra-icon css-1g3sp7a" data-testid="btn-icon" aria-hidden="true" height="1em" width="1em" xmlns="http://www.w3.org/2000/svg"><path d="M19 13h-6v6h-2v-6H5v-2h6V5h2v6h6v2z"></path></svg><span class="css-idkz9h">Add Smoothie Green Activ to cart</span></button></div></div></div></div></div></div><div class="css-0"><div class="css-f5i5wc"><div class="chakra-linkbox css-vhnn8v"><div data-testid="product-image" class="css-16dr4ly"><img alt="Peace Tea Razzleberry 1.75 l, $0.16/100ml" src="https://assets.shop.loblaws.ca/products/21170670/b3/en/front/21170670_front_a06_@2.png" srcset="https://assets.shop.loblaws.ca/products/21170670/b3/en/front/21170670_front_a06_@2.png 1x, https://assets.shop.loblaws.ca/products/21170670/b3/en/front/21170670_front_a06_@2.png 2x" loading="lazy" class="chakra-image css-oguq8l" aria-hidden="true"></div><div class="css-qoklea"><div class="css-12dchmx"></div><div data-testid="price-product-tile" class="css-8atqhb"><p class="chakra-text css-0"><span class="chakra-text css-pwnbcb" data-testid="regular-price"><span class="css-idkz9h">$2.79</span>$2.79</span></p></div><a href="/razzleberry/p/21170670_EA?source=nspt" class="chakra-linkbox__overlay css-1hnz6hu"><div class="css-0"><p class="chakra-text css-1ecdp9w" data-testid="product-brand">Peace Tea</p><h3 class="chakra-heading css-6qrhwc" id="21170670_EA" data-testid="product-title">Razzleberry</h3><p class="chakra-text css-1yftjin" data-testid="product-package-size">1.75 l, $0.16/100ml</p></div></a><div class="css-8keand"></div></div><div class="css-1q5omjq"><div class="css-fcebb8"><div data-testid="atc-compact" class="css-y94ivq" style="width: 45px;"><button type="button" class="chakra-button css-mudsm6" data-testid="atc-button"><svg stroke="currentColor" fill="currentColor" stroke-width="0" viewBox="0 0 24 24" focusable="false" class="chakra-icon css-1g3sp7a" data-testid="btn-icon" aria-hidden="true" height="1em" width="1em" xmlns="http://www.w3.org/2000/svg"><path d="M19 13h-6v6h-2v-6H5v-2h6V5h2v6h6v2z"></path></svg><span class="css-idkz9h">Add Razzleberry to cart</span></button></div></div></div></div></div></div><div class="css-0"><div class="css-f5i5wc"><div class="chakra-linkbox css-vhnn8v"><div data-testid="product-image" class="css-16dr4ly"><img alt="No Name Lemon Juice 946 ml, $0.24/100ml" src="https://assets.shop.loblaws.ca/products/20642581/b3/en/front/20642581_front_a06_@2.png" srcset="https://assets.shop.loblaws.ca/products/20642581/b3/en/front/20642581_front_a06_@2.png 1x, https://assets.shop.loblaws.ca/products/20642581/b3/en/front/20642581_front_a06_@2.png 2x" loading="lazy" class="chakra-image css-oguq8l" aria-hidden="true"></div><div class="css-qoklea"><div class="css-12dchmx"></div><div data-testid="price-product-tile" class="css-8atqhb"><p class="chakra-text css-0"><span class="chakra-text css-pwnbcb" data-testid="regular-price"><span class="css-idkz9h">$2.29</span>$2.29</span></p></div><a href="/lemon-juice/p/20642581_EA?source=nspt" class="chakra-linkbox__overlay css-1hnz6hu"><div class="css-0"><p class="chakra-text css-1ecdp9w" data-testid="product-brand">No Name</p><h3 class="chakra-heading css-6qrhwc" id="20642581_EA" data-testid="product-title">Lemon Juice</h3><p class="chakra-text css-1yftjin" data-testid="product-package-size">946 ml, $0.24/100ml</p></div></a><div class="css-8keand"></div></div><div class="css-1q5omjq"><div class="css-fcebb8"><div data-testid="atc-compact" class="css-y94ivq" style="width: 45px;"><button type="button" class="chakra-button css-mudsm6" data-testid="atc-button"><svg stroke="currentColor" fill="currentColor" stroke-width="0" viewBox="0 0 24 24" focusable="false" class="chakra-icon css-1g3sp7a" data-testid="btn-icon" aria-hidden="true" height="1em" width="1em" xmlns="http://www.w3.org/2000/svg"><path d="M19 13h-6v6h-2v-6H5v-2h6V5h2v6h6v2z"></path></svg><span class="css-idkz9h">Add Lemon Juice to cart</span></button></div></div></div></div></div></div><div class="css-0"><div class="css-f5i5wc"><div class="chakra-linkbox css-vhnn8v"><div data-testid="product-image" class="css-16dr4ly"><img alt="Oasis Hydrafruit Strawberry Kiwi Fruit Juice Boxes 8x200.0 ml, $0.28/100ml" src="https://assets.shop.loblaws.ca/products/21004487/b3/en/front/21004487_front_a06_@2.png" srcset="https://assets.shop.loblaws.ca/products/21004487/b3/en/front/21004487_front_a06_@2.png 1x, https://assets.shop.loblaws.ca/products/21004487/b3/en/front/21004487_front_a06_@2.png 2x" loading="lazy" class="chakra-image css-oguq8l" aria-hidden="true"></div><div class="css-qoklea"><div class="css-12dchmx"></div><div data-testid="price-product-tile" class="css-8atqhb"><p class="chakra-text css-0"><span class="chakra-text css-pwnbcb" data-testid="regular-price"><span class="css-idkz9h">$4.49</span>$4.49</span></p></div><a href="/hydrafruit-strawberry-kiwi-fruit-juice-boxes/p/21004487_EA?source=nspt" class="chakra-linkbox__overlay css-1hnz6hu"><div class="css-0"><p class="chakra-text css-1ecdp9w" data-testid="product-brand">Oasis</p><h3 class="chakra-heading css-6qrhwc" id="21004487_EA" data-testid="product-title">Hydrafruit Strawberry Kiwi Fruit Juice Boxes</h3><p class="chakra-text css-1yftjin" data-testid="product-package-size">8x200.0 ml, $0.28/100ml</p></div></a><div class="css-8keand"></div></div><div class="css-1q5omjq"><div class="css-fcebb8"><div data-testid="atc-compact" class="css-y94ivq" style="width: 45px;"><button type="button" class="chakra-button css-mudsm6" data-testid="atc-button"><svg stroke="currentColor" fill="currentColor" stroke-width="0" viewBox="0 0 24 24" focusable="false" class="chakra-icon css-1g3sp7a" data-testid="btn-icon" aria-hidden="true" height="1em" width="1em" xmlns="http://www.w3.org/2000/svg"><path d="M19 13h-6v6h-2v-6H5v-2h6V5h2v6h6v2z"></path></svg><span class="css-idkz9h">Add Hydrafruit Strawberry Kiwi Fruit Juice Boxes to cart</span></button></div></div></div></div></div></div><div class="css-0"><div class="css-f5i5wc"><div class="chakra-linkbox css-vhnn8v"><div data-testid="product-image" class="css-16dr4ly"><img alt="Sunny Delight Tangy 1.89 l, $0.13/100ml" src="https://assets.shop.loblaws.ca/products/21102504/b3/en/front/21102504_front_a06_@2.png" srcset="https://assets.shop.loblaws.ca/products/21102504/b3/en/front/21102504_front_a06_@2.png 1x, https://assets.shop.loblaws.ca/products/21102504/b3/en/front/21102504_front_a06_@2.png 2x" loading="lazy" class="chakra-image css-oguq8l" aria-hidden="true"></div><div class="css-qoklea"><div class="css-12dchmx"></div><div data-testid="price-product-tile" class="css-8atqhb"><p class="chakra-text css-0"><span class="chakra-text css-o93gbd" data-testid="sale-price"><span class="css-idkz9h">$2.49</span>$2.49</span><span class="chakra-text css-623q5h" data-testid="was-price"><span class="css-idkz9h">$3.49</span>$3.49</span></p><p class="chakra-text css-1m5a6y8" data-testid="price-descriptor">SAVE $1.00</p></div><a href="/tangy/p/21102504_EA?source=nspt" class="chakra-linkbox__overlay css-1hnz6hu"><div class="css-0"><p class="chakra-text css-1ecdp9w" data-testid="product-brand">Sunny Delight</p><h3 class="chakra-heading css-6qrhwc" id="21102504_EA" data-testid="product-title">Tangy</h3><p class="chakra-text css-1yftjin" data-testid="product-package-size">1.89 l, $0.13/100ml</p></div></a><div class="css-8keand"></div></div><div class="css-1q5omjq"><div class="css-fcebb8"><div data-testid="atc-compact" class="css-y94ivq" style="width: 45px;"><button type="button" class="chakra-button css-mudsm6" data-testid="atc-button"><svg stroke="currentColor" fill="currentColor" stroke-width="0" viewBox="0 0 24 24" focusable="false" class="chakra-icon css-1g3sp7a" data-testid="btn-icon" aria-hidden="true" height="1em" width="1em" xmlns="http://www.w3.org/2000/svg"><path d="M19 13h-6v6h-2v-6H5v-2h6V5h2v6h6v2z"></path></svg><span class="css-idkz9h">Add Tangy to cart</span></button></div></div></div></div></div></div><div class="css-0"><div class="css-f5i5wc"><div class="chakra-linkbox css-vhnn8v"><div data-testid="product-image" class="css-16dr4ly"><img alt="Minute Maid Fruit Punch Juice Beverage, Carton 1 l, $0.20/100ml" src="https://assets.shop.loblaws.ca/products/21237894/b3/en/front/21237894_front_a06_@2.png" srcset="https://assets.shop.loblaws.ca/products/21237894/b3/en/front/21237894_front_a06_@2.png 1x, https://assets.shop.loblaws.ca/products/21237894/b3/en/front/21237894_front_a06_@2.png 2x" loading="lazy" class="chakra-image css-oguq8l" aria-hidden="true"></div><div class="css-qoklea"><div class="css-12dchmx"></div><div data-testid="price-product-tile" class="css-8atqhb"><p class="chakra-text css-0"><span class="chakra-text css-pwnbcb" data-testid="regular-price"><span class="css-idkz9h">$1.99</span>$1.99</span></p></div><a href="/fruit-punch-juice-beverage-carton/p/21237894_EA?source=nspt" class="chakra-linkbox__overlay css-1hnz6hu"><div class="css-0"><p class="chakra-text css-1ecdp9w" data-testid="product-brand">Minute Maid</p><h3 class="chakra-heading css-6qrhwc" id="21237894_EA" data-testid="product-title">Fruit Punch Juice Beverage, Carton</h3><p class="chakra-text css-1yftjin" data-testid="product-package-size">1 l, $0.20/100ml</p></div></a><div class="css-8keand"></div></div><div class="css-1q5omjq"><div class="css-fcebb8"><div data-testid="atc-compact" class="css-y94ivq" style="width: 45px;"><button type="button" class="chakra-button css-mudsm6" data-testid="atc-button"><svg stroke="currentColor" fill="currentColor" stroke-width="0" viewBox="0 0 24 24" focusable="false" class="chakra-icon css-1g3sp7a" data-testid="btn-icon" aria-hidden="true" height="1em" width="1em" xmlns="http://www.w3.org/2000/svg"><path d="M19 13h-6v6h-2v-6H5v-2h6V5h2v6h6v2z"></path></svg><span class="css-idkz9h">Add Fruit Punch Juice Beverage, Carton to cart</span></button></div></div></div></div></div></div><div class="css-0"><div class="css-f5i5wc"><div class="chakra-linkbox css-vhnn8v"><div data-testid="product-image" class="css-16dr4ly"><img alt="President's Choice Jalapeno Lemonade 1.54 l, $0.29/100ml" src="https://assets.shop.loblaws.ca/products/21430650/b3/en/front/21430650_front_a06_@2.png" srcset="https://assets.shop.loblaws.ca/products/21430650/b3/en/front/21430650_front_a06_@2.png 1x, https://assets.shop.loblaws.ca/products/21430650/b3/en/front/21430650_front_a06_@2.png 2x" loading="lazy" class="chakra-image css-oguq8l" aria-hidden="true"></div><div class="css-qoklea"><div class="css-12dchmx"></div><div data-testid="price-product-tile" class="css-8atqhb"><p class="chakra-text css-0"><span class="chakra-text css-pwnbcb" data-testid="regular-price"><span class="css-idkz9h">$4.49</span>$4.49</span></p></div><a href="/jalapeno-lemonade/p/21430650_EA?source=nspt" class="chakra-linkbox__overlay css-1hnz6hu"><div class="css-0"><p class="chakra-text css-1ecdp9w" data-testid="product-brand">President's Choice</p><h3 class="chakra-heading css-6qrhwc" id="21430650_EA" data-testid="product-title">Jalapeno Lemonade</h3><p class="chakra-text css-1yftjin" data-testid="product-package-size">1.54 l, $0.29/100ml</p></div></a><div class="css-8keand"></div></div><div class="css-1q5omjq"><div class="css-fcebb8"><div data-testid="atc-compact" class="css-y94ivq" style="width: 45px;"><button type="button" class="chakra-button css-mudsm6" data-testid="atc-button"><svg stroke="currentColor" fill="currentColor" stroke-width="0" viewBox="0 0 24 24" focusable="false" class="chakra-icon css-1g3sp7a" data-testid="btn-icon" aria-hidden="true" height="1em" width="1em" xmlns="http://www.w3.org/2000/svg"><path d="M19 13h-6v6h-2v-6H5v-2h6V5h2v6h6v2z"></path></svg><span class="css-idkz9h">Add Jalapeno Lemonade to cart</span></button></div></div></div></div></div></div><div class="css-0"><div class="css-f5i5wc"><div class="chakra-linkbox css-vhnn8v"><div data-testid="product-image" class="css-16dr4ly"><img alt="Tropicana Orange Juice Some Pulp 1.54 l, $0.37/100ml" src="https://assets.shop.loblaws.ca/products/21209835/b3/en/front/21209835_front_a06_@2.png" srcset="https://assets.shop.loblaws.ca/products/21209835/b3/en/front/21209835_front_a06_@2.png 1x, https://assets.shop.loblaws.ca/products/21209835/b3/en/front/21209835_front_a06_@2.png 2x" loading="lazy" class="chakra-image css-oguq8l" aria-hidden="true"></div><div class="css-qoklea"><div class="css-12dchmx"></div><div data-testid="price-product-tile" class="css-8atqhb"><p class="chakra-text css-0"><span class="chakra-text css-pwnbcb" data-testid="regular-price"><span class="css-idkz9h">$5.69</span>$5.69</span></p></div><a href="/orange-juice-some-pulp/p/21209835_EA?source=nspt" class="chakra-linkbox__overlay css-1hnz6hu"><div class="css-0"><p class="chakra-text css-1ecdp9w" data-testid="product-brand">Tropicana</p><h3 class="chakra-heading css-6qrhwc" id="21209835_EA" data-testid="product-title">Orange Juice Some Pulp</h3><p class="chakra-text css-1yftjin" data-testid="product-package-size">1.54 l, $0.37/100ml</p></div></a><div class="css-8keand"></div></div><div class="css-1q5omjq"><div class="css-fcebb8"><div data-testid="atc-compact" class="css-y94ivq" style="width: 45px;"><button type="button" class="chakra-button css-mudsm6" data-testid="atc-button"><svg stroke="currentColor" fill="currentColor" stroke-width="0" viewBox="0 0 24 24" focusable="false" class="chakra-icon css-1g3sp7a" data-testid="btn-icon" aria-hidden="true" height="1em" width="1em" xmlns="http://www.w3.org/2000/svg"><path d="M19 13h-6v6h-2v-6H5v-2h6V5h2v6h6v2z"></path></svg><span class="css-idkz9h">Add Orange Juice Some Pulp to cart</span></button></div></div></div></div></div></div><div class="css-0"><div class="css-f5i5wc"><div class="chakra-linkbox css-vhnn8v"><div data-testid="product-image" class="css-16dr4ly"><img alt="Fruitopia Strawberry Passion Awareness 1 l, $0.20/100ml" src="https://assets.shop.loblaws.ca/products/21237911/b3/en/front/21237911_front_a06_@2.png" srcset="https://assets.shop.loblaws.ca/products/21237911/b3/en/front/21237911_front_a06_@2.png 1x, https://assets.shop.loblaws.ca/products/21237911/b3/en/front/21237911_front_a06_@2.png 2x" loading="lazy" class="chakra-image css-oguq8l" aria-hidden="true"></div><div class="css-qoklea"><div class="css-12dchmx"></div><div data-testid="price-product-tile" class="css-8atqhb"><p class="chakra-text css-0"><span class="chakra-text css-pwnbcb" data-testid="regular-price"><span class="css-idkz9h">$1.99</span>$1.99</span></p></div><a href="/strawberry-passion-awareness/p/21237911_EA?source=nspt" class="chakra-linkbox__overlay css-1hnz6hu"><div class="css-0"><p class="chakra-text css-1ecdp9w" data-testid="product-brand">Fruitopia</p><h3 class="chakra-heading css-6qrhwc" id="21237911_EA" data-testid="product-title">Strawberry Passion Awareness</h3><p class="chakra-text css-1yftjin" data-testid="product-package-size">1 l, $0.20/100ml</p></div></a><div class="css-8keand"></div></div><div class="css-1q5omjq"><div class="css-fcebb8"><div data-testid="atc-compact" class="css-y94ivq" style="width: 45px;"><button type="button" class="chakra-button css-mudsm6" data-testid="atc-button"><svg stroke="currentColor" fill="currentColor" stroke-width="0" viewBox="0 0 24 24" focusable="false" class="chakra-icon css-1g3sp7a" data-testid="btn-icon" aria-hidden="true" height="1em" width="1em" xmlns="http://www.w3.org/2000/svg"><path d="M19 13h-6v6h-2v-6H5v-2h6V5h2v6h6v2z"></path></svg><span class="css-idkz9h">Add Strawberry Passion Awareness to cart</span></button></div></div></div></div></div></div><div class="css-0"><div class="css-f5i5wc"><div class="chakra-linkbox css-vhnn8v"><div data-testid="product-image" class="css-16dr4ly"><img alt="Minute Maid 100% Apple Juice From Concentrate, Carton 1 l, $0.20/100ml" src="https://assets.shop.loblaws.ca/products/20336726001/b3/en/front/20336726001_front_a06_@2.png" srcset="https://assets.shop.loblaws.ca/products/20336726001/b3/en/front/20336726001_front_a06_@2.png 1x, https://assets.shop.loblaws.ca/products/20336726001/b3/en/front/20336726001_front_a06_@2.png 2x" loading="lazy" class="chakra-image css-oguq8l" aria-hidden="true"></div><div class="css-qoklea"><div class="css-12dchmx"></div><div data-testid="price-product-tile" class="css-8atqhb"><p class="chakra-text css-0"><span class="chakra-text css-pwnbcb" data-testid="regular-price"><span class="css-idkz9h">$1.99</span>$1.99</span></p></div><a href="/100-apple-juice-from-concentrate-carton/p/20336726001_EA?source=nspt" class="chakra-linkbox__overlay css-1hnz6hu"><div class="css-0"><p class="chakra-text css-1ecdp9w" data-testid="product-brand">Minute Maid</p><h3 class="chakra-heading css-6qrhwc" id="20336726001_EA" data-testid="product-title">100% Apple Juice From Concentrate, Carton</h3><p class="chakra-text css-1yftjin" data-testid="product-package-size">1 l, $0.20/100ml</p></div></a><div class="css-8keand"></div></div><div class="css-1q5omjq"><div class="css-fcebb8"><div data-testid="atc-compact" class="css-y94ivq" style="width: 45px;"><button type="button" class="chakra-button css-mudsm6" data-testid="atc-button"><svg stroke="currentColor" fill="currentColor" stroke-width="0" viewBox="0 0 24 24" focusable="false" class="chakra-icon css-1g3sp7a" data-testid="btn-icon" aria-hidden="true" height="1em" width="1em" xmlns="http://www.w3.org/2000/svg"><path d="M19 13h-6v6h-2v-6H5v-2h6V5h2v6h6v2z"></path></svg><span class="css-idkz9h">Add 100% Apple Juice From Concentrate, Carton to cart</span></button></div></div></div></div></div></div><div class="css-0"><div class="css-f5i5wc"><div class="chakra-linkbox css-vhnn8v"><div data-testid="product-image" class="css-16dr4ly"><img alt="Ocean Spray Cran-Pom Cocktail 1.89 l, $0.24/100ml" src="https://assets.shop.loblaws.ca/products/20300006002/b3/en/front/20300006002_front_a06_@2.png" srcset="https://assets.shop.loblaws.ca/products/20300006002/b3/en/front/20300006002_front_a06_@2.png 1x, https://assets.shop.loblaws.ca/products/20300006002/b3/en/front/20300006002_front_a06_@2.png 2x" loading="lazy" class="chakra-image css-oguq8l" aria-hidden="true"></div><div class="css-qoklea"><div class="css-12dchmx"></div><div data-testid="price-product-tile" class="css-8atqhb"><p class="chakra-text css-0"><span class="chakra-text css-pwnbcb" data-testid="regular-price"><span class="css-idkz9h">$4.49</span>$4.49</span></p></div><a href="/cran-pom-cocktail/p/20300006002_EA?source=nspt" class="chakra-linkbox__overlay css-1hnz6hu"><div class="css-0"><p class="chakra-text css-1ecdp9w" data-testid="product-brand">Ocean Spray</p><h3 class="chakra-heading css-6qrhwc" id="20300006002_EA" data-testid="product-title">Cran-Pom Cocktail</h3><p class="chakra-text css-1yftjin" data-testid="product-package-size">1.89 l, $0.24/100ml</p></div></a><div class="css-8keand"></div></div><div class="css-1q5omjq"><div class="css-fcebb8"><div data-testid="atc-compact" class="css-y94ivq" style="width: 45px;"><button type="button" class="chakra-button css-mudsm6" data-testid="atc-button"><svg stroke="currentColor" fill="currentColor" stroke-width="0" viewBox="0 0 24 24" focusable="false" class="chakra-icon css-1g3sp7a" data-testid="btn-icon" aria-hidden="true" height="1em" width="1em" xmlns="http://www.w3.org/2000/svg"><path d="M19 13h-6v6h-2v-6H5v-2h6V5h2v6h6v2z"></path></svg><span class="css-idkz9h">Add Cran-Pom Cocktail to cart</span></button></div></div></div></div></div></div><div class="css-0"><div class="css-f5i5wc"><div class="chakra-linkbox css-vhnn8v"><div data-testid="product-image" class="css-16dr4ly"><img alt="Grace 100% Pure Coconut Water 500 ml, $0.30/100ml" src="https://assets.shop.loblaws.ca/products/21027754/b3/en/front/21027754_front_a06_@2.png" srcset="https://assets.shop.loblaws.ca/products/21027754/b3/en/front/21027754_front_a06_@2.png 1x, https://assets.shop.loblaws.ca/products/21027754/b3/en/front/21027754_front_a06_@2.png 2x" loading="lazy" class="chakra-image css-oguq8l" aria-hidden="true"></div><div class="css-qoklea"><div class="css-12dchmx"></div><div data-testid="price-product-tile" class="css-8atqhb"><p class="chakra-text css-0"><span class="chakra-text css-pwnbcb" data-testid="regular-price"><span class="css-idkz9h">$1.49</span>$1.49</span></p></div><a href="/100-pure-coconut-water/p/21027754_EA?source=nspt" class="chakra-linkbox__overlay css-1hnz6hu"><div class="css-0"><p class="chakra-text css-1ecdp9w" data-testid="product-brand">Grace</p><h3 class="chakra-heading css-6qrhwc" id="21027754_EA" data-testid="product-title">100% Pure Coconut Water</h3><p class="chakra-text css-1yftjin" data-testid="product-package-size">500 ml, $0.30/100ml</p></div></a><div class="css-8keand"></div></div><div class="css-1q5omjq"><div class="css-fcebb8"><div data-testid="atc-compact" class="css-y94ivq" style="width: 45px;"><button type="button" class="chakra-button css-mudsm6" data-testid="atc-button"><svg stroke="currentColor" fill="currentColor" stroke-width="0" viewBox="0 0 24 24" focusable="false" class="chakra-icon css-1g3sp7a" data-testid="btn-icon" aria-hidden="true" height="1em" width="1em" xmlns="http://www.w3.org/2000/svg"><path d="M19 13h-6v6h-2v-6H5v-2h6V5h2v6h6v2z"></path></svg><span class="css-idkz9h">Add 100% Pure Coconut Water to cart</span></button></div></div></div></div></div></div><div class="css-0"><div class="css-f5i5wc"><div class="chakra-linkbox css-vhnn8v"><div data-testid="product-image" class="css-16dr4ly"><img alt="Minute Maid Low Acid 100% Orange Juice Nutri Pulp Free 1.75 l, $0.31/100ml" src="https://assets.shop.loblaws.ca/products/20345605001/b3/en/front/20345605001_front_a06_@2.png" srcset="https://assets.shop.loblaws.ca/products/20345605001/b3/en/front/20345605001_front_a06_@2.png 1x, https://assets.shop.loblaws.ca/products/20345605001/b3/en/front/20345605001_front_a06_@2.png 2x" loading="lazy" class="chakra-image css-oguq8l" aria-hidden="true"></div><div class="css-qoklea"><div class="css-12dchmx"></div><div data-testid="price-product-tile" class="css-8atqhb"><p class="chakra-text css-0"><span class="chakra-text css-o93gbd" data-testid="sale-price"><span class="css-idkz9h">$5.49</span>$5.49</span><span class="chakra-text css-623q5h" data-testid="was-price"><span class="css-idkz9h">$5.79</span>$5.79</span></p><p class="chakra-text css-1m5a6y8" data-testid="price-descriptor">SAVE $0.30</p></div><a href="/low-acid-100-orange-juice-nutri-pulp-free/p/20345605001_EA?source=nspt" class="chakra-linkbox__overlay css-1hnz6hu"><div class="css-0"><p class="chakra-text css-1ecdp9w" data-testid="product-brand">Minute Maid</p><h3 class="chakra-heading css-6qrhwc" id="20345605001_EA" data-testid="product-title">Low Acid 100% Orange Juice Nutri Pulp Free</h3><p class="chakra-text css-1yftjin" data-testid="product-package-size">1.75 l, $0.31/100ml</p></div></a><div class="css-8keand"></div></div><div class="css-1q5omjq"><div class="css-fcebb8"><div data-testid="atc-compact" class="css-y94ivq" style="width: 45px;"><button type="button" class="chakra-button css-mudsm6" data-testid="atc-button"><svg stroke="currentColor" fill="currentColor" stroke-width="0" viewBox="0 0 24 24" focusable="false" class="chakra-icon css-1g3sp7a" data-testid="btn-icon" aria-hidden="true" height="1em" width="1em" xmlns="http://www.w3.org/2000/svg"><path d="M19 13h-6v6h-2v-6H5v-2h6V5h2v6h6v2z"></path></svg><span class="css-idkz9h">Add Low Acid 100% Orange Juice Nutri Pulp Free to cart</span></button></div></div></div></div></div></div><div class="css-0"><div class="css-f5i5wc"><div class="chakra-linkbox css-vhnn8v"><div data-testid="product-image" class="css-16dr4ly"><img alt="Allen's Apple Juice Cocktail 24x200.0 ml, $0.17/100ml" src="https://assets.shop.loblaws.ca/products/20340520/b3/en/front/20340520_front_a06_@2.png" srcset="https://assets.shop.loblaws.ca/products/20340520/b3/en/front/20340520_front_a06_@2.png 1x, https://assets.shop.loblaws.ca/products/20340520/b3/en/front/20340520_front_a06_@2.png 2x" loading="lazy" class="chakra-image css-oguq8l" aria-hidden="true"></div><div class="css-qoklea"><div class="css-12dchmx"></div><div data-testid="price-product-tile" class="css-8atqhb"><p class="chakra-text css-0"><span class="chakra-text css-pwnbcb" data-testid="regular-price"><span class="css-idkz9h">$7.99</span>$7.99</span></p></div><a href="/apple-juice-cocktail/p/20340520_EA?source=nspt" class="chakra-linkbox__overlay css-1hnz6hu"><div class="css-0"><p class="chakra-text css-1ecdp9w" data-testid="product-brand">Allen's</p><h3 class="chakra-heading css-6qrhwc" id="20340520_EA" data-testid="product-title">Apple Juice Cocktail</h3><p class="chakra-text css-1yftjin" data-testid="product-package-size">24x200.0 ml, $0.17/100ml</p></div></a><div class="css-8keand"></div></div><div class="css-1q5omjq"><div class="css-fcebb8"><div data-testid="atc-compact" class="css-y94ivq" style="width: 45px;"><button type="button" class="chakra-button css-mudsm6" data-testid="atc-button"><svg stroke="currentColor" fill="currentColor" stroke-width="0" viewBox="0 0 24 24" focusable="false" class="chakra-icon css-1g3sp7a" data-testid="btn-icon" aria-hidden="true" height="1em" width="1em" xmlns="http://www.w3.org/2000/svg"><path d="M19 13h-6v6h-2v-6H5v-2h6V5h2v6h6v2z"></path></svg><span class="css-idkz9h">Add Apple Juice Cocktail to cart</span></button></div></div></div></div></div></div><div class="css-0"><div class="css-f5i5wc"><div class="chakra-linkbox css-vhnn8v"><div data-testid="product-image" class="css-16dr4ly"><img alt="Tropicana Orange Juice Lots of Pulp 1.54 l, $0.37/100ml" src="https://assets.shop.loblaws.ca/products/21209834/b3/en/front/21209834_front_a06_@2.png" srcset="https://assets.shop.loblaws.ca/products/21209834/b3/en/front/21209834_front_a06_@2.png 1x, https://assets.shop.loblaws.ca/products/21209834/b3/en/front/21209834_front_a06_@2.png 2x" loading="lazy" class="chakra-image css-oguq8l" aria-hidden="true"></div><div class="css-qoklea"><div class="css-12dchmx"></div><div data-testid="price-product-tile" class="css-8atqhb"><p class="chakra-text css-0"><span class="chakra-text css-pwnbcb" data-testid="regular-price"><span class="css-idkz9h">$5.69</span>$5.69</span></p></div><a href="/orange-juice-lots-of-pulp/p/21209834_EA?source=nspt" class="chakra-linkbox__overlay css-1hnz6hu"><div class="css-0"><p class="chakra-text css-1ecdp9w" data-testid="product-brand">Tropicana</p><h3 class="chakra-heading css-6qrhwc" id="21209834_EA" data-testid="product-title">Orange Juice Lots of Pulp</h3><p class="chakra-text css-1yftjin" data-testid="product-package-size">1.54 l, $0.37/100ml</p></div></a><div class="css-8keand"></div></div><div class="css-1q5omjq"><div class="css-fcebb8"><div data-testid="atc-compact" class="css-y94ivq" style="width: 45px;"><button type="button" class="chakra-button css-mudsm6" data-testid="atc-button"><svg stroke="currentColor" fill="currentColor" stroke-width="0" viewBox="0 0 24 24" focusable="false" class="chakra-icon css-1g3sp7a" data-testid="btn-icon" aria-hidden="true" height="1em" width="1em" xmlns="http://www.w3.org/2000/svg"><path d="M19 13h-6v6h-2v-6H5v-2h6V5h2v6h6v2z"></path></svg><span class="css-idkz9h">Add Orange Juice Lots of Pulp to cart</span></button></div></div></div></div></div></div><div class="css-0"><div class="css-f5i5wc"><div class="chakra-linkbox css-vhnn8v"><div data-testid="product-image" class="css-16dr4ly"><img alt="Minute Maid No Sugar Watermelon Blueberry Juice Beverage, 8 Pack 8x200.0 ml, $0.25/100ml" src="https://assets.shop.loblaws.ca/products/21175257/b3/en/front/21175257_front_a06_@2.png" srcset="https://assets.shop.loblaws.ca/products/21175257/b3/en/front/21175257_front_a06_@2.png 1x, https://assets.shop.loblaws.ca/products/21175257/b3/en/front/21175257_front_a06_@2.png 2x" loading="lazy" class="chakra-image css-oguq8l" aria-hidden="true"></div><div class="css-qoklea"><div class="css-12dchmx"></div><div data-testid="price-product-tile" class="css-8atqhb"><p class="chakra-text css-0"><span class="chakra-text css-pwnbcb" data-testid="regular-price"><span class="css-idkz9h">$3.99</span>$3.99</span></p></div><a href="/no-sugar-watermelon-blueberry-juice-beverage-8-pac/p/21175257_EA?source=nspt" class="chakra-linkbox__overlay css-1hnz6hu"><div class="css-0"><p class="chakra-text css-1ecdp9w" data-testid="product-brand">Minute Maid</p><h3 class="chakra-heading css-6qrhwc" id="21175257_EA" data-testid="product-title">No Sugar Watermelon Blueberry Juice Beverage, 8 Pack</h3><p class="chakra-text css-1yftjin" data-testid="product-package-size">8x200.0 ml, $0.25/100ml</p></div></a><div class="css-8keand"></div></div><div class="css-1q5omjq"><div class="css-fcebb8"><div data-testid="atc-compact" class="css-y94ivq" style="width: 45px;"><button type="button" class="chakra-button css-mudsm6" data-testid="atc-button"><svg stroke="currentColor" fill="currentColor" stroke-width="0" viewBox="0 0 24 24" focusable="false" class="chakra-icon css-1g3sp7a" data-testid="btn-icon" aria-hidden="true" height="1em" width="1em" xmlns="http://www.w3.org/2000/svg"><path d="M19 13h-6v6h-2v-6H5v-2h6V5h2v6h6v2z"></path></svg><span class="css-idkz9h">Add No Sugar Watermelon Blueberry Juice Beverage, 8 Pack to cart</span></button></div></div><div class="css-4saf4a"><p class="chakra-text css-py8788" data-testid="inventory-badge-text">Low Stock</p></div></div></div></div></div><div class="css-0"><div class="css-f5i5wc"><div class="chakra-linkbox css-vhnn8v"><div data-testid="product-image" class="css-16dr4ly"><img alt="No Name Apple Juice Boxes 10x200.0 ml, $0.17/100ml" src="https://assets.shop.loblaws.ca/products/20038043/b3/en/front/20038043_front_a06_@2.png" srcset="https://assets.shop.loblaws.ca/products/20038043/b3/en/front/20038043_front_a06_@2.png 1x, https://assets.shop.loblaws.ca/products/20038043/b3/en/front/20038043_front_a06_@2.png 2x" loading="lazy" class="chakra-image css-oguq8l" aria-hidden="true"></div><div class="css-qoklea"><div class="css-12dchmx"></div><div data-testid="price-product-tile" class="css-8atqhb"><p class="chakra-text css-0"><span class="chakra-text css-pwnbcb" data-testid="regular-price"><span class="css-idkz9h">$3.49</span>$3.49</span></p></div><a href="/apple-juice-boxes/p/20038043_EA?source=nspt" class="chakra-linkbox__overlay css-1hnz6hu"><div class="css-0"><p class="chakra-text css-1ecdp9w" data-testid="product-brand">No Name</p><h3 class="chakra-heading css-6qrhwc" id="20038043_EA" data-testid="product-title">Apple Juice Boxes</h3><p class="chakra-text css-1yftjin" data-testid="product-package-size">10x200.0 ml, $0.17/100ml</p></div></a><div class="css-8keand"></div></div><div class="css-1q5omjq"><div class="css-fcebb8"><div data-testid="atc-compact" class="css-y94ivq" style="width: 45px;"><button type="button" class="chakra-button css-mudsm6" data-testid="atc-button"><svg stroke="currentColor" fill="currentColor" stroke-width="0" viewBox="0 0 24 24" focusable="false" class="chakra-icon css-1g3sp7a" data-testid="btn-icon" aria-hidden="true" height="1em" width="1em" xmlns="http://www.w3.org/2000/svg"><path d="M19 13h-6v6h-2v-6H5v-2h6V5h2v6h6v2z"></path></svg><span class="css-idkz9h">Add Apple Juice Boxes to cart</span></button></div></div></div></div></div></div><div class="css-0"><div class="css-f5i5wc"><div class="chakra-linkbox css-vhnn8v"><div data-testid="product-image" class="css-16dr4ly"><img alt="Grace Coconut Water, With Pulp 310 ml, $0.48/100ml" src="https://assets.shop.loblaws.ca/products/20426568/b3/en/front/20426568_front_a06_@2.png" srcset="https://assets.shop.loblaws.ca/products/20426568/b3/en/front/20426568_front_a06_@2.png 1x, https://assets.shop.loblaws.ca/products/20426568/b3/en/front/20426568_front_a06_@2.png 2x" loading="lazy" class="chakra-image css-oguq8l" aria-hidden="true"></div><div class="css-qoklea"><div class="css-12dchmx"></div><div data-testid="price-product-tile" class="css-8atqhb"><p class="chakra-text css-0"><span class="chakra-text css-pwnbcb" data-testid="regular-price"><span class="css-idkz9h">$1.49</span>$1.49</span></p></div><a href="/coconut-water-with-pulp/p/20426568_EA?source=nspt" class="chakra-linkbox__overlay css-1hnz6hu"><div class="css-0"><p class="chakra-text css-1ecdp9w" data-testid="product-brand">Grace</p><h3 class="chakra-heading css-6qrhwc" id="20426568_EA" data-testid="product-title">Coconut Water, With Pulp</h3><p class="chakra-text css-1yftjin" data-testid="product-package-size">310 ml, $0.48/100ml</p></div></a><div class="css-8keand"></div></div><div class="css-1q5omjq"><div class="css-fcebb8"><div data-testid="atc-compact" class="css-y94ivq" style="width: 45px;"><button type="button" class="chakra-button css-mudsm6" data-testid="atc-button"><svg stroke="currentColor" fill="currentColor" stroke-width="0" viewBox="0 0 24 24" focusable="false" class="chakra-icon css-1g3sp7a" data-testid="btn-icon" aria-hidden="true" height="1em" width="1em" xmlns="http://www.w3.org/2000/svg"><path d="M19 13h-6v6h-2v-6H5v-2h6V5h2v6h6v2z"></path></svg><span class="css-idkz9h">Add Coconut Water, With Pulp to cart</span></button></div></div></div></div></div></div><div class="css-0"><div class="css-f5i5wc"><div class="chakra-linkbox css-vhnn8v"><div data-testid="product-image" class="css-16dr4ly"><img alt="Grace Pure Coconut Water 500 ml, $0.54/100ml" src="https://assets.shop.loblaws.ca/products/20882244/b3/en/front/20882244_front_a06_@2.png" srcset="https://assets.shop.loblaws.ca/products/20882244/b3/en/front/20882244_front_a06_@2.png 1x, https://assets.shop.loblaws.ca/products/20882244/b3/en/front/20882244_front_a06_@2.png 2x" loading="lazy" class="chakra-image css-oguq8l" aria-hidden="true"></div><div class="css-qoklea"><div class="css-12dchmx"></div><div data-testid="price-product-tile" class="css-8atqhb"><p class="chakra-text css-0"><span class="chakra-text css-pwnbcb" data-testid="regular-price"><span class="css-idkz9h">$2.69</span>$2.69</span></p></div><a href="/pure-coconut-water/p/20882244_EA?source=nspt" class="chakra-linkbox__overlay css-1hnz6hu"><div class="css-0"><p class="chakra-text css-1ecdp9w" data-testid="product-brand">Grace</p><h3 class="chakra-heading css-6qrhwc" id="20882244_EA" data-testid="product-title">Pure Coconut Water</h3><p class="chakra-text css-1yftjin" data-testid="product-package-size">500 ml, $0.54/100ml</p></div></a><div class="css-8keand"></div></div><div class="css-1q5omjq"><div class="css-fcebb8"><div data-testid="atc-compact" class="css-y94ivq" style="width: 45px;"><button type="button" class="chakra-button css-mudsm6" data-testid="atc-button"><svg stroke="currentColor" fill="currentColor" stroke-width="0" viewBox="0 0 24 24" focusable="false" class="chakra-icon css-1g3sp7a" data-testid="btn-icon" aria-hidden="true" height="1em" width="1em" xmlns="http://www.w3.org/2000/svg"><path d="M19 13h-6v6h-2v-6H5v-2h6V5h2v6h6v2z"></path></svg><span class="css-idkz9h">Add Pure Coconut Water to cart</span></button></div></div></div></div></div></div><div class="css-0"><div class="css-f5i5wc"><div class="chakra-linkbox css-vhnn8v"><div data-testid="product-image" class="css-16dr4ly"><img alt="Heinz Tomato Juice 1.36 l, $0.33/100ml" src="https://assets.shop.loblaws.ca/products/20173906/b3/en/front/20173906_front_a06_@2.png" srcset="https://assets.shop.loblaws.ca/products/20173906/b3/en/front/20173906_front_a06_@2.png 1x, https://assets.shop.loblaws.ca/products/20173906/b3/en/front/20173906_front_a06_@2.png 2x" loading="lazy" class="chakra-image css-oguq8l" aria-hidden="true"></div><div class="css-qoklea"><div class="css-12dchmx"></div><div data-testid="price-product-tile" class="css-8atqhb"><p class="chakra-text css-0"><span class="chakra-text css-pwnbcb" data-testid="regular-price"><span class="css-idkz9h">$4.49</span>$4.49</span></p></div><a href="/tomato-juice/p/20173906_EA?source=nspt" class="chakra-linkbox__overlay css-1hnz6hu"><div class="css-0"><p class="chakra-text css-1ecdp9w" data-testid="product-brand">Heinz</p><h3 class="chakra-heading css-6qrhwc" id="20173906_EA" data-testid="product-title">Tomato Juice</h3><p class="chakra-text css-1yftjin" data-testid="product-package-size">1.36 l, $0.33/100ml</p></div></a><div class="css-8keand"></div></div><div class="css-1q5omjq"><div class="css-fcebb8"><div data-testid="atc-compact" class="css-y94ivq" style="width: 45px;"><button type="button" class="chakra-button css-mudsm6" data-testid="atc-button"><svg stroke="currentColor" fill="currentColor" stroke-width="0" viewBox="0 0 24 24" focusable="false" class="chakra-icon css-1g3sp7a" data-testid="btn-icon" aria-hidden="true" height="1em" width="1em" xmlns="http://www.w3.org/2000/svg"><path d="M19 13h-6v6h-2v-6H5v-2h6V5h2v6h6v2z"></path></svg><span class="css-idkz9h">Add Tomato Juice to cart</span></button></div></div></div></div></div></div><div class="css-0"><div class="css-f5i5wc"><div class="chakra-linkbox css-vhnn8v"><div data-testid="product-image" class="css-16dr4ly"><img alt="President's Choice 100% Apple Juice Boxes 10-Pack 10x200.0 ml, $0.25/100ml" src="https://assets.shop.loblaws.ca/products/21061913/b3/en/front/21061913_front_a06_@2.png" srcset="https://assets.shop.loblaws.ca/products/21061913/b3/en/front/21061913_front_a06_@2.png 1x, https://assets.shop.loblaws.ca/products/21061913/b3/en/front/21061913_front_a06_@2.png 2x" loading="lazy" class="chakra-image css-oguq8l" aria-hidden="true"></div><div class="css-qoklea"><div class="css-12dchmx"></div><div data-testid="price-product-tile" class="css-8atqhb"><p class="chakra-text css-0"><span class="chakra-text css-pwnbcb" data-testid="regular-price"><span class="css-idkz9h">$4.99</span>$4.99</span></p></div><a href="/100-apple-juice-boxes-10-pack/p/21061913_EA?source=nspt" class="chakra-linkbox__overlay css-1hnz6hu"><div class="css-0"><p class="chakra-text css-1ecdp9w" data-testid="product-brand">President's Choice</p><h3 class="chakra-heading css-6qrhwc" id="21061913_EA" data-testid="product-title">100% Apple Juice Boxes 10-Pack</h3><p class="chakra-text css-1yftjin" data-testid="product-package-size">10x200.0 ml, $0.25/100ml</p></div></a><div class="css-8keand"></div></div><div class="css-1q5omjq"><div class="css-fcebb8"><div data-testid="atc-compact" class="css-y94ivq" style="width: 45px;"><button type="button" class="chakra-button css-mudsm6" data-testid="atc-button"><svg stroke="currentColor" fill="currentColor" stroke-width="0" viewBox="0 0 24 24" focusable="false" class="chakra-icon css-1g3sp7a" data-testid="btn-icon" aria-hidden="true" height="1em" width="1em" xmlns="http://www.w3.org/2000/svg"><path d="M19 13h-6v6h-2v-6H5v-2h6V5h2v6h6v2z"></path></svg><span class="css-idkz9h">Add 100% Apple Juice Boxes 10-Pack to cart</span></button></div></div></div></div></div></div><div class="css-0"><div class="css-f5i5wc"><div class="chakra-linkbox css-vhnn8v"><div data-testid="product-image" class="css-16dr4ly"><img alt="Rougemont No Sugar Added Low Acid Mellow Apple Juice 2 l, $0.17/100ml" src="https://assets.shop.loblaws.ca/products/20185265001/b3/en/front/20185265001_front_a06_@2.png" srcset="https://assets.shop.loblaws.ca/products/20185265001/b3/en/front/20185265001_front_a06_@2.png 1x, https://assets.shop.loblaws.ca/products/20185265001/b3/en/front/20185265001_front_a06_@2.png 2x" loading="lazy" class="chakra-image css-oguq8l" aria-hidden="true"></div><div class="css-qoklea"><div class="css-12dchmx"></div><div data-testid="price-product-tile" class="css-8atqhb"><p class="chakra-text css-0"><span class="chakra-text css-pwnbcb" data-testid="regular-price"><span class="css-idkz9h">$3.49</span>$3.49</span></p></div><a href="/no-sugar-added-low-acid-mellow-apple-juice/p/20185265001_EA?source=nspt" class="chakra-linkbox__overlay css-1hnz6hu"><div class="css-0"><p class="chakra-text css-1ecdp9w" data-testid="product-brand">Rougemont</p><h3 class="chakra-heading css-6qrhwc" id="20185265001_EA" data-testid="product-title">No Sugar Added Low Acid Mellow Apple Juice</h3><p class="chakra-text css-1yftjin" data-testid="product-package-size">2 l, $0.17/100ml</p></div></a><div class="css-8keand"></div></div><div class="css-1q5omjq"><div class="css-fcebb8"><div data-testid="atc-compact" class="css-y94ivq" style="width: 45px;"><button type="button" class="chakra-button css-mudsm6" data-testid="atc-button"><svg stroke="currentColor" fill="currentColor" stroke-width="0" viewBox="0 0 24 24" focusable="false" class="chakra-icon css-1g3sp7a" data-testid="btn-icon" aria-hidden="true" height="1em" width="1em" xmlns="http://www.w3.org/2000/svg"><path d="M19 13h-6v6h-2v-6H5v-2h6V5h2v6h6v2z"></path></svg><span class="css-idkz9h">Add No Sugar Added Low Acid Mellow Apple Juice to cart</span></button></div></div></div></div></div></div><div class="css-0"><div class="css-f5i5wc"><div class="chakra-linkbox css-vhnn8v"><div data-testid="product-image" class="css-16dr4ly"><img alt="Mott's Tomato Clam Cocktail Original Light 1.89 l, $0.23/100ml" src="https://assets.shop.loblaws.ca/products/21575320/b3/en/front/21575320_front_a06_@2.png" srcset="https://assets.shop.loblaws.ca/products/21575320/b3/en/front/21575320_front_a06_@2.png 1x, https://assets.shop.loblaws.ca/products/21575320/b3/en/front/21575320_front_a06_@2.png 2x" loading="lazy" class="chakra-image css-oguq8l" aria-hidden="true"></div><div class="css-qoklea"><div class="css-12dchmx"></div><div data-testid="price-product-tile" class="css-8atqhb"><p class="chakra-text css-0"><span class="chakra-text css-pwnbcb" data-testid="regular-price"><span class="css-idkz9h">$4.29</span>$4.29</span></p></div><a href="/tomato-clam-cocktail-original-light/p/21575320_EA?source=nspt" class="chakra-linkbox__overlay css-1hnz6hu"><div class="css-0"><p class="chakra-text css-1ecdp9w" data-testid="product-brand">Mott's</p><h3 class="chakra-heading css-6qrhwc" id="21575320_EA" data-testid="product-title">Tomato Clam Cocktail Original Light</h3><p class="chakra-text css-1yftjin" data-testid="product-package-size">1.89 l, $0.23/100ml</p></div></a><div class="css-8keand"></div></div><div class="css-1q5omjq"><div class="css-fcebb8"><div data-testid="atc-compact" class="css-y94ivq" style="width: 45px;"><button type="button" class="chakra-button css-mudsm6" data-testid="atc-button"><svg stroke="currentColor" fill="currentColor" stroke-width="0" viewBox="0 0 24 24" focusable="false" class="chakra-icon css-1g3sp7a" data-testid="btn-icon" aria-hidden="true" height="1em" width="1em" xmlns="http://www.w3.org/2000/svg"><path d="M19 13h-6v6h-2v-6H5v-2h6V5h2v6h6v2z"></path></svg><span class="css-idkz9h">Add Tomato Clam Cocktail Original Light to cart</span></button></div></div></div></div></div></div><div class="css-0"><div class="css-f5i5wc"><div class="chakra-linkbox css-vhnn8v"><div data-testid="product-image" class="css-16dr4ly"><img alt="PC Blue Menu Cherry Peach Fruit Juice Beverage Boxes 10x200.0 ml, $2.50/100ml" src="https://assets.shop.loblaws.ca/products/21358302/b3/en/front/21358302_front_a06_@2.png" srcset="https://assets.shop.loblaws.ca/products/21358302/b3/en/front/21358302_front_a06_@2.png 1x, https://assets.shop.loblaws.ca/products/21358302/b3/en/front/21358302_front_a06_@2.png 2x" loading="lazy" class="chakra-image css-oguq8l" aria-hidden="true"></div><div class="css-qoklea"><div class="css-12dchmx"></div><div data-testid="price-product-tile" class="css-8atqhb"><p class="chakra-text css-0"><span class="chakra-text css-pwnbcb" data-testid="regular-price"><span class="css-idkz9h">$4.99</span>$4.99</span></p></div><a href="/cherry-peach-fruit-juice-beverage-boxes/p/21358302_EA?source=nspt" class="chakra-linkbox__overlay css-1hnz6hu"><div class="css-0"><p class="chakra-text css-1ecdp9w" data-testid="product-brand">PC Blue Menu</p><h3 class="chakra-heading css-6qrhwc" id="21358302_EA" data-testid="product-title">Cherry Peach Fruit Juice Beverage Boxes</h3><p class="chakra-text css-1yftjin" data-testid="product-package-size">10x200.0 ml, $2.50/100ml</p></div></a><div class="css-8keand"></div></div><div class="css-1q5omjq"><div class="css-fcebb8"><div data-testid="atc-compact" class="css-y94ivq" style="width: 45px;"><button type="button" class="chakra-button css-mudsm6" data-testid="atc-button"><svg stroke="currentColor" fill="currentColor" stroke-width="0" viewBox="0 0 24 24" focusable="false" class="chakra-icon css-1g3sp7a" data-testid="btn-icon" aria-hidden="true" height="1em" width="1em" xmlns="http://www.w3.org/2000/svg"><path d="M19 13h-6v6h-2v-6H5v-2h6V5h2v6h6v2z"></path></svg><span class="css-idkz9h">Add Cherry Peach Fruit Juice Beverage Boxes to cart</span></button></div></div></div></div></div></div><div class="css-0"><div class="css-f5i5wc"><div class="chakra-linkbox css-vhnn8v"><div data-testid="product-image" class="css-16dr4ly"><img alt="Kang Shi Fu Jasmine Tea Drink Honey Flavour 500 ml, $0.40/100ml" src="https://assets.shop.loblaws.ca/products/21528499/b3/en/front/21528499_front_a06_@2.png" srcset="https://assets.shop.loblaws.ca/products/21528499/b3/en/front/21528499_front_a06_@2.png 1x, https://assets.shop.loblaws.ca/products/21528499/b3/en/front/21528499_front_a06_@2.png 2x" loading="lazy" class="chakra-image css-oguq8l" aria-hidden="true"></div><div class="css-qoklea"><div class="css-12dchmx"></div><div data-testid="price-product-tile" class="css-8atqhb"><p class="chakra-text css-0"><span class="chakra-text css-pwnbcb" data-testid="regular-price"><span class="css-idkz9h">$1.99</span>$1.99</span></p></div><a href="/jasmine-tea-drink-honey-flavour/p/21528499_EA?source=nspt" class="chakra-linkbox__overlay css-1hnz6hu"><div class="css-0"><p class="chakra-text css-1ecdp9w" data-testid="product-brand">Kang Shi Fu</p><h3 class="chakra-heading css-6qrhwc" id="21528499_EA" data-testid="product-title">Jasmine Tea Drink Honey Flavour</h3><p class="chakra-text css-1yftjin" data-testid="product-package-size">500 ml, $0.40/100ml</p></div></a><div class="css-8keand"></div></div><div class="css-1q5omjq"><div class="css-fcebb8"><div data-testid="atc-compact" class="css-y94ivq" style="width: 45px;"><button type="button" class="chakra-button css-mudsm6" data-testid="atc-button"><svg stroke="currentColor" fill="currentColor" stroke-width="0" viewBox="0 0 24 24" focusable="false" class="chakra-icon css-1g3sp7a" data-testid="btn-icon" aria-hidden="true" height="1em" width="1em" xmlns="http://www.w3.org/2000/svg"><path d="M19 13h-6v6h-2v-6H5v-2h6V5h2v6h6v2z"></path></svg><span class="css-idkz9h">Add Jasmine Tea Drink Honey Flavour to cart</span></button></div></div></div></div></div></div><div class="css-0"><div class="css-f5i5wc"><div class="chakra-linkbox css-vhnn8v"><div data-testid="product-image" class="css-16dr4ly"><img alt="No Name Iced Tea Drink Boxes 10x200.0 ml, $0.17/100ml" src="https://assets.shop.loblaws.ca/products/21084957/b3/en/front/21084957_front_a06_@2.png" srcset="https://assets.shop.loblaws.ca/products/21084957/b3/en/front/21084957_front_a06_@2.png 1x, https://assets.shop.loblaws.ca/products/21084957/b3/en/front/21084957_front_a06_@2.png 2x" loading="lazy" class="chakra-image css-oguq8l" aria-hidden="true"></div><div class="css-qoklea"><div class="css-12dchmx"></div><div data-testid="price-product-tile" class="css-8atqhb"><p class="chakra-text css-0"><span class="chakra-text css-pwnbcb" data-testid="regular-price"><span class="css-idkz9h">$3.49</span>$3.49</span></p></div><a href="/iced-tea-drink-boxes/p/21084957_EA?source=nspt" class="chakra-linkbox__overlay css-1hnz6hu"><div class="css-0"><p class="chakra-text css-1ecdp9w" data-testid="product-brand">No Name</p><h3 class="chakra-heading css-6qrhwc" id="21084957_EA" data-testid="product-title">Iced Tea Drink Boxes</h3><p class="chakra-text css-1yftjin" data-testid="product-package-size">10x200.0 ml, $0.17/100ml</p></div></a><div class="css-8keand"></div></div><div class="css-1q5omjq"><div class="css-fcebb8"><div data-testid="atc-compact" class="css-y94ivq" style="width: 45px;"><button type="button" class="chakra-button css-mudsm6" data-testid="atc-button"><svg stroke="currentColor" fill="currentColor" stroke-width="0" viewBox="0 0 24 24" focusable="false" class="chakra-icon css-1g3sp7a" data-testid="btn-icon" aria-hidden="true" height="1em" width="1em" xmlns="http://www.w3.org/2000/svg"><path d="M19 13h-6v6h-2v-6H5v-2h6V5h2v6h6v2z"></path></svg><span class="css-idkz9h">Add Iced Tea Drink Boxes to cart</span></button></div></div></div></div></div></div><div class="css-0"><div class="css-f5i5wc"><div class="chakra-linkbox css-vhnn8v"><div data-testid="product-image" class="css-16dr4ly"><img alt="Cool Runnings Mango Carrot Nectar Drink 473 ml, $0.27/100ml" src="https://assets.shop.loblaws.ca/products/20703097/b3/en/front/20703097_front_a06_@2.png" srcset="https://assets.shop.loblaws.ca/products/20703097/b3/en/front/20703097_front_a06_@2.png 1x, https://assets.shop.loblaws.ca/products/20703097/b3/en/front/20703097_front_a06_@2.png 2x" loading="lazy" class="chakra-image css-oguq8l" aria-hidden="true"></div><div class="css-qoklea"><div class="css-12dchmx"></div><div data-testid="price-product-tile" class="css-8atqhb"><p class="chakra-text css-0"><span class="chakra-text css-pwnbcb" data-testid="regular-price"><span class="css-idkz9h">$1.29</span>$1.29</span></p></div><a href="/mango-carrot-nectar-drink/p/20703097_EA?source=nspt" class="chakra-linkbox__overlay css-1hnz6hu"><div class="css-0"><p class="chakra-text css-1ecdp9w" data-testid="product-brand">Cool Runnings</p><h3 class="chakra-heading css-6qrhwc" id="20703097_EA" data-testid="product-title">Mango Carrot Nectar Drink</h3><p class="chakra-text css-1yftjin" data-testid="product-package-size">473 ml, $0.27/100ml</p></div></a><div class="css-8keand"></div></div><div class="css-1q5omjq"><div class="css-fcebb8"><div data-testid="atc-compact" class="css-y94ivq" style="width: 45px;"><button disabled="" type="button" class="chakra-button css-mudsm6" data-testid="atc-button"><svg stroke="currentColor" fill="currentColor" stroke-width="0" viewBox="0 0 24 24" focusable="false" class="chakra-icon css-1g3sp7a" data-testid="btn-icon" aria-hidden="true" height="1em" width="1em" xmlns="http://www.w3.org/2000/svg"><path d="M19 13h-6v6h-2v-6H5v-2h6V5h2v6h6v2z"></path></svg><span class="css-idkz9h">Add Mango Carrot Nectar Drink to cart</span></button></div></div><div class="css-4saf4a"><p class="chakra-text css-py8788" data-testid="inventory-badge-text">Out of Stock</p></div></div></div></div></div><div class="css-0"><div class="css-f5i5wc"><div class="chakra-linkbox css-vhnn8v"><div data-testid="product-image" class="css-16dr4ly"><img alt="PC Blue Menu Ruby Red Grapefruit Cocktail 2 l, $0.16/100ml" src="https://assets.shop.loblaws.ca/products/20184617002/b3/en/front/20184617002_front_a06_@2.png" srcset="https://assets.shop.loblaws.ca/products/20184617002/b3/en/front/20184617002_front_a06_@2.png 1x, https://assets.shop.loblaws.ca/products/20184617002/b3/en/front/20184617002_front_a06_@2.png 2x" loading="lazy" class="chakra-image css-oguq8l" aria-hidden="true"></div><div class="css-qoklea"><div class="css-12dchmx"></div><div data-testid="price-product-tile" class="css-8atqhb"><p class="chakra-text css-0"><span class="chakra-text css-o93gbd" data-testid="sale-price"><span class="css-idkz9h">$2.99</span>$2.99</span><span class="chakra-text css-623q5h" data-testid="was-price"><span class="css-idkz9h">$3.49</span>$3.49</span></p><p class="chakra-text css-1m5a6y8" data-testid="price-descriptor">SAVE $0.50</p></div><a href="/ruby-red-grapefruit-cocktail/p/20184617002_EA?source=nspt" class="chakra-linkbox__overlay css-1hnz6hu"><div class="css-0"><p class="chakra-text css-1ecdp9w" data-testid="product-brand">PC Blue Menu</p><h3 class="chakra-heading css-6qrhwc" id="20184617002_EA" data-testid="product-title">Ruby Red Grapefruit Cocktail</h3><p class="chakra-text css-1yftjin" data-testid="product-package-size">2 l, $0.16/100ml</p></div></a><div class="css-8keand"></div></div><div class="css-1q5omjq"><div class="css-fcebb8"><div data-testid="atc-compact" class="css-y94ivq" style="width: 45px;"><button type="button" class="chakra-button css-mudsm6" data-testid="atc-button"><svg stroke="currentColor" fill="currentColor" stroke-width="0" viewBox="0 0 24 24" focusable="false" class="chakra-icon css-1g3sp7a" data-testid="btn-icon" aria-hidden="true" height="1em" width="1em" xmlns="http://www.w3.org/2000/svg"><path d="M19 13h-6v6h-2v-6H5v-2h6V5h2v6h6v2z"></path></svg><span class="css-idkz9h">Add Ruby Red Grapefruit Cocktail to cart</span></button></div></div></div></div></div></div><div class="css-0"><div class="css-f5i5wc"><div class="chakra-linkbox css-vhnn8v"><div data-testid="product-image" class="css-16dr4ly"><img alt="President's Choice 100% Apple Grape Juice 1 l, $0.20/100ml" src="https://assets.shop.loblaws.ca/products/21080953/b3/en/front/21080953_front_a06_@2.png" srcset="https://assets.shop.loblaws.ca/products/21080953/b3/en/front/21080953_front_a06_@2.png 1x, https://assets.shop.loblaws.ca/products/21080953/b3/en/front/21080953_front_a06_@2.png 2x" loading="lazy" class="chakra-image css-oguq8l" aria-hidden="true"></div><div class="css-qoklea"><div class="css-12dchmx"></div><div data-testid="price-product-tile" class="css-8atqhb"><p class="chakra-text css-0"><span class="chakra-text css-pwnbcb" data-testid="regular-price"><span class="css-idkz9h">$2.00</span>$2.00</span></p></div><a href="/100-apple-grape-juice/p/21080953_EA?source=nspt" class="chakra-linkbox__overlay css-1hnz6hu"><div class="css-0"><p class="chakra-text css-1ecdp9w" data-testid="product-brand">President's Choice</p><h3 class="chakra-heading css-6qrhwc" id="21080953_EA" data-testid="product-title">100% Apple Grape Juice</h3><p class="chakra-text css-1yftjin" data-testid="product-package-size">1 l, $0.20/100ml</p></div></a><div class="css-8keand"></div></div><div class="css-1q5omjq"><div class="css-fcebb8"><div data-testid="atc-compact" class="css-y94ivq" style="width: 45px;"><button type="button" class="chakra-button css-mudsm6" data-testid="atc-button"><svg stroke="currentColor" fill="currentColor" stroke-width="0" viewBox="0 0 24 24" focusable="false" class="chakra-icon css-1g3sp7a" data-testid="btn-icon" aria-hidden="true" height="1em" width="1em" xmlns="http://www.w3.org/2000/svg"><path d="M19 13h-6v6h-2v-6H5v-2h6V5h2v6h6v2z"></path></svg><span class="css-idkz9h">Add 100% Apple Grape Juice to cart</span></button></div></div></div></div></div></div><div class="css-0"><div class="css-f5i5wc"><div class="chakra-linkbox css-vhnn8v"><div data-testid="product-image" class="css-16dr4ly"><img alt="PC Blue Menu 8-Vegetable Cocktail 1.89 l, $0.16/100ml" src="https://assets.shop.loblaws.ca/products/20506849005/b3/en/front/20506849005_front_a06_@2.png" srcset="https://assets.shop.loblaws.ca/products/20506849005/b3/en/front/20506849005_front_a06_@2.png 1x, https://assets.shop.loblaws.ca/products/20506849005/b3/en/front/20506849005_front_a06_@2.png 2x" loading="lazy" class="chakra-image css-oguq8l" aria-hidden="true"></div><div class="css-qoklea"><div class="css-12dchmx"></div><div data-testid="price-product-tile" class="css-8atqhb"><p class="chakra-text css-0"><span class="chakra-text css-o93gbd" data-testid="sale-price"><span class="css-idkz9h">$2.99</span>$2.99</span><span class="chakra-text css-623q5h" data-testid="was-price"><span class="css-idkz9h">$3.29</span>$3.29</span></p><p class="chakra-text css-1m5a6y8" data-testid="price-descriptor">SAVE $0.30</p></div><a href="/8-vegetable-cocktail/p/20506849005_EA?source=nspt" class="chakra-linkbox__overlay css-1hnz6hu"><div class="css-0"><p class="chakra-text css-1ecdp9w" data-testid="product-brand">PC Blue Menu</p><h3 class="chakra-heading css-6qrhwc" id="20506849005_EA" data-testid="product-title">8-Vegetable Cocktail</h3><p class="chakra-text css-1yftjin" data-testid="product-package-size">1.89 l, $0.16/100ml</p></div></a><div class="css-8keand"></div></div><div class="css-1q5omjq"><div class="css-fcebb8"><div data-testid="atc-compact" class="css-y94ivq" style="width: 45px;"><button type="button" class="chakra-button css-mudsm6" data-testid="atc-button"><svg stroke="currentColor" fill="currentColor" stroke-width="0" viewBox="0 0 24 24" focusable="false" class="chakra-icon css-1g3sp7a" data-testid="btn-icon" aria-hidden="true" height="1em" width="1em" xmlns="http://www.w3.org/2000/svg"><path d="M19 13h-6v6h-2v-6H5v-2h6V5h2v6h6v2z"></path></svg><span class="css-idkz9h">Add 8-Vegetable Cocktail to cart</span></button></div></div></div></div></div></div><div class="css-0"><div class="css-f5i5wc"><div class="chakra-linkbox css-vhnn8v"><div data-testid="product-image" class="css-16dr4ly"><img alt="Allen's Peach Cocktail 24x200.0 ml, $0.17/100ml" src="https://assets.shop.loblaws.ca/products/21446816/b3/en/front/21446816_front_a06_@2.png" srcset="https://assets.shop.loblaws.ca/products/21446816/b3/en/front/21446816_front_a06_@2.png 1x, https://assets.shop.loblaws.ca/products/21446816/b3/en/front/21446816_front_a06_@2.png 2x" loading="lazy" class="chakra-image css-oguq8l" aria-hidden="true"></div><div class="css-qoklea"><div class="css-12dchmx"></div><div data-testid="price-product-tile" class="css-8atqhb"><p class="chakra-text css-0"><span class="chakra-text css-pwnbcb" data-testid="regular-price"><span class="css-idkz9h">$7.99</span>$7.99</span></p></div><a href="/peach-cocktail/p/21446816_C01?source=nspt" class="chakra-linkbox__overlay css-1hnz6hu"><div class="css-0"><p class="chakra-text css-1ecdp9w" data-testid="product-brand">Allen's</p><h3 class="chakra-heading css-6qrhwc" id="21446816_C01" data-testid="product-title">Peach Cocktail</h3><p class="chakra-text css-1yftjin" data-testid="product-package-size">24x200.0 ml, $0.17/100ml</p></div></a><div class="css-8keand"></div></div><div class="css-1q5omjq"><div class="css-fcebb8"><div data-testid="atc-compact" class="css-y94ivq" style="width: 45px;"><button type="button" class="chakra-button css-mudsm6" data-testid="atc-button"><svg stroke="currentColor" fill="currentColor" stroke-width="0" viewBox="0 0 24 24" focusable="false" class="chakra-icon css-1g3sp7a" data-testid="btn-icon" aria-hidden="true" height="1em" width="1em" xmlns="http://www.w3.org/2000/svg"><path d="M19 13h-6v6h-2v-6H5v-2h6V5h2v6h6v2z"></path></svg><span class="css-idkz9h">Add Peach Cocktail to cart</span></button></div></div></div></div></div></div><div class="css-0"><div class="css-f5i5wc"><div class="chakra-linkbox css-vhnn8v"><div data-testid="product-image" class="css-16dr4ly"><img alt="Allen's Grape Cocktail Juice Boxes 8x200.0 ml, $0.19/100ml" src="https://assets.shop.loblaws.ca/products/21435672/b3/en/front/21435672_front_a06_@2.png" srcset="https://assets.shop.loblaws.ca/products/21435672/b3/en/front/21435672_front_a06_@2.png 1x, https://assets.shop.loblaws.ca/products/21435672/b3/en/front/21435672_front_a06_@2.png 2x" loading="lazy" class="chakra-image css-oguq8l" aria-hidden="true"></div><div class="css-qoklea"><div class="css-12dchmx"></div><div data-testid="price-product-tile" class="css-8atqhb"><p class="chakra-text css-0"><span class="chakra-text css-pwnbcb" data-testid="regular-price"><span class="css-idkz9h">$2.99</span>$2.99</span></p></div><a href="/grape-cocktail-juice-boxes/p/21435672_EA?source=nspt" class="chakra-linkbox__overlay css-1hnz6hu"><div class="css-0"><p class="chakra-text css-1ecdp9w" data-testid="product-brand">Allen's</p><h3 class="chakra-heading css-6qrhwc" id="21435672_EA" data-testid="product-title">Grape Cocktail Juice Boxes</h3><p class="chakra-text css-1yftjin" data-testid="product-package-size">8x200.0 ml, $0.19/100ml</p></div></a><div class="css-8keand"></div></div><div class="css-1q5omjq"><div class="css-fcebb8"><div data-testid="atc-compact" class="css-y94ivq" style="width: 45px;"><button type="button" class="chakra-button css-mudsm6" data-testid="atc-button"><svg stroke="currentColor" fill="currentColor" stroke-width="0" viewBox="0 0 24 24" focusable="false" class="chakra-icon css-1g3sp7a" data-testid="btn-icon" aria-hidden="true" height="1em" width="1em" xmlns="http://www.w3.org/2000/svg"><path d="M19 13h-6v6h-2v-6H5v-2h6V5h2v6h6v2z"></path></svg><span class="css-idkz9h">Add Grape Cocktail Juice Boxes to cart</span></button></div></div></div></div></div></div><div class="css-0"><div class="css-f5i5wc"><div class="chakra-linkbox css-vhnn8v"><div data-testid="product-image" class="css-16dr4ly"><img alt="No Name Orange Juice Boxes 10x200.0 ml, $0.26/100ml" src="https://assets.shop.loblaws.ca/products/20148495/b3/en/front/20148495_front_a06_@2.png" srcset="https://assets.shop.loblaws.ca/products/20148495/b3/en/front/20148495_front_a06_@2.png 1x, https://assets.shop.loblaws.ca/products/20148495/b3/en/front/20148495_front_a06_@2.png 2x" loading="lazy" class="chakra-image css-oguq8l" aria-hidden="true"></div><div class="css-qoklea"><div class="css-12dchmx"></div><div data-testid="price-product-tile" class="css-8atqhb"><p class="chakra-text css-0"><span class="chakra-text css-pwnbcb" data-testid="regular-price"><span class="css-idkz9h">$5.29</span>$5.29</span></p></div><a href="/orange-juice-boxes/p/20148495_EA?source=nspt" class="chakra-linkbox__overlay css-1hnz6hu"><div class="css-0"><p class="chakra-text css-1ecdp9w" data-testid="product-brand">No Name</p><h3 class="chakra-heading css-6qrhwc" id="20148495_EA" data-testid="product-title">Orange Juice Boxes</h3><p class="chakra-text css-1yftjin" data-testid="product-package-size">10x200.0 ml, $0.26/100ml</p></div></a><div class="css-8keand"></div></div><div class="css-1q5omjq"><div class="css-fcebb8"><div data-testid="atc-compact" class="css-y94ivq" style="width: 45px;"><button type="button" class="chakra-button css-mudsm6" data-testid="atc-button"><svg stroke="currentColor" fill="currentColor" stroke-width="0" viewBox="0 0 24 24" focusable="false" class="chakra-icon css-1g3sp7a" data-testid="btn-icon" aria-hidden="true" height="1em" width="1em" xmlns="http://www.w3.org/2000/svg"><path d="M19 13h-6v6h-2v-6H5v-2h6V5h2v6h6v2z"></path></svg><span class="css-idkz9h">Add Orange Juice Boxes to cart</span></button></div></div></div></div></div></div><div class="css-0"><div class="css-f5i5wc"><div class="chakra-linkbox css-vhnn8v"><div data-testid="product-image" class="css-16dr4ly"><img alt="President's Choice Orange Juice Boxes  10x200.0 ml, $0.25/100ml" src="https://assets.shop.loblaws.ca/products/21347398/b3/en/front/21347398_front_a06_@2.png" srcset="https://assets.shop.loblaws.ca/products/21347398/b3/en/front/21347398_front_a06_@2.png 1x, https://assets.shop.loblaws.ca/products/21347398/b3/en/front/21347398_front_a06_@2.png 2x" loading="lazy" class="chakra-image css-oguq8l" aria-hidden="true"></div><div class="css-qoklea"><div class="css-12dchmx"></div><div data-testid="price-product-tile" class="css-8atqhb"><p class="chakra-text css-0"><span class="chakra-text css-pwnbcb" data-testid="regular-price"><span class="css-idkz9h">$4.99</span>$4.99</span></p></div><a href="/orange-juice-boxes/p/21347398_EA?source=nspt" class="chakra-linkbox__overlay css-1hnz6hu"><div class="css-0"><p class="chakra-text css-1ecdp9w" data-testid="product-brand">President's Choice</p><h3 class="chakra-heading css-6qrhwc" id="21347398_EA" data-testid="product-title">Orange Juice Boxes </h3><p class="chakra-text css-1yftjin" data-testid="product-package-size">10x200.0 ml, $0.25/100ml</p></div></a><div class="css-8keand"></div></div><div class="css-1q5omjq"><div class="css-fcebb8"><div data-testid="atc-compact" class="css-y94ivq" style="width: 45px;"><button type="button" class="chakra-button css-mudsm6" data-testid="atc-button"><svg stroke="currentColor" fill="currentColor" stroke-width="0" viewBox="0 0 24 24" focusable="false" class="chakra-icon css-1g3sp7a" data-testid="btn-icon" aria-hidden="true" height="1em" width="1em" xmlns="http://www.w3.org/2000/svg"><path d="M19 13h-6v6h-2v-6H5v-2h6V5h2v6h6v2z"></path></svg><span class="css-idkz9h">Add Orange Juice Boxes  to cart</span></button></div></div></div></div></div></div><div class="css-0"><div class="css-f5i5wc"><div class="chakra-linkbox css-vhnn8v"><div data-testid="product-image" class="css-16dr4ly"><img alt="Duche de Longueville Sparkling Peach Grape Juice 750 ml, $0.64/100ml" src="https://assets.shop.loblaws.ca/products/20718847/b3/en/front/20718847_front_a06_@2.png" srcset="https://assets.shop.loblaws.ca/products/20718847/b3/en/front/20718847_front_a06_@2.png 1x, https://assets.shop.loblaws.ca/products/20718847/b3/en/front/20718847_front_a06_@2.png 2x" loading="lazy" class="chakra-image css-oguq8l" aria-hidden="true"></div><div class="css-qoklea"><div class="css-12dchmx"></div><div data-testid="price-product-tile" class="css-8atqhb"><p class="chakra-text css-0"><span class="chakra-text css-pwnbcb" data-testid="regular-price"><span class="css-idkz9h">$4.79</span>$4.79</span></p></div><a href="/sparkling-peach-grape-juice/p/20718847_EA?source=nspt" class="chakra-linkbox__overlay css-1hnz6hu"><div class="css-0"><p class="chakra-text css-1ecdp9w" data-testid="product-brand">Duche de Longueville</p><h3 class="chakra-heading css-6qrhwc" id="20718847_EA" data-testid="product-title">Sparkling Peach Grape Juice</h3><p class="chakra-text css-1yftjin" data-testid="product-package-size">750 ml, $0.64/100ml</p></div></a><div class="css-8keand"></div></div><div class="css-1q5omjq"><div class="css-fcebb8"><div data-testid="atc-compact" class="css-y94ivq" style="width: 45px;"><button type="button" class="chakra-button css-mudsm6" data-testid="atc-button"><svg stroke="currentColor" fill="currentColor" stroke-width="0" viewBox="0 0 24 24" focusable="false" class="chakra-icon css-1g3sp7a" data-testid="btn-icon" aria-hidden="true" height="1em" width="1em" xmlns="http://www.w3.org/2000/svg"><path d="M19 13h-6v6h-2v-6H5v-2h6V5h2v6h6v2z"></path></svg><span class="css-idkz9h">Add Sparkling Peach Grape Juice to cart</span></button></div></div></div></div></div></div><div class="css-0"><div class="css-f5i5wc"><div class="chakra-linkbox css-vhnn8v"><div data-testid="product-image" class="css-16dr4ly"><img alt="President's Choice Fruit Punch Juice Boxes  10x200.0 ml, $0.25/100ml" src="https://assets.shop.loblaws.ca/products/21061943/b3/en/front/21061943_front_a06_@2.png" srcset="https://assets.shop.loblaws.ca/products/21061943/b3/en/front/21061943_front_a06_@2.png 1x, https://assets.shop.loblaws.ca/products/21061943/b3/en/front/21061943_front_a06_@2.png 2x" loading="lazy" class="chakra-image css-oguq8l" aria-hidden="true"></div><div class="css-qoklea"><div class="css-12dchmx"></div><div data-testid="price-product-tile" class="css-8atqhb"><p class="chakra-text css-0"><span class="chakra-text css-pwnbcb" data-testid="regular-price"><span class="css-idkz9h">$4.99</span>$4.99</span></p></div><a href="/fruit-punch-juice-boxes/p/21061943_EA?source=nspt" class="chakra-linkbox__overlay css-1hnz6hu"><div class="css-0"><p class="chakra-text css-1ecdp9w" data-testid="product-brand">President's Choice</p><h3 class="chakra-heading css-6qrhwc" id="21061943_EA" data-testid="product-title">Fruit Punch Juice Boxes </h3><p class="chakra-text css-1yftjin" data-testid="product-package-size">10x200.0 ml, $0.25/100ml</p></div></a><div class="css-8keand"></div></div><div class="css-1q5omjq"><div class="css-fcebb8"><div data-testid="atc-compact" class="css-y94ivq" style="width: 45px;"><button type="button" class="chakra-button css-mudsm6" data-testid="atc-button"><svg stroke="currentColor" fill="currentColor" stroke-width="0" viewBox="0 0 24 24" focusable="false" class="chakra-icon css-1g3sp7a" data-testid="btn-icon" aria-hidden="true" height="1em" width="1em" xmlns="http://www.w3.org/2000/svg"><path d="M19 13h-6v6h-2v-6H5v-2h6V5h2v6h6v2z"></path></svg><span class="css-idkz9h">Add Fruit Punch Juice Boxes  to cart</span></button></div></div></div></div></div></div><div class="css-0"><div class="css-f5i5wc"><div class="chakra-linkbox css-vhnn8v"><div data-testid="product-image" class="css-16dr4ly"><img alt="V8 Vegetable Cocktail, Original 340 ml, $0.59/100ml" src="https://assets.shop.loblaws.ca/products/20502975/b3/en/front/20502975_front_a06_@2.png" srcset="https://assets.shop.loblaws.ca/products/20502975/b3/en/front/20502975_front_a06_@2.png 1x, https://assets.shop.loblaws.ca/products/20502975/b3/en/front/20502975_front_a06_@2.png 2x" loading="lazy" class="chakra-image css-oguq8l" aria-hidden="true"></div><div class="css-qoklea"><div class="css-12dchmx"></div><div data-testid="price-product-tile" class="css-8atqhb"><p class="chakra-text css-0"><span class="chakra-text css-pwnbcb" data-testid="regular-price"><span class="css-idkz9h">$1.99</span>$1.99</span></p></div><a href="/vegetable-cocktail-original/p/20502975_EA?source=nspt" class="chakra-linkbox__overlay css-1hnz6hu"><div class="css-0"><p class="chakra-text css-1ecdp9w" data-testid="product-brand">V8</p><h3 class="chakra-heading css-6qrhwc" id="20502975_EA" data-testid="product-title">Vegetable Cocktail, Original</h3><p class="chakra-text css-1yftjin" data-testid="product-package-size">340 ml, $0.59/100ml</p></div></a><div class="css-8keand"></div></div><div class="css-1q5omjq"><div class="css-fcebb8"><div data-testid="atc-compact" class="css-y94ivq" style="width: 45px;"><button type="button" class="chakra-button css-mudsm6" data-testid="atc-button"><svg stroke="currentColor" fill="currentColor" stroke-width="0" viewBox="0 0 24 24" focusable="false" class="chakra-icon css-1g3sp7a" data-testid="btn-icon" aria-hidden="true" height="1em" width="1em" xmlns="http://www.w3.org/2000/svg"><path d="M19 13h-6v6h-2v-6H5v-2h6V5h2v6h6v2z"></path></svg><span class="css-idkz9h">Add Vegetable Cocktail, Original to cart</span></button></div></div></div></div></div></div><div class="css-0"><div class="css-f5i5wc"><div class="chakra-linkbox css-vhnn8v"><div data-testid="product-image" class="css-16dr4ly"><img alt="Mott's Garden Cocktail 1.89 l, $0.23/100ml" src="https://assets.shop.loblaws.ca/products/20182121002/b3/en/front/20182121002_front_a06_@2.png" srcset="https://assets.shop.loblaws.ca/products/20182121002/b3/en/front/20182121002_front_a06_@2.png 1x, https://assets.shop.loblaws.ca/products/20182121002/b3/en/front/20182121002_front_a06_@2.png 2x" loading="lazy" class="chakra-image css-oguq8l" aria-hidden="true"></div><div class="css-qoklea"><div class="css-12dchmx"></div><div data-testid="price-product-tile" class="css-8atqhb"><p class="chakra-text css-0"><span class="chakra-text css-pwnbcb" data-testid="regular-price"><span class="css-idkz9h">$4.29</span>$4.29</span></p></div><a href="/garden-cocktail/p/20182121002_EA?source=nspt" class="chakra-linkbox__overlay css-1hnz6hu"><div class="css-0"><p class="chakra-text css-1ecdp9w" data-testid="product-brand">Mott's</p><h3 class="chakra-heading css-6qrhwc" id="20182121002_EA" data-testid="product-title">Garden Cocktail</h3><p class="chakra-text css-1yftjin" data-testid="product-package-size">1.89 l, $0.23/100ml</p></div></a><div class="css-8keand"></div></div><div class="css-1q5omjq"><div class="css-fcebb8"><div data-testid="atc-compact" class="css-y94ivq" style="width: 45px;"><button type="button" class="chakra-button css-mudsm6" data-testid="atc-button"><svg stroke="currentColor" fill="currentColor" stroke-width="0" viewBox="0 0 24 24" focusable="false" class="chakra-icon css-1g3sp7a" data-testid="btn-icon" aria-hidden="true" height="1em" width="1em" xmlns="http://www.w3.org/2000/svg"><path d="M19 13h-6v6h-2v-6H5v-2h6V5h2v6h6v2z"></path></svg><span class="css-idkz9h">Add Garden Cocktail to cart</span></button></div></div></div></div></div></div><div class="css-0"><div class="css-f5i5wc"><div class="chakra-linkbox css-vhnn8v"><div data-testid="product-image" class="css-16dr4ly"><img alt="V8 V-Go Vegetable Cocktail, Original 1.89 l, $0.24/100ml" src="https://assets.shop.loblaws.ca/products/20077351001/b3/en/front/20077351001_front_a06_@2.png" srcset="https://assets.shop.loblaws.ca/products/20077351001/b3/en/front/20077351001_front_a06_@2.png 1x, https://assets.shop.loblaws.ca/products/20077351001/b3/en/front/20077351001_front_a06_@2.png 2x" loading="lazy" class="chakra-image css-oguq8l" aria-hidden="true"></div><div class="css-qoklea"><div class="css-12dchmx"></div><div data-testid="price-product-tile" class="css-8atqhb"><p class="chakra-text css-0"><span class="chakra-text css-pwnbcb" data-testid="regular-price"><span class="css-idkz9h">$4.49</span>$4.49</span></p></div><a href="/v-go-vegetable-cocktail-original/p/20077351001_EA?source=nspt" class="chakra-linkbox__overlay css-1hnz6hu"><div class="css-0"><p class="chakra-text css-1ecdp9w" data-testid="product-brand">V8</p><h3 class="chakra-heading css-6qrhwc" id="20077351001_EA" data-testid="product-title">V-Go Vegetable Cocktail, Original</h3><p class="chakra-text css-1yftjin" data-testid="product-package-size">1.89 l, $0.24/100ml</p></div></a><div class="css-8keand"></div></div><div class="css-1q5omjq"><div class="css-fcebb8"><div data-testid="atc-compact" class="css-y94ivq" style="width: 45px;"><button type="button" class="chakra-button css-mudsm6" data-testid="atc-button"><svg stroke="currentColor" fill="currentColor" stroke-width="0" viewBox="0 0 24 24" focusable="false" class="chakra-icon css-1g3sp7a" data-testid="btn-icon" aria-hidden="true" height="1em" width="1em" xmlns="http://www.w3.org/2000/svg"><path d="M19 13h-6v6h-2v-6H5v-2h6V5h2v6h6v2z"></path></svg><span class="css-idkz9h">Add V-Go Vegetable Cocktail, Original to cart</span></button></div></div></div></div></div></div><div class="css-0"><div class="css-f5i5wc"><div class="chakra-linkbox css-vhnn8v"><div data-testid="product-image" class="css-16dr4ly"><img alt="Kang Shi Fu Ice Black Tea Drink Lemon Flavour 2 l, $0.32/100ml" src="https://assets.shop.loblaws.ca/products/21574854/b3/en/front/21574854_front_a06_@2.png" srcset="https://assets.shop.loblaws.ca/products/21574854/b3/en/front/21574854_front_a06_@2.png 1x, https://assets.shop.loblaws.ca/products/21574854/b3/en/front/21574854_front_a06_@2.png 2x" loading="lazy" class="chakra-image css-oguq8l" aria-hidden="true"></div><div class="css-qoklea"><div class="css-12dchmx"></div><div data-testid="price-product-tile" class="css-8atqhb"><p class="chakra-text css-0"><span class="chakra-text css-pwnbcb" data-testid="regular-price"><span class="css-idkz9h">$6.49</span>$6.49</span></p></div><a href="/ice-black-tea-drink-lemon-flavour/p/21574854_EA?source=nspt" class="chakra-linkbox__overlay css-1hnz6hu"><div class="css-0"><p class="chakra-text css-1ecdp9w" data-testid="product-brand">Kang Shi Fu</p><h3 class="chakra-heading css-6qrhwc" id="21574854_EA" data-testid="product-title">Ice Black Tea Drink Lemon Flavour</h3><p class="chakra-text css-1yftjin" data-testid="product-package-size">2 l, $0.32/100ml</p></div></a><div class="css-8keand"></div></div><div class="css-1q5omjq"><div class="css-fcebb8"><div data-testid="atc-compact" class="css-y94ivq" style="width: 45px;"><button type="button" class="chakra-button css-mudsm6" data-testid="atc-button"><svg stroke="currentColor" fill="currentColor" stroke-width="0" viewBox="0 0 24 24" focusable="false" class="chakra-icon css-1g3sp7a" data-testid="btn-icon" aria-hidden="true" height="1em" width="1em" xmlns="http://www.w3.org/2000/svg"><path d="M19 13h-6v6h-2v-6H5v-2h6V5h2v6h6v2z"></path></svg><span class="css-idkz9h">Add Ice Black Tea Drink Lemon Flavour to cart</span></button></div></div><div class="css-4saf4a"><p class="chakra-text css-py8788" data-testid="inventory-badge-text">Low Stock</p></div></div></div></div></div><div class="css-0"><div class="css-f5i5wc"><div class="chakra-linkbox css-vhnn8v"><div data-testid="product-image" class="css-16dr4ly"><img alt="Bolthouse Green Goodness 946 ml, $0.69/100ml" src="https://assets.shop.loblaws.ca/products/20301788/b3/en/front/20301788_front_a06_@2.png" srcset="https://assets.shop.loblaws.ca/products/20301788/b3/en/front/20301788_front_a06_@2.png 1x, https://assets.shop.loblaws.ca/products/20301788/b3/en/front/20301788_front_a06_@2.png 2x" loading="lazy" class="chakra-image css-oguq8l" aria-hidden="true"></div><div class="css-qoklea"><div class="css-12dchmx"></div><div data-testid="price-product-tile" class="css-8atqhb"><p class="chakra-text css-0"><span class="chakra-text css-pwnbcb" data-testid="regular-price"><span class="css-idkz9h">$6.49</span>$6.49</span></p></div><a href="/green-goodness/p/20301788_EA?source=nspt" class="chakra-linkbox__overlay css-1hnz6hu"><div class="css-0"><p class="chakra-text css-1ecdp9w" data-testid="product-brand">Bolthouse</p><h3 class="chakra-heading css-6qrhwc" id="20301788_EA" data-testid="product-title">Green Goodness</h3><p class="chakra-text css-1yftjin" data-testid="product-package-size">946 ml, $0.69/100ml</p></div></a><div class="css-8keand"></div></div><div class="css-1q5omjq"><div class="css-fcebb8"><div data-testid="atc-compact" class="css-y94ivq" style="width: 45px;"><button type="button" class="chakra-button css-mudsm6" data-testid="atc-button"><svg stroke="currentColor" fill="currentColor" stroke-width="0" viewBox="0 0 24 24" focusable="false" class="chakra-icon css-1g3sp7a" data-testid="btn-icon" aria-hidden="true" height="1em" width="1em" xmlns="http://www.w3.org/2000/svg"><path d="M19 13h-6v6h-2v-6H5v-2h6V5h2v6h6v2z"></path></svg><span class="css-idkz9h">Add Green Goodness to cart</span></button></div></div></div></div></div></div><div class="css-0"><div class="css-f5i5wc"><div class="chakra-linkbox css-vhnn8v"><div data-testid="product-image" class="css-16dr4ly"><img alt="Bolthouse Strawberry Banana 1.54 l, $0.55/100ml" src="https://assets.shop.loblaws.ca/products/20288525/b3/en/front/20288525_front_a06_@2.png" srcset="https://assets.shop.loblaws.ca/products/20288525/b3/en/front/20288525_front_a06_@2.png 1x, https://assets.shop.loblaws.ca/products/20288525/b3/en/front/20288525_front_a06_@2.png 2x" loading="lazy" class="chakra-image css-oguq8l" aria-hidden="true"></div><div class="css-qoklea"><div class="css-12dchmx"></div><div data-testid="price-product-tile" class="css-8atqhb"><p class="chakra-text css-0"><span class="chakra-text css-pwnbcb" data-testid="regular-price"><span class="css-idkz9h">$8.49</span>$8.49</span></p></div><a href="/strawberry-banana/p/20288525_EA?source=nspt" class="chakra-linkbox__overlay css-1hnz6hu"><div class="css-0"><p class="chakra-text css-1ecdp9w" data-testid="product-brand">Bolthouse</p><h3 class="chakra-heading css-6qrhwc" id="20288525_EA" data-testid="product-title">Strawberry Banana</h3><p class="chakra-text css-1yftjin" data-testid="product-package-size">1.54 l, $0.55/100ml</p></div></a><div class="css-8keand"></div></div><div class="css-1q5omjq"><div class="css-fcebb8"><div data-testid="atc-compact" class="css-y94ivq" style="width: 45px;"><button type="button" class="chakra-button css-mudsm6" data-testid="atc-button"><svg stroke="currentColor" fill="currentColor" stroke-width="0" viewBox="0 0 24 24" focusable="false" class="chakra-icon css-1g3sp7a" data-testid="btn-icon" aria-hidden="true" height="1em" width="1em" xmlns="http://www.w3.org/2000/svg"><path d="M19 13h-6v6h-2v-6H5v-2h6V5h2v6h6v2z"></path></svg><span class="css-idkz9h">Add Strawberry Banana to cart</span></button></div></div></div></div></div></div><div class="css-0"><div class="css-f5i5wc"><div class="chakra-linkbox css-vhnn8v"><div data-testid="product-image" class="css-16dr4ly"><img alt="SToK Cold Brew Coffee, Black, Extra Bold, Unsweetened, No Cream 1.42 l, $0.56/100ml" src="https://assets.shop.loblaws.ca/products/21475792/b3/en/front/21475792_front_a06_@2.png" srcset="https://assets.shop.loblaws.ca/products/21475792/b3/en/front/21475792_front_a06_@2.png 1x, https://assets.shop.loblaws.ca/products/21475792/b3/en/front/21475792_front_a06_@2.png 2x" loading="lazy" class="chakra-image css-oguq8l" aria-hidden="true"></div><div class="css-qoklea"><div class="css-12dchmx"></div><div data-testid="price-product-tile" class="css-8atqhb"><p class="chakra-text css-0"><span class="chakra-text css-o93gbd" data-testid="sale-price"><span class="css-idkz9h">$7.99</span>$7.99</span><span class="chakra-text css-623q5h" data-testid="was-price"><span class="css-idkz9h">$8.29</span>$8.29</span></p><p class="chakra-text css-1m5a6y8" data-testid="price-descriptor">SAVE $0.30</p></div><a href="/cold-brew-coffee-black-extra-bold-unsweetened-no-c/p/21475792_EA?source=nspt" class="chakra-linkbox__overlay css-1hnz6hu"><div class="css-0"><p class="chakra-text css-1ecdp9w" data-testid="product-brand">SToK</p><h3 class="chakra-heading css-6qrhwc" id="21475792_EA" data-testid="product-title">Cold Brew Coffee, Black, Extra Bold, Unsweetened, No Cream</h3><p class="chakra-text css-1yftjin" data-testid="product-package-size">1.42 l, $0.56/100ml</p></div></a><div class="css-8keand"></div></div><div class="css-1q5omjq"><div class="css-fcebb8"><div data-testid="atc-compact" class="css-y94ivq" style="width: 45px;"><button type="button" class="chakra-button css-mudsm6" data-testid="atc-button"><svg stroke="currentColor" fill="currentColor" stroke-width="0" viewBox="0 0 24 24" focusable="false" class="chakra-icon css-1g3sp7a" data-testid="btn-icon" aria-hidden="true" height="1em" width="1em" xmlns="http://www.w3.org/2000/svg"><path d="M19 13h-6v6h-2v-6H5v-2h6V5h2v6h6v2z"></path></svg><span class="css-idkz9h">Add Cold Brew Coffee, Black, Extra Bold, Unsweetened, No Cream to cart</span></button></div></div></div></div></div></div><div class="css-0"><div class="css-f5i5wc"><div class="chakra-linkbox css-vhnn8v"><div data-testid="product-image" class="css-16dr4ly"><img alt="Five Alive Citrus Juice, 8 Pack 8x200.0 ml, $0.25/100ml" src="https://assets.shop.loblaws.ca/products/21093553/b3/en/front/21093553_front_a06_@2.png" srcset="https://assets.shop.loblaws.ca/products/21093553/b3/en/front/21093553_front_a06_@2.png 1x, https://assets.shop.loblaws.ca/products/21093553/b3/en/front/21093553_front_a06_@2.png 2x" loading="lazy" class="chakra-image css-oguq8l" aria-hidden="true"></div><div class="css-qoklea"><div class="css-12dchmx"></div><div data-testid="price-product-tile" class="css-8atqhb"><p class="chakra-text css-0"><span class="chakra-text css-pwnbcb" data-testid="regular-price"><span class="css-idkz9h">$3.99</span>$3.99</span></p></div><a href="/citrus-juice-8-pack/p/21093553_EA?source=nspt" class="chakra-linkbox__overlay css-1hnz6hu"><div class="css-0"><p class="chakra-text css-1ecdp9w" data-testid="product-brand">Five Alive</p><h3 class="chakra-heading css-6qrhwc" id="21093553_EA" data-testid="product-title">Citrus Juice, 8 Pack</h3><p class="chakra-text css-1yftjin" data-testid="product-package-size">8x200.0 ml, $0.25/100ml</p></div></a><div class="css-8keand"></div></div><div class="css-1q5omjq"><div class="css-fcebb8"><div data-testid="atc-compact" class="css-y94ivq" style="width: 45px;"><button type="button" class="chakra-button css-mudsm6" data-testid="atc-button"><svg stroke="currentColor" fill="currentColor" stroke-width="0" viewBox="0 0 24 24" focusable="false" class="chakra-icon css-1g3sp7a" data-testid="btn-icon" aria-hidden="true" height="1em" width="1em" xmlns="http://www.w3.org/2000/svg"><path d="M19 13h-6v6h-2v-6H5v-2h6V5h2v6h6v2z"></path></svg><span class="css-idkz9h">Add Citrus Juice, 8 Pack to cart</span></button></div></div></div></div></div></div><div class="css-0"><div class="css-f5i5wc"><div class="chakra-linkbox css-vhnn8v"><div data-testid="product-image" class="css-16dr4ly"><img alt="President's Choice 100% Tropical Juice 1 l, $0.20/100ml" src="https://assets.shop.loblaws.ca/products/21080947/b3/en/front/21080947_front_a06_@2.png" srcset="https://assets.shop.loblaws.ca/products/21080947/b3/en/front/21080947_front_a06_@2.png 1x, https://assets.shop.loblaws.ca/products/21080947/b3/en/front/21080947_front_a06_@2.png 2x" loading="lazy" class="chakra-image css-oguq8l" aria-hidden="true"></div><div class="css-qoklea"><div class="css-12dchmx"></div><div data-testid="price-product-tile" class="css-8atqhb"><p class="chakra-text css-0"><span class="chakra-text css-pwnbcb" data-testid="regular-price"><span class="css-idkz9h">$2.00</span>$2.00</span></p></div><a href="/100-tropical-juice/p/21080947_EA?source=nspt" class="chakra-linkbox__overlay css-1hnz6hu"><div class="css-0"><p class="chakra-text css-1ecdp9w" data-testid="product-brand">President's Choice</p><h3 class="chakra-heading css-6qrhwc" id="21080947_EA" data-testid="product-title">100% Tropical Juice</h3><p class="chakra-text css-1yftjin" data-testid="product-package-size">1 l, $0.20/100ml</p></div></a><div class="css-8keand"></div></div><div class="css-1q5omjq"><div class="css-fcebb8"><div data-testid="atc-compact" class="css-y94ivq" style="width: 45px;"><button type="button" class="chakra-button css-mudsm6" data-testid="atc-button"><svg stroke="currentColor" fill="currentColor" stroke-width="0" viewBox="0 0 24 24" focusable="false" class="chakra-icon css-1g3sp7a" data-testid="btn-icon" aria-hidden="true" height="1em" width="1em" xmlns="http://www.w3.org/2000/svg"><path d="M19 13h-6v6h-2v-6H5v-2h6V5h2v6h6v2z"></path></svg><span class="css-idkz9h">Add 100% Tropical Juice to cart</span></button></div></div></div></div></div></div><div class="css-0"><div class="css-f5i5wc"><div class="chakra-linkbox css-vhnn8v"><div data-testid="product-image" class="css-16dr4ly"><img alt="President's Choice Rose Dealcoholized Wine 750 ml, $1.07/100ml" src="https://assets.shop.loblaws.ca/products/21305907/b3/en/front/21305907_front_a06_@2.png" srcset="https://assets.shop.loblaws.ca/products/21305907/b3/en/front/21305907_front_a06_@2.png 1x, https://assets.shop.loblaws.ca/products/21305907/b3/en/front/21305907_front_a06_@2.png 2x" loading="lazy" class="chakra-image css-oguq8l" aria-hidden="true"></div><div class="css-qoklea"><div class="css-12dchmx"></div><div data-testid="price-product-tile" class="css-8atqhb"><p class="chakra-text css-0"><span class="chakra-text css-pwnbcb" data-testid="regular-price"><span class="css-idkz9h">$7.99</span>$7.99</span></p></div><a href="/rose-dealcoholized-wine/p/21305907_EA?source=nspt" class="chakra-linkbox__overlay css-1hnz6hu"><div class="css-0"><p class="chakra-text css-1ecdp9w" data-testid="product-brand">President's Choice</p><h3 class="chakra-heading css-6qrhwc" id="21305907_EA" data-testid="product-title">Rose Dealcoholized Wine</h3><p class="chakra-text css-1yftjin" data-testid="product-package-size">750 ml, $1.07/100ml</p></div></a><div class="css-8keand"></div></div><div class="css-1q5omjq"><div class="css-fcebb8"><div data-testid="atc-compact" class="css-y94ivq" style="width: 45px;"><button type="button" class="chakra-button css-mudsm6" data-testid="atc-button"><svg stroke="currentColor" fill="currentColor" stroke-width="0" viewBox="0 0 24 24" focusable="false" class="chakra-icon css-1g3sp7a" data-testid="btn-icon" aria-hidden="true" height="1em" width="1em" xmlns="http://www.w3.org/2000/svg"><path d="M19 13h-6v6h-2v-6H5v-2h6V5h2v6h6v2z"></path></svg><span class="css-idkz9h">Add Rose Dealcoholized Wine to cart</span></button></div></div></div></div></div></div><div class="css-0"><div class="css-f5i5wc"><div class="chakra-linkbox css-vhnn8v"><div data-testid="product-image" class="css-16dr4ly"><img alt="Ocean Spray Cranberry Cocktail 3 l, $0.23/100ml" src="https://assets.shop.loblaws.ca/products/20574433001/b3/en/front/20574433001_front_a06_@2.png" srcset="https://assets.shop.loblaws.ca/products/20574433001/b3/en/front/20574433001_front_a06_@2.png 1x, https://assets.shop.loblaws.ca/products/20574433001/b3/en/front/20574433001_front_a06_@2.png 2x" loading="lazy" class="chakra-image css-oguq8l" aria-hidden="true"></div><div class="css-qoklea"><div class="css-12dchmx"></div><div data-testid="price-product-tile" class="css-8atqhb"><p class="chakra-text css-0"><span class="chakra-text css-pwnbcb" data-testid="regular-price"><span class="css-idkz9h">$6.99</span>$6.99</span></p></div><a href="/cranberry-cocktail/p/20574433001_EA?source=nspt" class="chakra-linkbox__overlay css-1hnz6hu"><div class="css-0"><p class="chakra-text css-1ecdp9w" data-testid="product-brand">Ocean Spray</p><h3 class="chakra-heading css-6qrhwc" id="20574433001_EA" data-testid="product-title">Cranberry Cocktail</h3><p class="chakra-text css-1yftjin" data-testid="product-package-size">3 l, $0.23/100ml</p></div></a><div class="css-8keand"></div></div><div class="css-1q5omjq"><div class="css-fcebb8"><div data-testid="atc-compact" class="css-y94ivq" style="width: 45px;"><button type="button" class="chakra-button css-mudsm6" data-testid="atc-button"><svg stroke="currentColor" fill="currentColor" stroke-width="0" viewBox="0 0 24 24" focusable="false" class="chakra-icon css-1g3sp7a" data-testid="btn-icon" aria-hidden="true" height="1em" width="1em" xmlns="http://www.w3.org/2000/svg"><path d="M19 13h-6v6h-2v-6H5v-2h6V5h2v6h6v2z"></path></svg><span class="css-idkz9h">Add Cranberry Cocktail to cart</span></button></div></div></div></div></div></div><div class="css-0"><div class="css-f5i5wc"><div class="chakra-linkbox css-vhnn8v"><div data-testid="product-image" class="css-16dr4ly"><img alt="Dole Premium Pineapple Juice  4x250.0 ml, $0.48/100ml" src="https://assets.shop.loblaws.ca/products/21104434/b3/en/front/21104434_front_a06_@2.png" srcset="https://assets.shop.loblaws.ca/products/21104434/b3/en/front/21104434_front_a06_@2.png 1x, https://assets.shop.loblaws.ca/products/21104434/b3/en/front/21104434_front_a06_@2.png 2x" loading="lazy" class="chakra-image css-oguq8l" aria-hidden="true"></div><div class="css-qoklea"><div class="css-12dchmx"></div><div data-testid="price-product-tile" class="css-8atqhb"><p class="chakra-text css-0"><span class="chakra-text css-pwnbcb" data-testid="regular-price"><span class="css-idkz9h">$4.79</span>$4.79</span></p></div><a href="/premium-pineapple-juice/p/21104434_C04?source=nspt" class="chakra-linkbox__overlay css-1hnz6hu"><div class="css-0"><p class="chakra-text css-1ecdp9w" data-testid="product-brand">Dole</p><h3 class="chakra-heading css-6qrhwc" id="21104434_C04" data-testid="product-title">Premium Pineapple Juice </h3><p class="chakra-text css-1yftjin" data-testid="product-package-size">4x250.0 ml, $0.48/100ml</p></div></a><div class="css-8keand"></div></div><div class="css-1q5omjq"><div class="css-fcebb8"><div data-testid="atc-compact" class="css-y94ivq" style="width: 45px;"><button type="button" class="chakra-button css-mudsm6" data-testid="atc-button"><svg stroke="currentColor" fill="currentColor" stroke-width="0" viewBox="0 0 24 24" focusable="false" class="chakra-icon css-1g3sp7a" data-testid="btn-icon" aria-hidden="true" height="1em" width="1em" xmlns="http://www.w3.org/2000/svg"><path d="M19 13h-6v6h-2v-6H5v-2h6V5h2v6h6v2z"></path></svg><span class="css-idkz9h">Add Premium Pineapple Juice  to cart</span></button></div></div></div></div></div></div></div><div data-testid="product-grid" class="css-epcqr3"><div class="css-0"><div class="css-f5i5wc"><div class="chakra-linkbox css-vhnn8v"><div data-testid="product-image" class="css-16dr4ly"><img alt="Allen's Strawberry Banana Cocktail 8x200.0 ml, $0.19/100ml" src="https://assets.shop.loblaws.ca/products/20315996004/b3/en/front/20315996004_front_a06_@2.png" srcset="https://assets.shop.loblaws.ca/products/20315996004/b3/en/front/20315996004_front_a06_@2.png 1x, https://assets.shop.loblaws.ca/products/20315996004/b3/en/front/20315996004_front_a06_@2.png 2x" loading="lazy" class="chakra-image css-oguq8l" aria-hidden="true"></div><div class="css-qoklea"><div class="css-12dchmx"></div><div data-testid="price-product-tile" class="css-8atqhb"><p class="chakra-text css-0"><span class="chakra-text css-pwnbcb" data-testid="regular-price"><span class="css-idkz9h">$2.99</span>$2.99</span></p></div><a href="/strawberry-banana-cocktail/p/20315996004_EA?source=nspt" class="chakra-linkbox__overlay css-1hnz6hu"><div class="css-0"><p class="chakra-text css-1ecdp9w" data-testid="product-brand">Allen's</p><h3 class="chakra-heading css-6qrhwc" id="20315996004_EA" data-testid="product-title">Strawberry Banana Cocktail</h3><p class="chakra-text css-1yftjin" data-testid="product-package-size">8x200.0 ml, $0.19/100ml</p></div></a><div class="css-8keand"></div></div><div class="css-1q5omjq"><div class="css-fcebb8"><div data-testid="atc-compact" class="css-y94ivq" style="width: 45px;"><button type="button" class="chakra-button css-mudsm6" data-testid="atc-button"><svg stroke="currentColor" fill="currentColor" stroke-width="0" viewBox="0 0 24 24" focusable="false" class="chakra-icon css-1g3sp7a" data-testid="btn-icon" aria-hidden="true" height="1em" width="1em" xmlns="http://www.w3.org/2000/svg"><path d="M19 13h-6v6h-2v-6H5v-2h6V5h2v6h6v2z"></path></svg><span class="css-idkz9h">Add Strawberry Banana Cocktail to cart</span></button></div></div></div></div></div></div><div class="css-0"><div class="css-f5i5wc"><div class="chakra-linkbox css-vhnn8v"><div data-testid="product-image" class="css-16dr4ly"><img alt="Oasis Apple Juice 8x200.0 ml, $0.28/100ml" src="https://assets.shop.loblaws.ca/products/20315764002/b3/en/front/20315764002_front_a06_@2.png" srcset="https://assets.shop.loblaws.ca/products/20315764002/b3/en/front/20315764002_front_a06_@2.png 1x, https://assets.shop.loblaws.ca/products/20315764002/b3/en/front/20315764002_front_a06_@2.png 2x" loading="lazy" class="chakra-image css-oguq8l" aria-hidden="true"></div><div class="css-qoklea"><div class="css-12dchmx"></div><div data-testid="price-product-tile" class="css-8atqhb"><p class="chakra-text css-0"><span class="chakra-text css-pwnbcb" data-testid="regular-price"><span class="css-idkz9h">$4.49</span>$4.49</span></p></div><a href="/apple-juice/p/20315764002_EA?source=nspt" class="chakra-linkbox__overlay css-1hnz6hu"><div class="css-0"><p class="chakra-text css-1ecdp9w" data-testid="product-brand">Oasis</p><h3 class="chakra-heading css-6qrhwc" id="20315764002_EA" data-testid="product-title">Apple Juice</h3><p class="chakra-text css-1yftjin" data-testid="product-package-size">8x200.0 ml, $0.28/100ml</p></div></a><div class="css-8keand"></div></div><div class="css-1q5omjq"><div class="css-fcebb8"><div data-testid="atc-compact" class="css-y94ivq" style="width: 45px;"><button type="button" class="chakra-button css-mudsm6" data-testid="atc-button"><svg stroke="currentColor" fill="currentColor" stroke-width="0" viewBox="0 0 24 24" focusable="false" class="chakra-icon css-1g3sp7a" data-testid="btn-icon" aria-hidden="true" height="1em" width="1em" xmlns="http://www.w3.org/2000/svg"><path d="M19 13h-6v6h-2v-6H5v-2h6V5h2v6h6v2z"></path></svg><span class="css-idkz9h">Add Apple Juice to cart</span></button></div></div></div></div></div></div><div class="css-0"><div class="css-f5i5wc"><div class="chakra-linkbox css-vhnn8v"><div data-testid="product-image" class="css-16dr4ly"><img alt="Del Monte 100% Juice Morning Sunshine 2.5 l, $0.24/100ml" src="https://assets.shop.loblaws.ca/products/21595736/b3/en/front/21595736_front_a06_@2.png" srcset="https://assets.shop.loblaws.ca/products/21595736/b3/en/front/21595736_front_a06_@2.png 1x, https://assets.shop.loblaws.ca/products/21595736/b3/en/front/21595736_front_a06_@2.png 2x" loading="lazy" class="chakra-image css-oguq8l" aria-hidden="true"></div><div class="css-qoklea"><div class="css-12dchmx"></div><div data-testid="price-product-tile" class="css-8atqhb"><p class="chakra-text css-0"><span class="chakra-text css-pwnbcb" data-testid="regular-price"><span class="css-idkz9h">$5.99</span>$5.99</span></p></div><a href="/100-juice-morning-sunshine/p/21595736_EA?source=nspt" class="chakra-linkbox__overlay css-1hnz6hu"><div class="css-0"><p class="chakra-text css-1ecdp9w" data-testid="product-brand">Del Monte</p><h3 class="chakra-heading css-6qrhwc" id="21595736_EA" data-testid="product-title">100% Juice Morning Sunshine</h3><p class="chakra-text css-1yftjin" data-testid="product-package-size">2.5 l, $0.24/100ml</p></div></a><div class="css-8keand"></div></div><div class="css-1q5omjq"><div class="css-fcebb8"><div data-testid="atc-compact" class="css-y94ivq" style="width: 45px;"><button type="button" class="chakra-button css-mudsm6" data-testid="atc-button"><svg stroke="currentColor" fill="currentColor" stroke-width="0" viewBox="0 0 24 24" focusable="false" class="chakra-icon css-1g3sp7a" data-testid="btn-icon" aria-hidden="true" height="1em" width="1em" xmlns="http://www.w3.org/2000/svg"><path d="M19 13h-6v6h-2v-6H5v-2h6V5h2v6h6v2z"></path></svg><span class="css-idkz9h">Add 100% Juice Morning Sunshine to cart</span></button></div></div></div></div></div></div><div class="css-0"><div class="css-f5i5wc"><div class="chakra-linkbox css-vhnn8v"><div data-testid="product-image" class="css-16dr4ly"><img alt="No Name Fruit Punch 2 l, $0.10/100ml" src="https://assets.shop.loblaws.ca/products/20320439003/b3/en/front/20320439003_front_a06_@2.png" srcset="https://assets.shop.loblaws.ca/products/20320439003/b3/en/front/20320439003_front_a06_@2.png 1x, https://assets.shop.loblaws.ca/products/20320439003/b3/en/front/20320439003_front_a06_@2.png 2x" loading="lazy" class="chakra-image css-oguq8l" aria-hidden="true"></div><div class="css-qoklea"><div class="css-12dchmx"></div><div data-testid="price-product-tile" class="css-8atqhb"><p class="chakra-text css-0"><span class="chakra-text css-pwnbcb" data-testid="regular-price"><span class="css-idkz9h">$2.00</span>$2.00</span></p></div><a href="/fruit-punch/p/20320439003_EA?source=nspt" class="chakra-linkbox__overlay css-1hnz6hu"><div class="css-0"><p class="chakra-text css-1ecdp9w" data-testid="product-brand">No Name</p><h3 class="chakra-heading css-6qrhwc" id="20320439003_EA" data-testid="product-title">Fruit Punch</h3><p class="chakra-text css-1yftjin" data-testid="product-package-size">2 l, $0.10/100ml</p></div></a><div class="css-8keand"></div></div><div class="css-1q5omjq"><div class="css-fcebb8"><div data-testid="atc-compact" class="css-y94ivq" style="width: 45px;"><button type="button" class="chakra-button css-mudsm6" data-testid="atc-button"><svg stroke="currentColor" fill="currentColor" stroke-width="0" viewBox="0 0 24 24" focusable="false" class="chakra-icon css-1g3sp7a" data-testid="btn-icon" aria-hidden="true" height="1em" width="1em" xmlns="http://www.w3.org/2000/svg"><path d="M19 13h-6v6h-2v-6H5v-2h6V5h2v6h6v2z"></path></svg><span class="css-idkz9h">Add Fruit Punch to cart</span></button></div></div></div></div></div></div><div class="css-0"><div class="css-f5i5wc"><div class="chakra-linkbox css-vhnn8v"><div data-testid="product-image" class="css-16dr4ly"><img alt="SToK Cold Brew Coffee, Black, Lightly Sweetened 1.42 l, $0.56/100ml" src="https://assets.shop.loblaws.ca/products/21203737/b3/en/front/21203737_front_a06_@2.png" srcset="https://assets.shop.loblaws.ca/products/21203737/b3/en/front/21203737_front_a06_@2.png 1x, https://assets.shop.loblaws.ca/products/21203737/b3/en/front/21203737_front_a06_@2.png 2x" loading="lazy" class="chakra-image css-oguq8l" aria-hidden="true"></div><div class="css-qoklea"><div class="css-12dchmx"></div><div data-testid="price-product-tile" class="css-8atqhb"><p class="chakra-text css-0"><span class="chakra-text css-pwnbcb" data-testid="regular-price"><span class="css-idkz9h">$7.99</span>$7.99</span></p></div><a href="/cold-brew-coffee-black-lightly-sweetened/p/21203737_EA?source=nspt" class="chakra-linkbox__overlay css-1hnz6hu"><div class="css-0"><p class="chakra-text css-1ecdp9w" data-testid="product-brand">SToK</p><h3 class="chakra-heading css-6qrhwc" id="21203737_EA" data-testid="product-title">Cold Brew Coffee, Black, Lightly Sweetened</h3><p class="chakra-text css-1yftjin" data-testid="product-package-size">1.42 l, $0.56/100ml</p></div></a><div class="css-8keand"></div></div><div class="css-1q5omjq"><div class="css-fcebb8"><div data-testid="atc-compact" class="css-y94ivq" style="width: 45px;"><button type="button" class="chakra-button css-mudsm6" data-testid="atc-button"><svg stroke="currentColor" fill="currentColor" stroke-width="0" viewBox="0 0 24 24" focusable="false" class="chakra-icon css-1g3sp7a" data-testid="btn-icon" aria-hidden="true" height="1em" width="1em" xmlns="http://www.w3.org/2000/svg"><path d="M19 13h-6v6h-2v-6H5v-2h6V5h2v6h6v2z"></path></svg><span class="css-idkz9h">Add Cold Brew Coffee, Black, Lightly Sweetened to cart</span></button></div></div></div></div></div></div><div class="css-0"><div class="css-f5i5wc"><div class="chakra-linkbox css-vhnn8v"><div data-testid="product-image" class="css-16dr4ly"><img alt="Fruite Grape Drink 2 l, $0.14/100ml" src="https://assets.shop.loblaws.ca/products/20302606/b3/en/front/20302606_front_a06_@2.png" srcset="https://assets.shop.loblaws.ca/products/20302606/b3/en/front/20302606_front_a06_@2.png 1x, https://assets.shop.loblaws.ca/products/20302606/b3/en/front/20302606_front_a06_@2.png 2x" loading="lazy" class="chakra-image css-oguq8l" aria-hidden="true"></div><div class="css-qoklea"><div class="css-12dchmx"></div><div data-testid="price-product-tile" class="css-8atqhb"><p class="chakra-text css-0"><span class="chakra-text css-pwnbcb" data-testid="regular-price"><span class="css-idkz9h">$2.79</span>$2.79</span></p></div><a href="/grape-drink/p/20302606_EA?source=nspt" class="chakra-linkbox__overlay css-1hnz6hu"><div class="css-0"><p class="chakra-text css-1ecdp9w" data-testid="product-brand">Fruite</p><h3 class="chakra-heading css-6qrhwc" id="20302606_EA" data-testid="product-title">Grape Drink</h3><p class="chakra-text css-1yftjin" data-testid="product-package-size">2 l, $0.14/100ml</p></div></a><div class="css-8keand"></div></div><div class="css-1q5omjq"><div class="css-fcebb8"><div data-testid="atc-compact" class="css-y94ivq" style="width: 45px;"><button type="button" class="chakra-button css-mudsm6" data-testid="atc-button"><svg stroke="currentColor" fill="currentColor" stroke-width="0" viewBox="0 0 24 24" focusable="false" class="chakra-icon css-1g3sp7a" data-testid="btn-icon" aria-hidden="true" height="1em" width="1em" xmlns="http://www.w3.org/2000/svg"><path d="M19 13h-6v6h-2v-6H5v-2h6V5h2v6h6v2z"></path></svg><span class="css-idkz9h">Add Grape Drink to cart</span></button></div></div></div></div></div></div><div class="css-0"><div class="css-f5i5wc"><div class="chakra-linkbox css-vhnn8v"><div data-testid="product-image" class="css-16dr4ly"><img alt="Ocean Spray 100% Juice Blends 100% Juice, Cranberry 1.77 l, $0.28/100ml" src="https://assets.shop.loblaws.ca/products/20982463/b3/en/front/20982463_front_a06_@2.png" srcset="https://assets.shop.loblaws.ca/products/20982463/b3/en/front/20982463_front_a06_@2.png 1x, https://assets.shop.loblaws.ca/products/20982463/b3/en/front/20982463_front_a06_@2.png 2x" loading="lazy" class="chakra-image css-oguq8l" aria-hidden="true"></div><div class="css-qoklea"><div class="css-12dchmx"></div><div data-testid="price-product-tile" class="css-8atqhb"><p class="chakra-text css-0"><span class="chakra-text css-pwnbcb" data-testid="regular-price"><span class="css-idkz9h">$4.99</span>$4.99</span></p></div><a href="/100-juice-blends-100-juice-cranberry/p/20982463_EA?source=nspt" class="chakra-linkbox__overlay css-1hnz6hu"><div class="css-0"><p class="chakra-text css-1ecdp9w" data-testid="product-brand">Ocean Spray</p><h3 class="chakra-heading css-6qrhwc" id="20982463_EA" data-testid="product-title">100% Juice Blends 100% Juice, Cranberry</h3><p class="chakra-text css-1yftjin" data-testid="product-package-size">1.77 l, $0.28/100ml</p></div></a><div class="css-8keand"></div></div><div class="css-1q5omjq"><div class="css-fcebb8"><div data-testid="atc-compact" class="css-y94ivq" style="width: 45px;"><button type="button" class="chakra-button css-mudsm6" data-testid="atc-button"><svg stroke="currentColor" fill="currentColor" stroke-width="0" viewBox="0 0 24 24" focusable="false" class="chakra-icon css-1g3sp7a" data-testid="btn-icon" aria-hidden="true" height="1em" width="1em" xmlns="http://www.w3.org/2000/svg"><path d="M19 13h-6v6h-2v-6H5v-2h6V5h2v6h6v2z"></path></svg><span class="css-idkz9h">Add 100% Juice Blends 100% Juice, Cranberry to cart</span></button></div></div></div></div></div></div><div class="css-0"><div class="css-f5i5wc"><div class="chakra-linkbox css-vhnn8v"><div data-testid="product-image" class="css-16dr4ly"><img alt="Oasis Tropical Passion Fruit Juice 8x200.0 ml, $0.28/100ml" src="https://assets.shop.loblaws.ca/products/20315764001/b3/en/front/20315764001_front_a06_@2.png" srcset="https://assets.shop.loblaws.ca/products/20315764001/b3/en/front/20315764001_front_a06_@2.png 1x, https://assets.shop.loblaws.ca/products/20315764001/b3/en/front/20315764001_front_a06_@2.png 2x" loading="lazy" class="chakra-image css-oguq8l" aria-hidden="true"></div><div class="css-qoklea"><div class="css-12dchmx"></div><div data-testid="price-product-tile" class="css-8atqhb"><p class="chakra-text css-0"><span class="chakra-text css-pwnbcb" data-testid="regular-price"><span class="css-idkz9h">$4.49</span>$4.49</span></p></div><a href="/tropical-passion-fruit-juice/p/20315764001_EA?source=nspt" class="chakra-linkbox__overlay css-1hnz6hu"><div class="css-0"><p class="chakra-text css-1ecdp9w" data-testid="product-brand">Oasis</p><h3 class="chakra-heading css-6qrhwc" id="20315764001_EA" data-testid="product-title">Tropical Passion Fruit Juice</h3><p class="chakra-text css-1yftjin" data-testid="product-package-size">8x200.0 ml, $0.28/100ml</p></div></a><div class="css-8keand"></div></div><div class="css-1q5omjq"><div class="css-fcebb8"><div data-testid="atc-compact" class="css-y94ivq" style="width: 45px;"><button type="button" class="chakra-button css-mudsm6" data-testid="atc-button"><svg stroke="currentColor" fill="currentColor" stroke-width="0" viewBox="0 0 24 24" focusable="false" class="chakra-icon css-1g3sp7a" data-testid="btn-icon" aria-hidden="true" height="1em" width="1em" xmlns="http://www.w3.org/2000/svg"><path d="M19 13h-6v6h-2v-6H5v-2h6V5h2v6h6v2z"></path></svg><span class="css-idkz9h">Add Tropical Passion Fruit Juice to cart</span></button></div></div></div></div></div></div><div class="css-0"><div class="css-f5i5wc"><div class="chakra-linkbox css-vhnn8v"><div data-testid="product-image" class="css-16dr4ly"><img alt="Allen's Strawberry Banana Cocktail (Case) 24x200.0 ml, $0.17/100ml" src="https://assets.shop.loblaws.ca/products/20822506002/b3/en/front/20822506002_front_a06_@2.png" srcset="https://assets.shop.loblaws.ca/products/20822506002/b3/en/front/20822506002_front_a06_@2.png 1x, https://assets.shop.loblaws.ca/products/20822506002/b3/en/front/20822506002_front_a06_@2.png 2x" loading="lazy" class="chakra-image css-oguq8l" aria-hidden="true"></div><div class="css-qoklea"><div class="css-12dchmx"></div><div data-testid="price-product-tile" class="css-8atqhb"><p class="chakra-text css-0"><span class="chakra-text css-pwnbcb" data-testid="regular-price"><span class="css-idkz9h">$7.99</span>$7.99</span></p></div><a href="/strawberry-banana-cocktail-case/p/20822506002_C01?source=nspt" class="chakra-linkbox__overlay css-1hnz6hu"><div class="css-0"><p class="chakra-text css-1ecdp9w" data-testid="product-brand">Allen's</p><h3 class="chakra-heading css-6qrhwc" id="20822506002_C01" data-testid="product-title">Strawberry Banana Cocktail (Case)</h3><p class="chakra-text css-1yftjin" data-testid="product-package-size">24x200.0 ml, $0.17/100ml</p></div></a><div class="css-8keand"></div></div><div class="css-1q5omjq"><div class="css-fcebb8"><div data-testid="atc-compact" class="css-y94ivq" style="width: 45px;"><button type="button" class="chakra-button css-mudsm6" data-testid="atc-button"><svg stroke="currentColor" fill="currentColor" stroke-width="0" viewBox="0 0 24 24" focusable="false" class="chakra-icon css-1g3sp7a" data-testid="btn-icon" aria-hidden="true" height="1em" width="1em" xmlns="http://www.w3.org/2000/svg"><path d="M19 13h-6v6h-2v-6H5v-2h6V5h2v6h6v2z"></path></svg><span class="css-idkz9h">Add Strawberry Banana Cocktail (Case) to cart</span></button></div></div></div></div></div></div><div class="css-0"><div class="css-f5i5wc"><div class="chakra-linkbox css-vhnn8v"><div data-testid="product-image" class="css-16dr4ly"><img alt="Fruite Limited Edition PineaColada 2 l, $0.14/100ml" src="https://assets.shop.loblaws.ca/products/21433564/b3/en/front/21433564_front_a06_@2.png" srcset="https://assets.shop.loblaws.ca/products/21433564/b3/en/front/21433564_front_a06_@2.png 1x, https://assets.shop.loblaws.ca/products/21433564/b3/en/front/21433564_front_a06_@2.png 2x" loading="lazy" class="chakra-image css-oguq8l" aria-hidden="true"></div><div class="css-qoklea"><div class="css-12dchmx"></div><div data-testid="price-product-tile" class="css-8atqhb"><p class="chakra-text css-0"><span class="chakra-text css-pwnbcb" data-testid="regular-price"><span class="css-idkz9h">$2.79</span>$2.79</span></p></div><a href="/limited-edition-pineacolada/p/21433564_EA?source=nspt" class="chakra-linkbox__overlay css-1hnz6hu"><div class="css-0"><p class="chakra-text css-1ecdp9w" data-testid="product-brand">Fruite</p><h3 class="chakra-heading css-6qrhwc" id="21433564_EA" data-testid="product-title">Limited Edition PineaColada</h3><p class="chakra-text css-1yftjin" data-testid="product-package-size">2 l, $0.14/100ml</p></div></a><div class="css-8keand"></div></div><div class="css-1q5omjq"><div class="css-fcebb8"><div data-testid="atc-compact" class="css-y94ivq" style="width: 45px;"><button type="button" class="chakra-button css-mudsm6" data-testid="atc-button"><svg stroke="currentColor" fill="currentColor" stroke-width="0" viewBox="0 0 24 24" focusable="false" class="chakra-icon css-1g3sp7a" data-testid="btn-icon" aria-hidden="true" height="1em" width="1em" xmlns="http://www.w3.org/2000/svg"><path d="M19 13h-6v6h-2v-6H5v-2h6V5h2v6h6v2z"></path></svg><span class="css-idkz9h">Add Limited Edition PineaColada to cart</span></button></div></div></div></div></div></div><div class="css-0"><div class="css-f5i5wc"><div class="chakra-linkbox css-vhnn8v"><div data-testid="product-image" class="css-16dr4ly"><img alt="President's Choice Lavender Flavour White Tea 1.54 l, $0.26/100ml" src="https://assets.shop.loblaws.ca/products/21430637/b3/en/front/21430637_front_a06_@2.png" srcset="https://assets.shop.loblaws.ca/products/21430637/b3/en/front/21430637_front_a06_@2.png 1x, https://assets.shop.loblaws.ca/products/21430637/b3/en/front/21430637_front_a06_@2.png 2x" loading="lazy" class="chakra-image css-oguq8l" aria-hidden="true"></div><div class="css-qoklea"><div class="css-12dchmx"></div><div data-testid="price-product-tile" class="css-8atqhb"><p class="chakra-text css-0"><span class="chakra-text css-pwnbcb" data-testid="regular-price"><span class="css-idkz9h">$3.99</span>$3.99</span></p></div><a href="/lavender-flavour-white-tea/p/21430637_EA?source=nspt" class="chakra-linkbox__overlay css-1hnz6hu"><div class="css-0"><p class="chakra-text css-1ecdp9w" data-testid="product-brand">President's Choice</p><h3 class="chakra-heading css-6qrhwc" id="21430637_EA" data-testid="product-title">Lavender Flavour White Tea</h3><p class="chakra-text css-1yftjin" data-testid="product-package-size">1.54 l, $0.26/100ml</p></div></a><div class="css-8keand"></div></div><div class="css-1q5omjq"><div class="css-fcebb8"><div data-testid="atc-compact" class="css-y94ivq" style="width: 45px;"><button type="button" class="chakra-button css-mudsm6" data-testid="atc-button"><svg stroke="currentColor" fill="currentColor" stroke-width="0" viewBox="0 0 24 24" focusable="false" class="chakra-icon css-1g3sp7a" data-testid="btn-icon" aria-hidden="true" height="1em" width="1em" xmlns="http://www.w3.org/2000/svg"><path d="M19 13h-6v6h-2v-6H5v-2h6V5h2v6h6v2z"></path></svg><span class="css-idkz9h">Add Lavender Flavour White Tea to cart</span></button></div></div></div></div></div></div><div class="css-0"><div class="css-f5i5wc"><div class="chakra-linkbox css-vhnn8v"><div data-testid="product-image" class="css-16dr4ly"><img alt="Ocean Spray Cranberry Cherry Cocktail 1.89 l, $0.24/100ml" src="https://assets.shop.loblaws.ca/products/20679625/b3/en/front/20679625_front_a06_@2.png" srcset="https://assets.shop.loblaws.ca/products/20679625/b3/en/front/20679625_front_a06_@2.png 1x, https://assets.shop.loblaws.ca/products/20679625/b3/en/front/20679625_front_a06_@2.png 2x" loading="lazy" class="chakra-image css-oguq8l" aria-hidden="true"></div><div class="css-qoklea"><div class="css-12dchmx"></div><div data-testid="price-product-tile" class="css-8atqhb"><p class="chakra-text css-0"><span class="chakra-text css-pwnbcb" data-testid="regular-price"><span class="css-idkz9h">$4.49</span>$4.49</span></p></div><a href="/cranberry-cherry-cocktail/p/20679625_EA?source=nspt" class="chakra-linkbox__overlay css-1hnz6hu"><div class="css-0"><p class="chakra-text css-1ecdp9w" data-testid="product-brand">Ocean Spray</p><h3 class="chakra-heading css-6qrhwc" id="20679625_EA" data-testid="product-title">Cranberry Cherry Cocktail</h3><p class="chakra-text css-1yftjin" data-testid="product-package-size">1.89 l, $0.24/100ml</p></div></a><div class="css-8keand"></div></div><div class="css-1q5omjq"><div class="css-fcebb8"><div data-testid="atc-compact" class="css-y94ivq" style="width: 45px;"><button type="button" class="chakra-button css-mudsm6" data-testid="atc-button"><svg stroke="currentColor" fill="currentColor" stroke-width="0" viewBox="0 0 24 24" focusable="false" class="chakra-icon css-1g3sp7a" data-testid="btn-icon" aria-hidden="true" height="1em" width="1em" xmlns="http://www.w3.org/2000/svg"><path d="M19 13h-6v6h-2v-6H5v-2h6V5h2v6h6v2z"></path></svg><span class="css-idkz9h">Add Cranberry Cherry Cocktail to cart</span></button></div></div></div></div></div></div><div class="css-0"><div class="css-f5i5wc"><div class="chakra-linkbox css-vhnn8v"><div data-testid="product-image" class="css-16dr4ly"><img alt="President's Choice 100% Apple Juice 1 l, $0.20/100ml" src="https://assets.shop.loblaws.ca/products/20501952/b3/en/front/20501952_front_a06_@2.png" srcset="https://assets.shop.loblaws.ca/products/20501952/b3/en/front/20501952_front_a06_@2.png 1x, https://assets.shop.loblaws.ca/products/20501952/b3/en/front/20501952_front_a06_@2.png 2x" loading="lazy" class="chakra-image css-oguq8l" aria-hidden="true"></div><div class="css-qoklea"><div class="css-12dchmx"></div><div data-testid="price-product-tile" class="css-8atqhb"><p class="chakra-text css-0"><span class="chakra-text css-pwnbcb" data-testid="regular-price"><span class="css-idkz9h">$2.00</span>$2.00</span></p></div><a href="/100-apple-juice/p/20501952_EA?source=nspt" class="chakra-linkbox__overlay css-1hnz6hu"><div class="css-0"><p class="chakra-text css-1ecdp9w" data-testid="product-brand">President's Choice</p><h3 class="chakra-heading css-6qrhwc" id="20501952_EA" data-testid="product-title">100% Apple Juice</h3><p class="chakra-text css-1yftjin" data-testid="product-package-size">1 l, $0.20/100ml</p></div></a><div class="css-8keand"></div></div><div class="css-1q5omjq"><div class="css-fcebb8"><div data-testid="atc-compact" class="css-y94ivq" style="width: 45px;"><button type="button" class="chakra-button css-mudsm6" data-testid="atc-button"><svg stroke="currentColor" fill="currentColor" stroke-width="0" viewBox="0 0 24 24" focusable="false" class="chakra-icon css-1g3sp7a" data-testid="btn-icon" aria-hidden="true" height="1em" width="1em" xmlns="http://www.w3.org/2000/svg"><path d="M19 13h-6v6h-2v-6H5v-2h6V5h2v6h6v2z"></path></svg><span class="css-idkz9h">Add 100% Apple Juice to cart</span></button></div></div></div></div></div></div><div class="css-0"><div class="css-f5i5wc"><div class="chakra-linkbox css-vhnn8v"><div data-testid="product-image" class="css-16dr4ly"><img alt="Bolthouse Vanilla Chai Tea 946 ml, $0.69/100ml" src="https://assets.shop.loblaws.ca/products/20322371/b3/en/front/20322371_front_a06_@2.png" srcset="https://assets.shop.loblaws.ca/products/20322371/b3/en/front/20322371_front_a06_@2.png 1x, https://assets.shop.loblaws.ca/products/20322371/b3/en/front/20322371_front_a06_@2.png 2x" loading="lazy" class="chakra-image css-oguq8l" aria-hidden="true"></div><div class="css-qoklea"><div class="css-12dchmx"></div><div data-testid="price-product-tile" class="css-8atqhb"><p class="chakra-text css-0"><span class="chakra-text css-pwnbcb" data-testid="regular-price"><span class="css-idkz9h">$6.49</span>$6.49</span></p></div><a href="/vanilla-chai-tea/p/20322371_EA?source=nspt" class="chakra-linkbox__overlay css-1hnz6hu"><div class="css-0"><p class="chakra-text css-1ecdp9w" data-testid="product-brand">Bolthouse</p><h3 class="chakra-heading css-6qrhwc" id="20322371_EA" data-testid="product-title">Vanilla Chai Tea</h3><p class="chakra-text css-1yftjin" data-testid="product-package-size">946 ml, $0.69/100ml</p></div></a><div class="css-8keand"></div></div><div class="css-1q5omjq"><div class="css-fcebb8"><div data-testid="atc-compact" class="css-y94ivq" style="width: 45px;"><button type="button" class="chakra-button css-mudsm6" data-testid="atc-button"><svg stroke="currentColor" fill="currentColor" stroke-width="0" viewBox="0 0 24 24" focusable="false" class="chakra-icon css-1g3sp7a" data-testid="btn-icon" aria-hidden="true" height="1em" width="1em" xmlns="http://www.w3.org/2000/svg"><path d="M19 13h-6v6h-2v-6H5v-2h6V5h2v6h6v2z"></path></svg><span class="css-idkz9h">Add Vanilla Chai Tea to cart</span></button></div></div><div class="css-4saf4a"><p class="chakra-text css-py8788" data-testid="inventory-badge-text">Low Stock</p></div></div></div></div></div><div class="css-0"><div class="css-f5i5wc"><div class="chakra-linkbox css-vhnn8v"><div data-testid="product-image" class="css-16dr4ly"><img alt="Kool-Aid Jammers 10x180.0 ml, $0.16/100ml" src="https://assets.shop.loblaws.ca/products/20079976003/b3/en/front/20079976003_front_a06_@2.png" srcset="https://assets.shop.loblaws.ca/products/20079976003/b3/en/front/20079976003_front_a06_@2.png 1x, https://assets.shop.loblaws.ca/products/20079976003/b3/en/front/20079976003_front_a06_@2.png 2x" loading="lazy" class="chakra-image css-oguq8l" aria-hidden="true"></div><div class="css-qoklea"><div class="css-12dchmx"></div><div data-testid="price-product-tile" class="css-8atqhb"><p class="chakra-text css-0"><span class="chakra-text css-o93gbd" data-testid="sale-price"><span class="css-idkz9h">$2.79</span>$2.79</span><span class="chakra-text css-623q5h" data-testid="was-price"><span class="css-idkz9h">$3.29</span>$3.29</span></p><p class="chakra-text css-1m5a6y8" data-testid="price-descriptor">SAVE $0.50</p></div><a href="/jammers/p/20079976003_EA?source=nspt" class="chakra-linkbox__overlay css-1hnz6hu"><div class="css-0"><p class="chakra-text css-1ecdp9w" data-testid="product-brand">Kool-Aid</p><h3 class="chakra-heading css-6qrhwc" id="20079976003_EA" data-testid="product-title">Jammers</h3><p class="chakra-text css-1yftjin" data-testid="product-package-size">10x180.0 ml, $0.16/100ml</p></div></a><div class="css-8keand"></div></div><div class="css-1q5omjq"><div class="css-fcebb8"><div data-testid="atc-compact" class="css-y94ivq" style="width: 45px;"><button type="button" class="chakra-button css-mudsm6" data-testid="atc-button"><svg stroke="currentColor" fill="currentColor" stroke-width="0" viewBox="0 0 24 24" focusable="false" class="chakra-icon css-1g3sp7a" data-testid="btn-icon" aria-hidden="true" height="1em" width="1em" xmlns="http://www.w3.org/2000/svg"><path d="M19 13h-6v6h-2v-6H5v-2h6V5h2v6h6v2z"></path></svg><span class="css-idkz9h">Add Jammers to cart</span></button></div></div></div></div></div></div><div class="css-0"><div class="css-f5i5wc"><div class="chakra-linkbox css-vhnn8v"><div data-testid="product-image" class="css-16dr4ly"><img alt="President's Choice Honey Yuzu Citrus Flavoured Lemonade 1.89 l, $0.17/100ml" src="https://assets.shop.loblaws.ca/products/21371826/b3/en/front/21371826_front_a06_@2.png" srcset="https://assets.shop.loblaws.ca/products/21371826/b3/en/front/21371826_front_a06_@2.png 1x, https://assets.shop.loblaws.ca/products/21371826/b3/en/front/21371826_front_a06_@2.png 2x" loading="lazy" class="chakra-image css-oguq8l" aria-hidden="true"></div><div class="css-qoklea"><div class="css-12dchmx"></div><div data-testid="price-product-tile" class="css-8atqhb"><p class="chakra-text css-0"><span class="chakra-text css-pwnbcb" data-testid="regular-price"><span class="css-idkz9h">$3.29</span>$3.29</span></p></div><a href="/honey-yuzu-citrus-flavoured-lemonade/p/21371826_EA?source=nspt" class="chakra-linkbox__overlay css-1hnz6hu"><div class="css-0"><p class="chakra-text css-1ecdp9w" data-testid="product-brand">President's Choice</p><h3 class="chakra-heading css-6qrhwc" id="21371826_EA" data-testid="product-title">Honey Yuzu Citrus Flavoured Lemonade</h3><p class="chakra-text css-1yftjin" data-testid="product-package-size">1.89 l, $0.17/100ml</p></div></a><div class="css-8keand"></div></div><div class="css-1q5omjq"><div class="css-fcebb8"><div data-testid="atc-compact" class="css-y94ivq" style="width: 45px;"><button type="button" class="chakra-button css-mudsm6" data-testid="atc-button"><svg stroke="currentColor" fill="currentColor" stroke-width="0" viewBox="0 0 24 24" focusable="false" class="chakra-icon css-1g3sp7a" data-testid="btn-icon" aria-hidden="true" height="1em" width="1em" xmlns="http://www.w3.org/2000/svg"><path d="M19 13h-6v6h-2v-6H5v-2h6V5h2v6h6v2z"></path></svg><span class="css-idkz9h">Add Honey Yuzu Citrus Flavoured Lemonade to cart</span></button></div></div></div></div></div></div><div class="css-0"><div class="css-f5i5wc"><div class="chakra-linkbox css-vhnn8v"><div data-testid="product-image" class="css-16dr4ly"><img alt="Ocean Spray 100% Juice Blends 100% Juice, Cranberry and Grape 1.77 l, $0.28/100ml" src="https://assets.shop.loblaws.ca/products/20982405/b3/en/front/20982405_front_a06_@2.png" srcset="https://assets.shop.loblaws.ca/products/20982405/b3/en/front/20982405_front_a06_@2.png 1x, https://assets.shop.loblaws.ca/products/20982405/b3/en/front/20982405_front_a06_@2.png 2x" loading="lazy" class="chakra-image css-oguq8l" aria-hidden="true"></div><div class="css-qoklea"><div class="css-12dchmx"></div><div data-testid="price-product-tile" class="css-8atqhb"><p class="chakra-text css-0"><span class="chakra-text css-pwnbcb" data-testid="regular-price"><span class="css-idkz9h">$4.99</span>$4.99</span></p></div><a href="/100-juice-blends-100-juice-cranberry-and-grape/p/20982405_EA?source=nspt" class="chakra-linkbox__overlay css-1hnz6hu"><div class="css-0"><p class="chakra-text css-1ecdp9w" data-testid="product-brand">Ocean Spray</p><h3 class="chakra-heading css-6qrhwc" id="20982405_EA" data-testid="product-title">100% Juice Blends 100% Juice, Cranberry and Grape</h3><p class="chakra-text css-1yftjin" data-testid="product-package-size">1.77 l, $0.28/100ml</p></div></a><div class="css-8keand"></div></div><div class="css-1q5omjq"><div class="css-fcebb8"><div data-testid="atc-compact" class="css-y94ivq" style="width: 45px;"><button type="button" class="chakra-button css-mudsm6" data-testid="atc-button"><svg stroke="currentColor" fill="currentColor" stroke-width="0" viewBox="0 0 24 24" focusable="false" class="chakra-icon css-1g3sp7a" data-testid="btn-icon" aria-hidden="true" height="1em" width="1em" xmlns="http://www.w3.org/2000/svg"><path d="M19 13h-6v6h-2v-6H5v-2h6V5h2v6h6v2z"></path></svg><span class="css-idkz9h">Add 100% Juice Blends 100% Juice, Cranberry and Grape to cart</span></button></div></div></div></div></div></div><div class="css-0"><div class="css-f5i5wc"><div class="chakra-linkbox css-vhnn8v"><div data-testid="product-image" class="css-16dr4ly"><img alt="SToK Cold Brew Coffee, Black, Extra Bold, Unsweetened, No Cream 1.42 l, $0.56/100ml" src="https://assets.shop.loblaws.ca/products/21475792/b3/en/front/21475792_front_a06_@2.png" srcset="https://assets.shop.loblaws.ca/products/21475792/b3/en/front/21475792_front_a06_@2.png 1x, https://assets.shop.loblaws.ca/products/21475792/b3/en/front/21475792_front_a06_@2.png 2x" loading="lazy" class="chakra-image css-oguq8l" aria-hidden="true"></div><div class="css-qoklea"><div class="css-12dchmx"></div><div data-testid="price-product-tile" class="css-8atqhb"><p class="chakra-text css-0"><span class="chakra-text css-o93gbd" data-testid="sale-price"><span class="css-idkz9h">$7.99</span>$7.99</span><span class="chakra-text css-623q5h" data-testid="was-price"><span class="css-idkz9h">$8.29</span>$8.29</span></p><p class="chakra-text css-1m5a6y8" data-testid="price-descriptor">SAVE $0.30</p></div><a href="/cold-brew-coffee-black-extra-bold-unsweetened-no-c/p/21475792_EA?source=nspt" class="chakra-linkbox__overlay css-1hnz6hu"><div class="css-0"><p class="chakra-text css-1ecdp9w" data-testid="product-brand">SToK</p><h3 class="chakra-heading css-6qrhwc" id="21475792_EA" data-testid="product-title">Cold Brew Coffee, Black, Extra Bold, Unsweetened, No Cream</h3><p class="chakra-text css-1yftjin" data-testid="product-package-size">1.42 l, $0.56/100ml</p></div></a><div class="css-8keand"></div></div><div class="css-1q5omjq"><div class="css-fcebb8"><div data-testid="atc-compact" class="css-y94ivq" style="width: 45px;"><button type="button" class="chakra-button css-mudsm6" data-testid="atc-button"><svg stroke="currentColor" fill="currentColor" stroke-width="0" viewBox="0 0 24 24" focusable="false" class="chakra-icon css-1g3sp7a" data-testid="btn-icon" aria-hidden="true" height="1em" width="1em" xmlns="http://www.w3.org/2000/svg"><path d="M19 13h-6v6h-2v-6H5v-2h6V5h2v6h6v2z"></path></svg><span class="css-idkz9h">Add Cold Brew Coffee, Black, Extra Bold, Unsweetened, No Cream to cart</span></button></div></div></div></div></div></div><div class="css-0"><div class="css-f5i5wc"><div class="chakra-linkbox css-vhnn8v"><div data-testid="product-image" class="css-16dr4ly"><img alt="Five Alive Citrus Juice, 8 Pack 8x200.0 ml, $0.25/100ml" src="https://assets.shop.loblaws.ca/products/21093553/b3/en/front/21093553_front_a06_@2.png" srcset="https://assets.shop.loblaws.ca/products/21093553/b3/en/front/21093553_front_a06_@2.png 1x, https://assets.shop.loblaws.ca/products/21093553/b3/en/front/21093553_front_a06_@2.png 2x" loading="lazy" class="chakra-image css-oguq8l" aria-hidden="true"></div><div class="css-qoklea"><div class="css-12dchmx"></div><div data-testid="price-product-tile" class="css-8atqhb"><p class="chakra-text css-0"><span class="chakra-text css-pwnbcb" data-testid="regular-price"><span class="css-idkz9h">$3.99</span>$3.99</span></p></div><a href="/citrus-juice-8-pack/p/21093553_EA?source=nspt" class="chakra-linkbox__overlay css-1hnz6hu"><div class="css-0"><p class="chakra-text css-1ecdp9w" data-testid="product-brand">Five Alive</p><h3 class="chakra-heading css-6qrhwc" id="21093553_EA" data-testid="product-title">Citrus Juice, 8 Pack</h3><p class="chakra-text css-1yftjin" data-testid="product-package-size">8x200.0 ml, $0.25/100ml</p></div></a><div class="css-8keand"></div></div><div class="css-1q5omjq"><div class="css-fcebb8"><div data-testid="atc-compact" class="css-y94ivq" style="width: 45px;"><button type="button" class="chakra-button css-mudsm6" data-testid="atc-button"><svg stroke="currentColor" fill="currentColor" stroke-width="0" viewBox="0 0 24 24" focusable="false" class="chakra-icon css-1g3sp7a" data-testid="btn-icon" aria-hidden="true" height="1em" width="1em" xmlns="http://www.w3.org/2000/svg"><path d="M19 13h-6v6h-2v-6H5v-2h6V5h2v6h6v2z"></path></svg><span class="css-idkz9h">Add Citrus Juice, 8 Pack to cart</span></button></div></div></div></div></div></div><div class="css-0"><div class="css-f5i5wc"><div class="chakra-linkbox css-vhnn8v"><div data-testid="product-image" class="css-16dr4ly"><img alt="Peace Tea Peach Party 1.75 l, $0.16/100ml" src="https://assets.shop.loblaws.ca/products/21170681/b3/en/front/21170681_front_a06_@2.png" srcset="https://assets.shop.loblaws.ca/products/21170681/b3/en/front/21170681_front_a06_@2.png 1x, https://assets.shop.loblaws.ca/products/21170681/b3/en/front/21170681_front_a06_@2.png 2x" loading="lazy" class="chakra-image css-oguq8l" aria-hidden="true"></div><div class="css-qoklea"><div class="css-12dchmx"></div><div data-testid="price-product-tile" class="css-8atqhb"><p class="chakra-text css-0"><span class="chakra-text css-pwnbcb" data-testid="regular-price"><span class="css-idkz9h">$2.79</span>$2.79</span></p></div><a href="/peach-party/p/21170681_EA?source=nspt" class="chakra-linkbox__overlay css-1hnz6hu"><div class="css-0"><p class="chakra-text css-1ecdp9w" data-testid="product-brand">Peace Tea</p><h3 class="chakra-heading css-6qrhwc" id="21170681_EA" data-testid="product-title">Peach Party</h3><p class="chakra-text css-1yftjin" data-testid="product-package-size">1.75 l, $0.16/100ml</p></div></a><div class="css-8keand"></div></div><div class="css-1q5omjq"><div class="css-fcebb8"><div data-testid="atc-compact" class="css-y94ivq" style="width: 45px;"><button type="button" class="chakra-button css-mudsm6" data-testid="atc-button"><svg stroke="currentColor" fill="currentColor" stroke-width="0" viewBox="0 0 24 24" focusable="false" class="chakra-icon css-1g3sp7a" data-testid="btn-icon" aria-hidden="true" height="1em" width="1em" xmlns="http://www.w3.org/2000/svg"><path d="M19 13h-6v6h-2v-6H5v-2h6V5h2v6h6v2z"></path></svg><span class="css-idkz9h">Add Peach Party to cart</span></button></div></div></div></div></div></div><div class="css-0"><div class="css-f5i5wc"><div class="chakra-linkbox css-vhnn8v"><div data-testid="product-image" class="css-16dr4ly"><img alt="Simply Lemonade with Raspberry 2.63 l, $0.26/100ml" src="https://assets.shop.loblaws.ca/products/21592098/b3/en/front/21592098_front_a06_@2.png" srcset="https://assets.shop.loblaws.ca/products/21592098/b3/en/front/21592098_front_a06_@2.png 1x, https://assets.shop.loblaws.ca/products/21592098/b3/en/front/21592098_front_a06_@2.png 2x" loading="lazy" class="chakra-image css-oguq8l" aria-hidden="true"></div><div class="css-qoklea"><div class="css-12dchmx"></div><div data-testid="price-product-tile" class="css-8atqhb"><p class="chakra-text css-0"><span class="chakra-text css-pwnbcb" data-testid="regular-price"><span class="css-idkz9h">$6.79</span>$6.79</span></p></div><a href="/lemonade-with-raspberry/p/21592098_EA?source=nspt" class="chakra-linkbox__overlay css-1hnz6hu"><div class="css-0"><p class="chakra-text css-1ecdp9w" data-testid="product-brand">Simply</p><h3 class="chakra-heading css-6qrhwc" id="21592098_EA" data-testid="product-title">Lemonade with Raspberry</h3><p class="chakra-text css-1yftjin" data-testid="product-package-size">2.63 l, $0.26/100ml</p></div></a><div class="css-8keand"></div></div><div class="css-1q5omjq"><div class="css-fcebb8"><div data-testid="atc-compact" class="css-y94ivq" style="width: 45px;"><button type="button" class="chakra-button css-mudsm6" data-testid="atc-button"><svg stroke="currentColor" fill="currentColor" stroke-width="0" viewBox="0 0 24 24" focusable="false" class="chakra-icon css-1g3sp7a" data-testid="btn-icon" aria-hidden="true" height="1em" width="1em" xmlns="http://www.w3.org/2000/svg"><path d="M19 13h-6v6h-2v-6H5v-2h6V5h2v6h6v2z"></path></svg><span class="css-idkz9h">Add Lemonade with Raspberry to cart</span></button></div></div></div></div></div></div><div class="css-0"><div class="css-f5i5wc"><div class="chakra-linkbox css-vhnn8v"><div data-testid="product-image" class="css-16dr4ly"><img alt="President's Choice Mango Raspberry Lemonade 1.54 l, $0.29/100ml" src="https://assets.shop.loblaws.ca/products/21430694/b3/en/front/21430694_front_a06_@2.png" srcset="https://assets.shop.loblaws.ca/products/21430694/b3/en/front/21430694_front_a06_@2.png 1x, https://assets.shop.loblaws.ca/products/21430694/b3/en/front/21430694_front_a06_@2.png 2x" loading="lazy" class="chakra-image css-oguq8l" aria-hidden="true"></div><div class="css-qoklea"><div class="css-12dchmx"></div><div data-testid="price-product-tile" class="css-8atqhb"><p class="chakra-text css-0"><span class="chakra-text css-pwnbcb" data-testid="regular-price"><span class="css-idkz9h">$4.49</span>$4.49</span></p></div><a href="/mango-raspberry-lemonade/p/21430694_EA?source=nspt" class="chakra-linkbox__overlay css-1hnz6hu"><div class="css-0"><p class="chakra-text css-1ecdp9w" data-testid="product-brand">President's Choice</p><h3 class="chakra-heading css-6qrhwc" id="21430694_EA" data-testid="product-title">Mango Raspberry Lemonade</h3><p class="chakra-text css-1yftjin" data-testid="product-package-size">1.54 l, $0.29/100ml</p></div></a><div class="css-8keand"></div></div><div class="css-1q5omjq"><div class="css-fcebb8"><div data-testid="atc-compact" class="css-y94ivq" style="width: 45px;"><button type="button" class="chakra-button css-mudsm6" data-testid="atc-button"><svg stroke="currentColor" fill="currentColor" stroke-width="0" viewBox="0 0 24 24" focusable="false" class="chakra-icon css-1g3sp7a" data-testid="btn-icon" aria-hidden="true" height="1em" width="1em" xmlns="http://www.w3.org/2000/svg"><path d="M19 13h-6v6h-2v-6H5v-2h6V5h2v6h6v2z"></path></svg><span class="css-idkz9h">Add Mango Raspberry Lemonade to cart</span></button></div></div></div></div></div></div><div class="css-0"><div class="css-f5i5wc"><div class="chakra-linkbox css-vhnn8v"><div data-testid="product-image" class="css-16dr4ly"><img alt="Alphonso Mango &amp; Peach Real Fruit Beverage 1.75 l, $0.25/100ml" src="https://assets.shop.loblaws.ca/products/21154106/b3/en/front/21154106_front_a06_@2.png" srcset="https://assets.shop.loblaws.ca/products/21154106/b3/en/front/21154106_front_a06_@2.png 1x, https://assets.shop.loblaws.ca/products/21154106/b3/en/front/21154106_front_a06_@2.png 2x" loading="lazy" class="chakra-image css-oguq8l" aria-hidden="true"></div><div class="css-qoklea"><div class="css-12dchmx"></div><div data-testid="price-product-tile" class="css-8atqhb"><p class="chakra-text css-0"><span class="chakra-text css-pwnbcb" data-testid="regular-price"><span class="css-idkz9h">$4.29</span>$4.29</span></p></div><a href="/mango-peach-real-fruit-beverage/p/21154106_EA?source=nspt" class="chakra-linkbox__overlay css-1hnz6hu"><div class="css-0"><p class="chakra-text css-1ecdp9w" data-testid="product-brand">Alphonso</p><h3 class="chakra-heading css-6qrhwc" id="21154106_EA" data-testid="product-title">Mango &amp; Peach Real Fruit Beverage</h3><p class="chakra-text css-1yftjin" data-testid="product-package-size">1.75 l, $0.25/100ml</p></div></a><div class="css-8keand"></div></div><div class="css-1q5omjq"><div class="css-fcebb8"><div data-testid="atc-compact" class="css-y94ivq" style="width: 45px;"><button type="button" class="chakra-button css-mudsm6" data-testid="atc-button"><svg stroke="currentColor" fill="currentColor" stroke-width="0" viewBox="0 0 24 24" focusable="false" class="chakra-icon css-1g3sp7a" data-testid="btn-icon" aria-hidden="true" height="1em" width="1em" xmlns="http://www.w3.org/2000/svg"><path d="M19 13h-6v6h-2v-6H5v-2h6V5h2v6h6v2z"></path></svg><span class="css-idkz9h">Add Mango &amp; Peach Real Fruit Beverage to cart</span></button></div></div><div class="css-4saf4a"><p class="chakra-text css-py8788" data-testid="inventory-badge-text">Low Stock</p></div></div></div></div></div><div class="css-0"><div class="css-f5i5wc"><div class="chakra-linkbox css-vhnn8v"><div data-testid="product-image" class="css-16dr4ly"><img alt="Del Monte Passion Fruit Nectar 960 ml, $0.16/100ml" src="https://assets.shop.loblaws.ca/products/21402977/b3/en/front/21402977_front_a06_@2.png" srcset="https://assets.shop.loblaws.ca/products/21402977/b3/en/front/21402977_front_a06_@2.png 1x, https://assets.shop.loblaws.ca/products/21402977/b3/en/front/21402977_front_a06_@2.png 2x" loading="lazy" class="chakra-image css-oguq8l" aria-hidden="true"></div><div class="css-qoklea"><div class="css-12dchmx"></div><div data-testid="price-product-tile" class="css-8atqhb"><p class="chakra-text css-0"><span class="chakra-text css-o93gbd" data-testid="sale-price"><span class="css-idkz9h">$1.49</span>$1.49</span><span class="chakra-text css-623q5h" data-testid="was-price"><span class="css-idkz9h">$1.99</span>$1.99</span></p><p class="chakra-text css-1m5a6y8" data-testid="price-descriptor">SAVE $0.50</p></div><a href="/passion-fruit-nectar/p/21402977_EA?source=nspt" class="chakra-linkbox__overlay css-1hnz6hu"><div class="css-0"><p class="chakra-text css-1ecdp9w" data-testid="product-brand">Del Monte</p><h3 class="chakra-heading css-6qrhwc" id="21402977_EA" data-testid="product-title">Passion Fruit Nectar</h3><p class="chakra-text css-1yftjin" data-testid="product-package-size">960 ml, $0.16/100ml</p></div></a><div class="css-8keand"></div></div><div class="css-1q5omjq"><div class="css-fcebb8"><div data-testid="atc-compact" class="css-y94ivq" style="width: 45px;"><button type="button" class="chakra-button css-mudsm6" data-testid="atc-button"><svg stroke="currentColor" fill="currentColor" stroke-width="0" viewBox="0 0 24 24" focusable="false" class="chakra-icon css-1g3sp7a" data-testid="btn-icon" aria-hidden="true" height="1em" width="1em" xmlns="http://www.w3.org/2000/svg"><path d="M19 13h-6v6h-2v-6H5v-2h6V5h2v6h6v2z"></path></svg><span class="css-idkz9h">Add Passion Fruit Nectar to cart</span></button></div></div></div></div></div></div><div class="css-0"><div class="css-f5i5wc"><div class="chakra-linkbox css-vhnn8v"><div data-testid="product-image" class="css-16dr4ly"><img alt="President's Choice 100% Mango Juice  1 l, $0.20/100ml" src="https://assets.shop.loblaws.ca/products/21080954/b3/en/front/21080954_front_a06_@2.png" srcset="https://assets.shop.loblaws.ca/products/21080954/b3/en/front/21080954_front_a06_@2.png 1x, https://assets.shop.loblaws.ca/products/21080954/b3/en/front/21080954_front_a06_@2.png 2x" loading="lazy" class="chakra-image css-oguq8l" aria-hidden="true"></div><div class="css-qoklea"><div class="css-12dchmx"></div><div data-testid="price-product-tile" class="css-8atqhb"><p class="chakra-text css-0"><span class="chakra-text css-pwnbcb" data-testid="regular-price"><span class="css-idkz9h">$2.00</span>$2.00</span></p></div><a href="/100-mango-juice/p/21080954_EA?source=nspt" class="chakra-linkbox__overlay css-1hnz6hu"><div class="css-0"><p class="chakra-text css-1ecdp9w" data-testid="product-brand">President's Choice</p><h3 class="chakra-heading css-6qrhwc" id="21080954_EA" data-testid="product-title">100% Mango Juice </h3><p class="chakra-text css-1yftjin" data-testid="product-package-size">1 l, $0.20/100ml</p></div></a><div class="css-8keand"></div></div><div class="css-1q5omjq"><div class="css-fcebb8"><div data-testid="atc-compact" class="css-y94ivq" style="width: 45px;"><button type="button" class="chakra-button css-mudsm6" data-testid="atc-button"><svg stroke="currentColor" fill="currentColor" stroke-width="0" viewBox="0 0 24 24" focusable="false" class="chakra-icon css-1g3sp7a" data-testid="btn-icon" aria-hidden="true" height="1em" width="1em" xmlns="http://www.w3.org/2000/svg"><path d="M19 13h-6v6h-2v-6H5v-2h6V5h2v6h6v2z"></path></svg><span class="css-idkz9h">Add 100% Mango Juice  to cart</span></button></div></div></div></div></div></div><div class="css-0"><div class="css-f5i5wc"><div class="chakra-linkbox css-vhnn8v"><div data-testid="product-image" class="css-16dr4ly"><img alt="Allen's Fruit Punch Cocktail 1 l, $0.15/100ml" src="https://assets.shop.loblaws.ca/products/20307424002/b3/en/front/20307424002_front_a06_@2.png" srcset="https://assets.shop.loblaws.ca/products/20307424002/b3/en/front/20307424002_front_a06_@2.png 1x, https://assets.shop.loblaws.ca/products/20307424002/b3/en/front/20307424002_front_a06_@2.png 2x" loading="lazy" class="chakra-image css-oguq8l" aria-hidden="true"></div><div class="css-qoklea"><div class="css-12dchmx"></div><div data-testid="price-product-tile" class="css-8atqhb"><p class="chakra-text css-0"><span class="chakra-text css-pwnbcb" data-testid="regular-price"><span class="css-idkz9h">$1.49</span>$1.49</span></p></div><a href="/fruit-punch-cocktail/p/20307424002_EA?source=nspt" class="chakra-linkbox__overlay css-1hnz6hu"><div class="css-0"><p class="chakra-text css-1ecdp9w" data-testid="product-brand">Allen's</p><h3 class="chakra-heading css-6qrhwc" id="20307424002_EA" data-testid="product-title">Fruit Punch Cocktail</h3><p class="chakra-text css-1yftjin" data-testid="product-package-size">1 l, $0.15/100ml</p></div></a><div class="css-8keand"></div></div><div class="css-1q5omjq"><div class="css-fcebb8"><div data-testid="atc-compact" class="css-y94ivq" style="width: 45px;"><button type="button" class="chakra-button css-mudsm6" data-testid="atc-button"><svg stroke="currentColor" fill="currentColor" stroke-width="0" viewBox="0 0 24 24" focusable="false" class="chakra-icon css-1g3sp7a" data-testid="btn-icon" aria-hidden="true" height="1em" width="1em" xmlns="http://www.w3.org/2000/svg"><path d="M19 13h-6v6h-2v-6H5v-2h6V5h2v6h6v2z"></path></svg><span class="css-idkz9h">Add Fruit Punch Cocktail to cart</span></button></div></div></div></div></div></div><div class="css-0"><div class="css-f5i5wc"><div class="chakra-linkbox css-vhnn8v"><div data-testid="product-image" class="css-16dr4ly"><img alt="Minute Maid Real Fruit Beverage From Concentrate Strawberry Lemonade Zero Sugar 1.54 l, $0.26/100ml" src="https://assets.shop.loblaws.ca/products/21592037/b3/en/front/21592037_front_a06_@2.png" srcset="https://assets.shop.loblaws.ca/products/21592037/b3/en/front/21592037_front_a06_@2.png 1x, https://assets.shop.loblaws.ca/products/21592037/b3/en/front/21592037_front_a06_@2.png 2x" loading="lazy" class="chakra-image css-oguq8l" aria-hidden="true"></div><div class="css-qoklea"><div class="css-12dchmx"><div class="chakra-badge css-34x0wr" data-testid="product-badge"><div class="css-u4p24i">New</div></div></div><div data-testid="price-product-tile" class="css-8atqhb"><p class="chakra-text css-0"><span class="chakra-text css-pwnbcb" data-testid="regular-price"><span class="css-idkz9h">$3.99</span>$3.99</span></p></div><a href="/real-fruit-beverage-from-concentrate-strawberry-le/p/21592037_EA?source=nspt" class="chakra-linkbox__overlay css-1hnz6hu"><div class="css-0"><p class="chakra-text css-1ecdp9w" data-testid="product-brand">Minute Maid</p><h3 class="chakra-heading css-6qrhwc" id="21592037_EA" data-testid="product-title">Real Fruit Beverage From Concentrate Strawberry Lemonade Zero Sugar</h3><p class="chakra-text css-1yftjin" data-testid="product-package-size">1.54 l, $0.26/100ml</p></div></a><div class="css-8keand"></div></div><div class="css-1q5omjq"><div class="css-fcebb8"><div data-testid="atc-compact" class="css-y94ivq" style="width: 45px;"><button type="button" class="chakra-button css-mudsm6" data-testid="atc-button"><svg stroke="currentColor" fill="currentColor" stroke-width="0" viewBox="0 0 24 24" focusable="false" class="chakra-icon css-1g3sp7a" data-testid="btn-icon" aria-hidden="true" height="1em" width="1em" xmlns="http://www.w3.org/2000/svg"><path d="M19 13h-6v6h-2v-6H5v-2h6V5h2v6h6v2z"></path></svg><span class="css-idkz9h">Add Real Fruit Beverage From Concentrate Strawberry Lemonade Zero Sugar to cart</span></button></div></div></div></div></div></div><div class="css-0"><div class="css-f5i5wc"><div class="chakra-linkbox css-vhnn8v"><div data-testid="product-image" class="css-16dr4ly"><img alt="Minute Maid 100% Apple Juice From Concentrate, 8 Pack 8x200.0 ml, $0.25/100ml" src="https://assets.shop.loblaws.ca/products/21092667/b3/en/front/21092667_front_a06_@2.png" srcset="https://assets.shop.loblaws.ca/products/21092667/b3/en/front/21092667_front_a06_@2.png 1x, https://assets.shop.loblaws.ca/products/21092667/b3/en/front/21092667_front_a06_@2.png 2x" loading="lazy" class="chakra-image css-oguq8l" aria-hidden="true"></div><div class="css-qoklea"><div class="css-12dchmx"></div><div data-testid="price-product-tile" class="css-8atqhb"><p class="chakra-text css-0"><span class="chakra-text css-pwnbcb" data-testid="regular-price"><span class="css-idkz9h">$3.99</span>$3.99</span></p></div><a href="/100-apple-juice-from-concentrate-8-pack/p/21092667_EA?source=nspt" class="chakra-linkbox__overlay css-1hnz6hu"><div class="css-0"><p class="chakra-text css-1ecdp9w" data-testid="product-brand">Minute Maid</p><h3 class="chakra-heading css-6qrhwc" id="21092667_EA" data-testid="product-title">100% Apple Juice From Concentrate, 8 Pack</h3><p class="chakra-text css-1yftjin" data-testid="product-package-size">8x200.0 ml, $0.25/100ml</p></div></a><div class="css-8keand"></div></div><div class="css-1q5omjq"><div class="css-fcebb8"><div data-testid="atc-compact" class="css-y94ivq" style="width: 45px;"><button type="button" class="chakra-button css-mudsm6" data-testid="atc-button"><svg stroke="currentColor" fill="currentColor" stroke-width="0" viewBox="0 0 24 24" focusable="false" class="chakra-icon css-1g3sp7a" data-testid="btn-icon" aria-hidden="true" height="1em" width="1em" xmlns="http://www.w3.org/2000/svg"><path d="M19 13h-6v6h-2v-6H5v-2h6V5h2v6h6v2z"></path></svg><span class="css-idkz9h">Add 100% Apple Juice From Concentrate, 8 Pack to cart</span></button></div></div></div></div></div></div><div class="css-0"><div class="css-f5i5wc"><div class="chakra-linkbox css-vhnn8v"><div data-testid="product-image" class="css-16dr4ly"><img alt="President's Choice Cranberry Cocktail 1.89 l, $0.16/100ml" src="https://assets.shop.loblaws.ca/products/20307025001/b3/en/front/20307025001_front_a06_@2.png" srcset="https://assets.shop.loblaws.ca/products/20307025001/b3/en/front/20307025001_front_a06_@2.png 1x, https://assets.shop.loblaws.ca/products/20307025001/b3/en/front/20307025001_front_a06_@2.png 2x" loading="lazy" class="chakra-image css-oguq8l" aria-hidden="true"></div><div class="css-qoklea"><div class="css-12dchmx"></div><div data-testid="price-product-tile" class="css-8atqhb"><p class="chakra-text css-0"><span class="chakra-text css-o93gbd" data-testid="sale-price"><span class="css-idkz9h">$2.99</span>$2.99</span><span class="chakra-text css-623q5h" data-testid="was-price"><span class="css-idkz9h">$3.49</span>$3.49</span></p><p class="chakra-text css-1m5a6y8" data-testid="price-descriptor">SAVE $0.50</p></div><a href="/cranberry-cocktail/p/20307025001_EA?source=nspt" class="chakra-linkbox__overlay css-1hnz6hu"><div class="css-0"><p class="chakra-text css-1ecdp9w" data-testid="product-brand">President's Choice</p><h3 class="chakra-heading css-6qrhwc" id="20307025001_EA" data-testid="product-title">Cranberry Cocktail</h3><p class="chakra-text css-1yftjin" data-testid="product-package-size">1.89 l, $0.16/100ml</p></div></a><div class="css-8keand"></div></div><div class="css-1q5omjq"><div class="css-fcebb8"><div data-testid="atc-compact" class="css-y94ivq" style="width: 45px;"><button type="button" class="chakra-button css-mudsm6" data-testid="atc-button"><svg stroke="currentColor" fill="currentColor" stroke-width="0" viewBox="0 0 24 24" focusable="false" class="chakra-icon css-1g3sp7a" data-testid="btn-icon" aria-hidden="true" height="1em" width="1em" xmlns="http://www.w3.org/2000/svg"><path d="M19 13h-6v6h-2v-6H5v-2h6V5h2v6h6v2z"></path></svg><span class="css-idkz9h">Add Cranberry Cocktail to cart</span></button></div></div></div></div></div></div><div class="css-0"><div class="css-f5i5wc"><div class="chakra-linkbox css-vhnn8v"><div data-testid="product-image" class="css-16dr4ly"><img alt="Nestea Lemon Tea, Bottle 1.89 l, $0.18/100ml" src="https://assets.shop.loblaws.ca/products/20861192/b3/en/front/20861192_front_a06_@2.png" srcset="https://assets.shop.loblaws.ca/products/20861192/b3/en/front/20861192_front_a06_@2.png 1x, https://assets.shop.loblaws.ca/products/20861192/b3/en/front/20861192_front_a06_@2.png 2x" loading="lazy" class="chakra-image css-oguq8l" aria-hidden="true"></div><div class="css-qoklea"><div class="css-12dchmx"></div><div data-testid="price-product-tile" class="css-8atqhb"><p class="chakra-text css-0"><span class="chakra-text css-pwnbcb" data-testid="regular-price"><span class="css-idkz9h">$3.49</span>$3.49</span></p></div><a href="/lemon-tea-bottle/p/20861192_EA?source=nspt" class="chakra-linkbox__overlay css-1hnz6hu"><div class="css-0"><p class="chakra-text css-1ecdp9w" data-testid="product-brand">Nestea</p><h3 class="chakra-heading css-6qrhwc" id="20861192_EA" data-testid="product-title">Lemon Tea, Bottle</h3><p class="chakra-text css-1yftjin" data-testid="product-package-size">1.89 l, $0.18/100ml</p></div></a><div class="css-8keand"></div></div><div class="css-1q5omjq"><div class="css-fcebb8"><div data-testid="atc-compact" class="css-y94ivq" style="width: 45px;"><button type="button" class="chakra-button css-mudsm6" data-testid="atc-button"><svg stroke="currentColor" fill="currentColor" stroke-width="0" viewBox="0 0 24 24" focusable="false" class="chakra-icon css-1g3sp7a" data-testid="btn-icon" aria-hidden="true" height="1em" width="1em" xmlns="http://www.w3.org/2000/svg"><path d="M19 13h-6v6h-2v-6H5v-2h6V5h2v6h6v2z"></path></svg><span class="css-idkz9h">Add Lemon Tea, Bottle to cart</span></button></div></div></div></div></div></div><div class="css-0"><div class="css-f5i5wc"><div class="chakra-linkbox css-vhnn8v"><div data-testid="product-image" class="css-16dr4ly"><img alt="Real Lemon Realime Single Strength Lime Juice 125 ml, $0.80/100ml" src="https://assets.shop.loblaws.ca/products/20298903002/b3/en/front/20298903002_front_a06_@2.png" srcset="https://assets.shop.loblaws.ca/products/20298903002/b3/en/front/20298903002_front_a06_@2.png 1x, https://assets.shop.loblaws.ca/products/20298903002/b3/en/front/20298903002_front_a06_@2.png 2x" loading="lazy" class="chakra-image css-oguq8l" aria-hidden="true"></div><div class="css-qoklea"><div class="css-12dchmx"></div><div data-testid="price-product-tile" class="css-8atqhb"><p class="chakra-text css-0"><span class="chakra-text css-pwnbcb" data-testid="regular-price"><span class="css-idkz9h">$1.00</span>$1.00</span></p></div><a href="/realime-single-strength-lime-juice/p/20298903002_EA?source=nspt" class="chakra-linkbox__overlay css-1hnz6hu"><div class="css-0"><p class="chakra-text css-1ecdp9w" data-testid="product-brand">Real Lemon</p><h3 class="chakra-heading css-6qrhwc" id="20298903002_EA" data-testid="product-title">Realime Single Strength Lime Juice</h3><p class="chakra-text css-1yftjin" data-testid="product-package-size">125 ml, $0.80/100ml</p></div></a><div class="css-8keand"></div></div><div class="css-1q5omjq"><div class="css-fcebb8"><div data-testid="atc-compact" class="css-y94ivq" style="width: 45px;"><button type="button" class="chakra-button css-mudsm6" data-testid="atc-button"><svg stroke="currentColor" fill="currentColor" stroke-width="0" viewBox="0 0 24 24" focusable="false" class="chakra-icon css-1g3sp7a" data-testid="btn-icon" aria-hidden="true" height="1em" width="1em" xmlns="http://www.w3.org/2000/svg"><path d="M19 13h-6v6h-2v-6H5v-2h6V5h2v6h6v2z"></path></svg><span class="css-idkz9h">Add Realime Single Strength Lime Juice to cart</span></button></div></div></div></div></div></div><div class="css-0"><div class="css-f5i5wc"><div class="chakra-linkbox css-vhnn8v"><div data-testid="product-image" class="css-16dr4ly"><img alt="Del Monte Strawberry Dragon Fruit Refreshing Beverage 1.89 l, $0.18/100ml" src="https://assets.shop.loblaws.ca/products/21574983/b3/en/front/21574983_front_a06_@2.png" srcset="https://assets.shop.loblaws.ca/products/21574983/b3/en/front/21574983_front_a06_@2.png 1x, https://assets.shop.loblaws.ca/products/21574983/b3/en/front/21574983_front_a06_@2.png 2x" loading="lazy" class="chakra-image css-oguq8l" aria-hidden="true"></div><div class="css-qoklea"><div class="css-12dchmx"></div><div data-testid="price-product-tile" class="css-8atqhb"><p class="chakra-text css-0"><span class="chakra-text css-pwnbcb" data-testid="regular-price"><span class="css-idkz9h">$3.49</span>$3.49</span></p></div><a href="/strawberry-dragon-fruit-refreshing-beverage/p/21574983_EA?source=nspt" class="chakra-linkbox__overlay css-1hnz6hu"><div class="css-0"><p class="chakra-text css-1ecdp9w" data-testid="product-brand">Del Monte</p><h3 class="chakra-heading css-6qrhwc" id="21574983_EA" data-testid="product-title">Strawberry Dragon Fruit Refreshing Beverage</h3><p class="chakra-text css-1yftjin" data-testid="product-package-size">1.89 l, $0.18/100ml</p></div></a><div class="css-8keand"></div></div><div class="css-1q5omjq"><div class="css-fcebb8"><div data-testid="atc-compact" class="css-y94ivq" style="width: 45px;"><button type="button" class="chakra-button css-mudsm6" data-testid="atc-button"><svg stroke="currentColor" fill="currentColor" stroke-width="0" viewBox="0 0 24 24" focusable="false" class="chakra-icon css-1g3sp7a" data-testid="btn-icon" aria-hidden="true" height="1em" width="1em" xmlns="http://www.w3.org/2000/svg"><path d="M19 13h-6v6h-2v-6H5v-2h6V5h2v6h6v2z"></path></svg><span class="css-idkz9h">Add Strawberry Dragon Fruit Refreshing Beverage to cart</span></button></div></div></div></div></div></div><div class="css-0"><div class="css-f5i5wc"><div class="chakra-linkbox css-vhnn8v"><div data-testid="product-image" class="css-16dr4ly"><img alt="President's Choice Mango Lemonade 1.89 l, $0.17/100ml" src="https://assets.shop.loblaws.ca/products/21002907/b3/en/front/21002907_front_a06_@2.png" srcset="https://assets.shop.loblaws.ca/products/21002907/b3/en/front/21002907_front_a06_@2.png 1x, https://assets.shop.loblaws.ca/products/21002907/b3/en/front/21002907_front_a06_@2.png 2x" loading="lazy" class="chakra-image css-oguq8l" aria-hidden="true"></div><div class="css-qoklea"><div class="css-12dchmx"></div><div data-testid="price-product-tile" class="css-8atqhb"><p class="chakra-text css-0"><span class="chakra-text css-pwnbcb" data-testid="regular-price"><span class="css-idkz9h">$3.29</span>$3.29</span></p></div><a href="/mango-lemonade/p/21002907_EA?source=nspt" class="chakra-linkbox__overlay css-1hnz6hu"><div class="css-0"><p class="chakra-text css-1ecdp9w" data-testid="product-brand">President's Choice</p><h3 class="chakra-heading css-6qrhwc" id="21002907_EA" data-testid="product-title">Mango Lemonade</h3><p class="chakra-text css-1yftjin" data-testid="product-package-size">1.89 l, $0.17/100ml</p></div></a><div class="css-8keand"></div></div><div class="css-1q5omjq"><div class="css-fcebb8"><div data-testid="atc-compact" class="css-y94ivq" style="width: 45px;"><button type="button" class="chakra-button css-mudsm6" data-testid="atc-button"><svg stroke="currentColor" fill="currentColor" stroke-width="0" viewBox="0 0 24 24" focusable="false" class="chakra-icon css-1g3sp7a" data-testid="btn-icon" aria-hidden="true" height="1em" width="1em" xmlns="http://www.w3.org/2000/svg"><path d="M19 13h-6v6h-2v-6H5v-2h6V5h2v6h6v2z"></path></svg><span class="css-idkz9h">Add Mango Lemonade to cart</span></button></div></div></div></div></div></div><div class="css-0"><div class="css-f5i5wc"><div class="chakra-linkbox css-vhnn8v"><div data-testid="product-image" class="css-16dr4ly"><img alt="Bolthouse Mocha Cappuccino 946 ml, $0.69/100ml" src="https://assets.shop.loblaws.ca/products/20312999/b3/en/front/20312999_front_a06_@2.png" srcset="https://assets.shop.loblaws.ca/products/20312999/b3/en/front/20312999_front_a06_@2.png 1x, https://assets.shop.loblaws.ca/products/20312999/b3/en/front/20312999_front_a06_@2.png 2x" loading="lazy" class="chakra-image css-oguq8l" aria-hidden="true"></div><div class="css-qoklea"><div class="css-12dchmx"></div><div data-testid="price-product-tile" class="css-8atqhb"><p class="chakra-text css-0"><span class="chakra-text css-pwnbcb" data-testid="regular-price"><span class="css-idkz9h">$6.49</span>$6.49</span></p></div><a href="/mocha-cappuccino/p/20312999_EA?source=nspt" class="chakra-linkbox__overlay css-1hnz6hu"><div class="css-0"><p class="chakra-text css-1ecdp9w" data-testid="product-brand">Bolthouse</p><h3 class="chakra-heading css-6qrhwc" id="20312999_EA" data-testid="product-title">Mocha Cappuccino</h3><p class="chakra-text css-1yftjin" data-testid="product-package-size">946 ml, $0.69/100ml</p></div></a><div class="css-8keand"></div></div><div class="css-1q5omjq"><div class="css-fcebb8"><div data-testid="atc-compact" class="css-y94ivq" style="width: 45px;"><button type="button" class="chakra-button css-mudsm6" data-testid="atc-button"><svg stroke="currentColor" fill="currentColor" stroke-width="0" viewBox="0 0 24 24" focusable="false" class="chakra-icon css-1g3sp7a" data-testid="btn-icon" aria-hidden="true" height="1em" width="1em" xmlns="http://www.w3.org/2000/svg"><path d="M19 13h-6v6h-2v-6H5v-2h6V5h2v6h6v2z"></path></svg><span class="css-idkz9h">Add Mocha Cappuccino to cart</span></button></div></div></div></div></div></div><div class="css-0"><div class="css-f5i5wc"><div class="chakra-linkbox css-vhnn8v"><div data-testid="product-image" class="css-16dr4ly"><img alt="Tropicana Strawberry Peach Beverage     1.54 l, $0.28/100ml" src="https://assets.shop.loblaws.ca/products/21354962/b3/en/front/21354962_front_a06_@2.png" srcset="https://assets.shop.loblaws.ca/products/21354962/b3/en/front/21354962_front_a06_@2.png 1x, https://assets.shop.loblaws.ca/products/21354962/b3/en/front/21354962_front_a06_@2.png 2x" loading="lazy" class="chakra-image css-oguq8l" aria-hidden="true"></div><div class="css-qoklea"><div class="css-12dchmx"></div><div data-testid="price-product-tile" class="css-8atqhb"><p class="chakra-text css-0"><span class="chakra-text css-pwnbcb" data-testid="regular-price"><span class="css-idkz9h">$4.29</span>$4.29</span></p></div><a href="/strawberry-peach-beverage/p/21354962_EA?source=nspt" class="chakra-linkbox__overlay css-1hnz6hu"><div class="css-0"><p class="chakra-text css-1ecdp9w" data-testid="product-brand">Tropicana</p><h3 class="chakra-heading css-6qrhwc" id="21354962_EA" data-testid="product-title">Strawberry Peach Beverage    </h3><p class="chakra-text css-1yftjin" data-testid="product-package-size">1.54 l, $0.28/100ml</p></div></a><div class="css-8keand"></div></div><div class="css-1q5omjq"><div class="css-fcebb8"><div data-testid="atc-compact" class="css-y94ivq" style="width: 45px;"><button disabled="" type="button" class="chakra-button css-mudsm6" data-testid="atc-button"><svg stroke="currentColor" fill="currentColor" stroke-width="0" viewBox="0 0 24 24" focusable="false" class="chakra-icon css-1g3sp7a" data-testid="btn-icon" aria-hidden="true" height="1em" width="1em" xmlns="http://www.w3.org/2000/svg"><path d="M19 13h-6v6h-2v-6H5v-2h6V5h2v6h6v2z"></path></svg><span class="css-idkz9h">Add Strawberry Peach Beverage     to cart</span></button></div></div><div class="css-4saf4a"><p class="chakra-text css-py8788" data-testid="inventory-badge-text">Out of Stock</p></div></div></div></div></div></div>