<div data-testid="product-grid" class="css-epcqr3"><div class="css-0"><div class="css-f5i5wc"><div class="chakra-linkbox css-vhnn8v"><div data-testid="product-image" class="css-16dr4ly"><img alt="Pillsbury Crescents Original Dough, 8 Pieces 226 g, $1.10/100g" src="https://assets.shop.loblaws.ca/products/21505340/b3/en/front/21505340_front_a06_@2.png" srcset="https://assets.shop.loblaws.ca/products/21505340/b3/en/front/21505340_front_a06_@2.png 1x, https://assets.shop.loblaws.ca/products/21505340/b3/en/front/21505340_front_a06_@2.png 2x" loading="lazy" class="chakra-image css-oguq8l" aria-hidden="true"></div><div class="css-qoklea"><div class="css-12dchmx"></div><div data-testid="price-product-tile" class="css-8atqhb"><p class="chakra-text css-0"><span class="chakra-text css-pwnbcb" data-testid="regular-price"><span class="css-idkz9h">$2.49</span>$2.49</span></p></div><a href="/crescents-original-dough-8-pieces/p/21505340_EA?source=nspt" class="chakra-linkbox__overlay css-1hnz6hu"><div class="css-0"><p class="chakra-text css-1ecdp9w" data-testid="product-brand">Pillsbury</p><h3 class="chakra-heading css-6qrhwc" id="21505340_EA" data-testid="product-title">Crescents Original Dough, 8 Pieces</h3><p class="chakra-text css-1yftjin" data-testid="product-package-size">226 g, $1.10/100g</p></div></a><div class="css-8keand"></div></div><div class="css-1q5omjq"><div class="css-fcebb8"><div data-testid="atc-compact" class="css-y94ivq" style="width: 45px;"><button type="button" class="chakra-button css-mudsm6" data-testid="atc-button"><svg stroke="currentColor" fill="currentColor" stroke-width="0" viewBox="0 0 24 24" focusable="false" class="chakra-icon css-1g3sp7a" data-testid="btn-icon" aria-hidden="true" height="1em" width="1em" xmlns="http://www.w3.org/2000/svg"><path d="M19 13h-6v6h-2v-6H5v-2h6V5h2v6h6v2z"></path></svg><span class="css-idkz9h">Add Crescents Original Dough, 8 Pieces to cart</span></button></div></div></div></div></div></div><div class="css-0"><div class="css-f5i5wc"><div class="chakra-linkbox css-vhnn8v"><div data-testid="product-image" class="css-16dr4ly"><img alt="Pillsbury Chocolatey Chip Cookie Dough, Ready to Bake 468 g, $0.64/100g" src="https://assets.shop.loblaws.ca/products/20318034001/b3/en/front/20318034001_front_a06_@2.png" srcset="https://assets.shop.loblaws.ca/products/20318034001/b3/en/front/20318034001_front_a06_@2.png 1x, https://assets.shop.loblaws.ca/products/20318034001/b3/en/front/20318034001_front_a06_@2.png 2x" loading="lazy" class="chakra-image css-oguq8l" aria-hidden="true"></div><div class="css-qoklea"><div class="css-12dchmx"></div><div data-testid="price-product-tile" class="css-8atqhb"><p class="chakra-text css-0"><span class="chakra-text css-pwnbcb" data-testid="regular-price"><span class="css-idkz9h">$2.99</span>$2.99</span></p></div><a href="/chocolatey-chip-cookie-dough-ready-to-bake/p/20318034001_EA?source=nspt" class="chakra-linkbox__overlay css-1hnz6hu"><div class="css-0"><p class="chakra-text css-1ecdp9w" data-testid="product-brand">Pillsbury</p><h3 class="chakra-heading css-6qrhwc" id="20318034001_EA" data-testid="product-title">Chocolatey Chip Cookie Dough, Ready to Bake</h3><p class="chakra-text css-1yftjin" data-testid="product-package-size">468 g, $0.64/100g</p></div></a><div class="css-8keand"></div></div><div class="css-1q5omjq"><div class="css-fcebb8"><div data-testid="atc-compact" class="css-y94ivq" style="width: 45px;"><button type="button" class="chakra-button css-mudsm6" data-testid="atc-button"><svg stroke="currentColor" fill="currentColor" stroke-width="0" viewBox="0 0 24 24" focusable="false" class="chakra-icon css-1g3sp7a" data-testid="btn-icon" aria-hidden="true" height="1em" width="1em" xmlns="http://www.w3.org/2000/svg"><path d="M19 13h-6v6h-2v-6H5v-2h6V5h2v6h6v2z"></path></svg><span class="css-idkz9h">Add Chocolatey Chip Cookie Dough, Ready to Bake to cart</span></button></div></div></div></div></div></div><div class="css-0"><div class="css-f5i5wc"><div class="chakra-linkbox css-vhnn8v"><div data-testid="product-image" class="css-16dr4ly"><img alt="Pillsbury Cinnamon Rolls with Icing, Ready to Bake 8 ct 351 g, $0.85/100g" src="https://assets.shop.loblaws.ca/products/20320962002/b3/en/front/20320962002_front_a06_@2.png" srcset="https://assets.shop.loblaws.ca/products/20320962002/b3/en/front/20320962002_front_a06_@2.png 1x, https://assets.shop.loblaws.ca/products/20320962002/b3/en/front/20320962002_front_a06_@2.png 2x" loading="lazy" class="chakra-image css-oguq8l" aria-hidden="true"></div><div class="css-qoklea"><div class="css-12dchmx"></div><div data-testid="price-product-tile" class="css-8atqhb"><p class="chakra-text css-0"><span class="chakra-text css-pwnbcb" data-testid="regular-price"><span class="css-idkz9h">$2.99</span>$2.99</span></p></div><a href="/cinnamon-rolls-with-icing-ready-to-bake-8-ct/p/20320962002_EA?source=nspt" class="chakra-linkbox__overlay css-1hnz6hu"><div class="css-0"><p class="chakra-text css-1ecdp9w" data-testid="product-brand">Pillsbury</p><h3 class="chakra-heading css-6qrhwc" id="20320962002_EA" data-testid="product-title">Cinnamon Rolls with Icing, Ready to Bake 8 ct</h3><p class="chakra-text css-1yftjin" data-testid="product-package-size">351 g, $0.85/100g</p></div></a><div class="css-8keand"></div></div><div class="css-1q5omjq"><div class="css-fcebb8"><div data-testid="atc-compact" class="css-y94ivq" style="width: 45px;"><button type="button" class="chakra-button css-mudsm6" data-testid="atc-button"><svg stroke="currentColor" fill="currentColor" stroke-width="0" viewBox="0 0 24 24" focusable="false" class="chakra-icon css-1g3sp7a" data-testid="btn-icon" aria-hidden="true" height="1em" width="1em" xmlns="http://www.w3.org/2000/svg"><path d="M19 13h-6v6h-2v-6H5v-2h6V5h2v6h6v2z"></path></svg><span class="css-idkz9h">Add Cinnamon Rolls with Icing, Ready to Bake 8 ct to cart</span></button></div></div></div></div></div></div><div class="css-0"><div class="css-f5i5wc"><div class="chakra-linkbox css-vhnn8v"><div data-testid="product-image" class="css-16dr4ly"><img alt="Pillsbury Chub Chocolatey Chunk Cookie 468 g, $0.64/100g" src="https://assets.shop.loblaws.ca/products/20318034002/b3/en/front/20318034002_front_a06_@2.png" srcset="https://assets.shop.loblaws.ca/products/20318034002/b3/en/front/20318034002_front_a06_@2.png 1x, https://assets.shop.loblaws.ca/products/20318034002/b3/en/front/20318034002_front_a06_@2.png 2x" loading="lazy" class="chakra-image css-oguq8l" aria-hidden="true"></div><div class="css-qoklea"><div class="css-12dchmx"></div><div data-testid="price-product-tile" class="css-8atqhb"><p class="chakra-text css-0"><span class="chakra-text css-pwnbcb" data-testid="regular-price"><span class="css-idkz9h">$2.99</span>$2.99</span></p></div><a href="/chub-chocolatey-chunk-cookie/p/20318034002_EA?source=nspt" class="chakra-linkbox__overlay css-1hnz6hu"><div class="css-0"><p class="chakra-text css-1ecdp9w" data-testid="product-brand">Pillsbury</p><h3 class="chakra-heading css-6qrhwc" id="20318034002_EA" data-testid="product-title">Chub Chocolatey Chunk Cookie</h3><p class="chakra-text css-1yftjin" data-testid="product-package-size">468 g, $0.64/100g</p></div></a><div class="css-8keand"></div></div><div class="css-1q5omjq"><div class="css-fcebb8"><div data-testid="atc-compact" class="css-y94ivq" style="width: 45px;"><button type="button" class="chakra-button css-mudsm6" data-testid="atc-button"><svg stroke="currentColor" fill="currentColor" stroke-width="0" viewBox="0 0 24 24" focusable="false" class="chakra-icon css-1g3sp7a" data-testid="btn-icon" aria-hidden="true" height="1em" width="1em" xmlns="http://www.w3.org/2000/svg"><path d="M19 13h-6v6h-2v-6H5v-2h6V5h2v6h6v2z"></path></svg><span class="css-idkz9h">Add Chub Chocolatey Chunk Cookie to cart</span></button></div></div></div></div></div></div><div class="css-0"><div class="css-f5i5wc"><div class="chakra-linkbox css-vhnn8v"><div data-testid="product-image" class="css-16dr4ly"><img alt="President's Choice Butter Puff Pastry 450 g, $1.55/100g" src="https://assets.shop.loblaws.ca/products/21288850/b3/en/front/21288850_front_a06_@2.png" srcset="https://assets.shop.loblaws.ca/products/21288850/b3/en/front/21288850_front_a06_@2.png 1x, https://assets.shop.loblaws.ca/products/21288850/b3/en/front/21288850_front_a06_@2.png 2x" loading="lazy" class="chakra-image css-oguq8l" aria-hidden="true"></div><div class="css-qoklea"><div class="css-12dchmx"></div><div data-testid="price-product-tile" class="css-8atqhb"><p class="chakra-text css-0"><span class="chakra-text css-pwnbcb" data-testid="regular-price"><span class="css-idkz9h">$6.99</span>$6.99</span></p></div><a href="/butter-puff-pastry/p/21288850_EA?source=nspt" class="chakra-linkbox__overlay css-1hnz6hu"><div class="css-0"><p class="chakra-text css-1ecdp9w" data-testid="product-brand">President's Choice</p><h3 class="chakra-heading css-6qrhwc" id="21288850_EA" data-testid="product-title">Butter Puff Pastry</h3><p class="chakra-text css-1yftjin" data-testid="product-package-size">450 g, $1.55/100g</p></div></a><div class="css-8keand"></div></div><div class="css-1q5omjq"><div class="css-fcebb8"><div data-testid="atc-compact" class="css-y94ivq" style="width: 45px;"><button type="button" class="chakra-button css-mudsm6" data-testid="atc-button"><svg stroke="currentColor" fill="currentColor" stroke-width="0" viewBox="0 0 24 24" focusable="false" class="chakra-icon css-1g3sp7a" data-testid="btn-icon" aria-hidden="true" height="1em" width="1em" xmlns="http://www.w3.org/2000/svg"><path d="M19 13h-6v6h-2v-6H5v-2h6V5h2v6h6v2z"></path></svg><span class="css-idkz9h">Add Butter Puff Pastry to cart</span></button></div></div></div></div></div></div><div class="css-0"><div class="css-f5i5wc"><div class="chakra-linkbox css-vhnn8v"><div data-testid="product-image" class="css-16dr4ly"><img alt="Pillsbury Country Biscuits, Ready to Bake Dough, 10 ct 340 g, $0.88/100g" src="https://assets.shop.loblaws.ca/products/20317832003/b3/en/front/20317832003_front_a06_@2.png" srcset="https://assets.shop.loblaws.ca/products/20317832003/b3/en/front/20317832003_front_a06_@2.png 1x, https://assets.shop.loblaws.ca/products/20317832003/b3/en/front/20317832003_front_a06_@2.png 2x" loading="lazy" class="chakra-image css-oguq8l" aria-hidden="true"></div><div class="css-qoklea"><div class="css-12dchmx"></div><div data-testid="price-product-tile" class="css-8atqhb"><p class="chakra-text css-0"><span class="chakra-text css-pwnbcb" data-testid="regular-price"><span class="css-idkz9h">$2.99</span>$2.99</span></p></div><a href="/country-biscuits-ready-to-bake-dough-10-ct/p/20317832003_EA?source=nspt" class="chakra-linkbox__overlay css-1hnz6hu"><div class="css-0"><p class="chakra-text css-1ecdp9w" data-testid="product-brand">Pillsbury</p><h3 class="chakra-heading css-6qrhwc" id="20317832003_EA" data-testid="product-title">Country Biscuits, Ready to Bake Dough, 10 ct</h3><p class="chakra-text css-1yftjin" data-testid="product-package-size">340 g, $0.88/100g</p></div></a><div class="css-8keand"></div></div><div class="css-1q5omjq"><div class="css-fcebb8"><div data-testid="atc-compact" class="css-y94ivq" style="width: 45px;"><button type="button" class="chakra-button css-mudsm6" data-testid="atc-button"><svg stroke="currentColor" fill="currentColor" stroke-width="0" viewBox="0 0 24 24" focusable="false" class="chakra-icon css-1g3sp7a" data-testid="btn-icon" aria-hidden="true" height="1em" width="1em" xmlns="http://www.w3.org/2000/svg"><path d="M19 13h-6v6h-2v-6H5v-2h6V5h2v6h6v2z"></path></svg><span class="css-idkz9h">Add Country Biscuits, Ready to Bake Dough, 10 ct to cart</span></button></div></div></div></div></div></div><div class="css-0"><div class="css-f5i5wc"><div class="chakra-linkbox css-vhnn8v"><div data-testid="product-image" class="css-16dr4ly"><img alt="Pillsbury Pie Crusts, Refrigerated Pre-Made Dough 400 g, $0.75/100g" src="https://assets.shop.loblaws.ca/products/20187585/b3/en/front/20187585_front_a06_@2.png" srcset="https://assets.shop.loblaws.ca/products/20187585/b3/en/front/20187585_front_a06_@2.png 1x, https://assets.shop.loblaws.ca/products/20187585/b3/en/front/20187585_front_a06_@2.png 2x" loading="lazy" class="chakra-image css-oguq8l" aria-hidden="true"></div><div class="css-qoklea"><div class="css-12dchmx"></div><div data-testid="price-product-tile" class="css-8atqhb"><p class="chakra-text css-0"><span class="chakra-text css-pwnbcb" data-testid="regular-price"><span class="css-idkz9h">$2.99</span>$2.99</span></p></div><a href="/pie-crusts-refrigerated-pre-made-dough/p/20187585_EA?source=nspt" class="chakra-linkbox__overlay css-1hnz6hu"><div class="css-0"><p class="chakra-text css-1ecdp9w" data-testid="product-brand">Pillsbury</p><h3 class="chakra-heading css-6qrhwc" id="20187585_EA" data-testid="product-title">Pie Crusts, Refrigerated Pre-Made Dough</h3><p class="chakra-text css-1yftjin" data-testid="product-package-size">400 g, $0.75/100g</p></div></a><div class="css-8keand"></div></div><div class="css-1q5omjq"><div class="css-fcebb8"><div data-testid="atc-compact" class="css-y94ivq" style="width: 45px;"><button type="button" class="chakra-button css-mudsm6" data-testid="atc-button"><svg stroke="currentColor" fill="currentColor" stroke-width="0" viewBox="0 0 24 24" focusable="false" class="chakra-icon css-1g3sp7a" data-testid="btn-icon" aria-hidden="true" height="1em" width="1em" xmlns="http://www.w3.org/2000/svg"><path d="M19 13h-6v6h-2v-6H5v-2h6V5h2v6h6v2z"></path></svg><span class="css-idkz9h">Add Pie Crusts, Refrigerated Pre-Made Dough to cart</span></button></div></div><div class="css-4saf4a"><p class="chakra-text css-py8788" data-testid="inventory-badge-text">Low Stock</p></div></div></div></div></div><div class="css-0"><div class="css-f5i5wc"><div class="chakra-linkbox css-vhnn8v"><div data-testid="product-image" class="css-16dr4ly"><img alt="Pillsbury Chocolate Chip Cookie Dough, Ready to Bake, 24 ct 454 g, $0.99/100g" src="https://assets.shop.loblaws.ca/products/20301101005/b3/en/front/20301101005_front_a06_@2.png" srcset="https://assets.shop.loblaws.ca/products/20301101005/b3/en/front/20301101005_front_a06_@2.png 1x, https://assets.shop.loblaws.ca/products/20301101005/b3/en/front/20301101005_front_a06_@2.png 2x" loading="lazy" class="chakra-image css-oguq8l" aria-hidden="true"></div><div class="css-qoklea"><div class="css-12dchmx"></div><div data-testid="price-product-tile" class="css-8atqhb"><p class="chakra-text css-0"><span class="chakra-text css-pwnbcb" data-testid="regular-price"><span class="css-idkz9h">$4.49</span>$4.49</span></p></div><a href="/chocolate-chip-cookie-dough-ready-to-bake-24-ct/p/20301101005_EA?source=nspt" class="chakra-linkbox__overlay css-1hnz6hu"><div class="css-0"><p class="chakra-text css-1ecdp9w" data-testid="product-brand">Pillsbury</p><h3 class="chakra-heading css-6qrhwc" id="20301101005_EA" data-testid="product-title">Chocolate Chip Cookie Dough, Ready to Bake, 24 ct</h3><p class="chakra-text css-1yftjin" data-testid="product-package-size">454 g, $0.99/100g</p></div></a><div class="css-8keand"></div></div><div class="css-1q5omjq"><div class="css-fcebb8"><div data-testid="atc-compact" class="css-y94ivq" style="width: 45px;"><button type="button" class="chakra-button css-mudsm6" data-testid="atc-button"><svg stroke="currentColor" fill="currentColor" stroke-width="0" viewBox="0 0 24 24" focusable="false" class="chakra-icon css-1g3sp7a" data-testid="btn-icon" aria-hidden="true" height="1em" width="1em" xmlns="http://www.w3.org/2000/svg"><path d="M19 13h-6v6h-2v-6H5v-2h6V5h2v6h6v2z"></path></svg><span class="css-idkz9h">Add Chocolate Chip Cookie Dough, Ready to Bake, 24 ct to cart</span></button></div></div></div></div></div></div><div class="css-0"><div class="css-f5i5wc"><div class="chakra-linkbox css-vhnn8v"><div data-testid="product-image" class="css-16dr4ly"><img alt="Pillsbury Wiener Wraps, Refrigerated Dough, Ready to Bake, 6 ct 200 g, $1.25/100g" src="https://assets.shop.loblaws.ca/products/20305424002/b3/en/front/20305424002_front_a06_@2.png" srcset="https://assets.shop.loblaws.ca/products/20305424002/b3/en/front/20305424002_front_a06_@2.png 1x, https://assets.shop.loblaws.ca/products/20305424002/b3/en/front/20305424002_front_a06_@2.png 2x" loading="lazy" class="chakra-image css-oguq8l" aria-hidden="true"></div><div class="css-qoklea"><div class="css-12dchmx"></div><div data-testid="price-product-tile" class="css-8atqhb"><p class="chakra-text css-0"><span class="chakra-text css-pwnbcb" data-testid="regular-price"><span class="css-idkz9h">$2.49</span>$2.49</span></p></div><a href="/wiener-wraps-refrigerated-dough-ready-to-bake-6-ct/p/20305424002_EA?source=nspt" class="chakra-linkbox__overlay css-1hnz6hu"><div class="css-0"><p class="chakra-text css-1ecdp9w" data-testid="product-brand">Pillsbury</p><h3 class="chakra-heading css-6qrhwc" id="20305424002_EA" data-testid="product-title">Wiener Wraps, Refrigerated Dough, Ready to Bake, 6 ct</h3><p class="chakra-text css-1yftjin" data-testid="product-package-size">200 g, $1.25/100g</p></div></a><div class="css-8keand"></div></div><div class="css-1q5omjq"><div class="css-fcebb8"><div data-testid="atc-compact" class="css-y94ivq" style="width: 45px;"><button type="button" class="chakra-button css-mudsm6" data-testid="atc-button"><svg stroke="currentColor" fill="currentColor" stroke-width="0" viewBox="0 0 24 24" focusable="false" class="chakra-icon css-1g3sp7a" data-testid="btn-icon" aria-hidden="true" height="1em" width="1em" xmlns="http://www.w3.org/2000/svg"><path d="M19 13h-6v6h-2v-6H5v-2h6V5h2v6h6v2z"></path></svg><span class="css-idkz9h">Add Wiener Wraps, Refrigerated Dough, Ready to Bake, 6 ct to cart</span></button></div></div></div></div></div></div><div class="css-0"><div class="css-f5i5wc"><div class="chakra-linkbox css-vhnn8v"><div data-testid="product-image" class="css-16dr4ly"><img alt="Pillsbury Crescents - Reduced Fat 227 g, $1.10/100g" src="https://assets.shop.loblaws.ca/products/20305424001/b3/en/front/20305424001_front_a06_@2.png" srcset="https://assets.shop.loblaws.ca/products/20305424001/b3/en/front/20305424001_front_a06_@2.png 1x, https://assets.shop.loblaws.ca/products/20305424001/b3/en/front/20305424001_front_a06_@2.png 2x" loading="lazy" class="chakra-image css-oguq8l" aria-hidden="true"></div><div class="css-qoklea"><div class="css-12dchmx"></div><div data-testid="price-product-tile" class="css-8atqhb"><p class="chakra-text css-0"><span class="chakra-text css-pwnbcb" data-testid="regular-price"><span class="css-idkz9h">$2.49</span>$2.49</span></p></div><a href="/crescents-reduced-fat/p/20305424001_EA?source=nspt" class="chakra-linkbox__overlay css-1hnz6hu"><div class="css-0"><p class="chakra-text css-1ecdp9w" data-testid="product-brand">Pillsbury</p><h3 class="chakra-heading css-6qrhwc" id="20305424001_EA" data-testid="product-title">Crescents - Reduced Fat</h3><p class="chakra-text css-1yftjin" data-testid="product-package-size">227 g, $1.10/100g</p></div></a><div class="css-8keand"></div></div><div class="css-1q5omjq"><div class="css-fcebb8"><div data-testid="atc-compact" class="css-y94ivq" style="width: 45px;"><button type="button" class="chakra-button css-mudsm6" data-testid="atc-button"><svg stroke="currentColor" fill="currentColor" stroke-width="0" viewBox="0 0 24 24" focusable="false" class="chakra-icon css-1g3sp7a" data-testid="btn-icon" aria-hidden="true" height="1em" width="1em" xmlns="http://www.w3.org/2000/svg"><path d="M19 13h-6v6h-2v-6H5v-2h6V5h2v6h6v2z"></path></svg><span class="css-idkz9h">Add Crescents - Reduced Fat to cart</span></button></div></div></div></div></div></div><div class="css-0"><div class="css-f5i5wc"><div class="chakra-linkbox css-vhnn8v"><div data-testid="product-image" class="css-16dr4ly"><img alt="Pillsbury Grands! Cinnamon Rolls with Icing, Cinnabon Cinnamon, 5 ct 496 g, $0.91/100g" src="https://assets.shop.loblaws.ca/products/20301101001/b3/en/front/20301101001_front_a06_@2.png" srcset="https://assets.shop.loblaws.ca/products/20301101001/b3/en/front/20301101001_front_a06_@2.png 1x, https://assets.shop.loblaws.ca/products/20301101001/b3/en/front/20301101001_front_a06_@2.png 2x" loading="lazy" class="chakra-image css-oguq8l" aria-hidden="true"></div><div class="css-qoklea"><div class="css-12dchmx"></div><div data-testid="price-product-tile" class="css-8atqhb"><p class="chakra-text css-0"><span class="chakra-text css-pwnbcb" data-testid="regular-price"><span class="css-idkz9h">$4.49</span>$4.49</span></p></div><a href="/grands-cinnamon-rolls-with-icing-cinnabon-cinnamon/p/20301101001_EA?source=nspt" class="chakra-linkbox__overlay css-1hnz6hu"><div class="css-0"><p class="chakra-text css-1ecdp9w" data-testid="product-brand">Pillsbury</p><h3 class="chakra-heading css-6qrhwc" id="20301101001_EA" data-testid="product-title">Grands! Cinnamon Rolls with Icing, Cinnabon Cinnamon, 5 ct</h3><p class="chakra-text css-1yftjin" data-testid="product-package-size">496 g, $0.91/100g</p></div></a><div class="css-8keand"></div></div><div class="css-1q5omjq"><div class="css-fcebb8"><div data-testid="atc-compact" class="css-y94ivq" style="width: 45px;"><button type="button" class="chakra-button css-mudsm6" data-testid="atc-button"><svg stroke="currentColor" fill="currentColor" stroke-width="0" viewBox="0 0 24 24" focusable="false" class="chakra-icon css-1g3sp7a" data-testid="btn-icon" aria-hidden="true" height="1em" width="1em" xmlns="http://www.w3.org/2000/svg"><path d="M19 13h-6v6h-2v-6H5v-2h6V5h2v6h6v2z"></path></svg><span class="css-idkz9h">Add Grands! Cinnamon Rolls with Icing, Cinnabon Cinnamon, 5 ct to cart</span></button></div></div></div></div></div></div><div class="css-0"><div class="css-f5i5wc"><div class="chakra-linkbox css-vhnn8v"><div data-testid="product-image" class="css-16dr4ly"><img alt="No Name Deep Dish Pie Shells 380 g, $1.05/100g" src="https://assets.shop.loblaws.ca/products/20671251/b3/en/front/20671251_front_a06_@2.png" srcset="https://assets.shop.loblaws.ca/products/20671251/b3/en/front/20671251_front_a06_@2.png 1x, https://assets.shop.loblaws.ca/products/20671251/b3/en/front/20671251_front_a06_@2.png 2x" loading="lazy" class="chakra-image css-oguq8l" aria-hidden="true"></div><div class="css-qoklea"><div class="css-12dchmx"></div><div data-testid="price-product-tile" class="css-8atqhb"><p class="chakra-text css-0"><span class="chakra-text css-pwnbcb" data-testid="regular-price"><span class="css-idkz9h">$3.99</span>$3.99</span></p></div><a href="/deep-dish-pie-shells/p/20671251_EA?source=nspt" class="chakra-linkbox__overlay css-1hnz6hu"><div class="css-0"><p class="chakra-text css-1ecdp9w" data-testid="product-brand">No Name</p><h3 class="chakra-heading css-6qrhwc" id="20671251_EA" data-testid="product-title">Deep Dish Pie Shells</h3><p class="chakra-text css-1yftjin" data-testid="product-package-size">380 g, $1.05/100g</p></div></a><div class="css-8keand"></div></div><div class="css-1q5omjq"><div class="css-fcebb8"><div data-testid="atc-compact" class="css-y94ivq" style="width: 45px;"><button type="button" class="chakra-button css-mudsm6" data-testid="atc-button"><svg stroke="currentColor" fill="currentColor" stroke-width="0" viewBox="0 0 24 24" focusable="false" class="chakra-icon css-1g3sp7a" data-testid="btn-icon" aria-hidden="true" height="1em" width="1em" xmlns="http://www.w3.org/2000/svg"><path d="M19 13h-6v6h-2v-6H5v-2h6V5h2v6h6v2z"></path></svg><span class="css-idkz9h">Add Deep Dish Pie Shells to cart</span></button></div></div></div></div></div></div><div class="css-0"><div class="css-f5i5wc"><div class="chakra-linkbox css-vhnn8v"><div data-testid="product-image" class="css-16dr4ly"><img alt="Pillsbury Pizza Crust, Refrigerated Pre-Made Dough, 1 ct 391 g, $0.76/100g" src="https://assets.shop.loblaws.ca/products/20317832002/b3/en/front/20317832002_front_a06_@2.png" srcset="https://assets.shop.loblaws.ca/products/20317832002/b3/en/front/20317832002_front_a06_@2.png 1x, https://assets.shop.loblaws.ca/products/20317832002/b3/en/front/20317832002_front_a06_@2.png 2x" loading="lazy" class="chakra-image css-oguq8l" aria-hidden="true"></div><div class="css-qoklea"><div class="css-12dchmx"></div><div data-testid="price-product-tile" class="css-8atqhb"><p class="chakra-text css-0"><span class="chakra-text css-pwnbcb" data-testid="regular-price"><span class="css-idkz9h">$2.99</span>$2.99</span></p></div><a href="/pizza-crust-refrigerated-pre-made-dough-1-ct/p/20317832002_EA?source=nspt" class="chakra-linkbox__overlay css-1hnz6hu"><div class="css-0"><p class="chakra-text css-1ecdp9w" data-testid="product-brand">Pillsbury</p><h3 class="chakra-heading css-6qrhwc" id="20317832002_EA" data-testid="product-title">Pizza Crust, Refrigerated Pre-Made Dough, 1 ct</h3><p class="chakra-text css-1yftjin" data-testid="product-package-size">391 g, $0.76/100g</p></div></a><div class="css-8keand"></div></div><div class="css-1q5omjq"><div class="css-fcebb8"><div data-testid="atc-compact" class="css-y94ivq" style="width: 45px;"><button type="button" class="chakra-button css-mudsm6" data-testid="atc-button"><svg stroke="currentColor" fill="currentColor" stroke-width="0" viewBox="0 0 24 24" focusable="false" class="chakra-icon css-1g3sp7a" data-testid="btn-icon" aria-hidden="true" height="1em" width="1em" xmlns="http://www.w3.org/2000/svg"><path d="M19 13h-6v6h-2v-6H5v-2h6V5h2v6h6v2z"></path></svg><span class="css-idkz9h">Add Pizza Crust, Refrigerated Pre-Made Dough, 1 ct to cart</span></button></div></div></div></div></div></div><div class="css-0"><div class="css-f5i5wc"><div class="chakra-linkbox css-vhnn8v"><div data-testid="product-image" class="css-16dr4ly"><img alt="No Name Tart Shells 30 ea, $1.05/100g" src="https://assets.shop.loblaws.ca/products/20296118001/b3/en/front/20296118001_front_a06_@2.png" srcset="https://assets.shop.loblaws.ca/products/20296118001/b3/en/front/20296118001_front_a06_@2.png 1x, https://assets.shop.loblaws.ca/products/20296118001/b3/en/front/20296118001_front_a06_@2.png 2x" loading="lazy" class="chakra-image css-oguq8l" aria-hidden="true"></div><div class="css-qoklea"><div class="css-12dchmx"></div><div data-testid="price-product-tile" class="css-8atqhb"><p class="chakra-text css-0"><span class="chakra-text css-pwnbcb" data-testid="regular-price"><span class="css-idkz9h">$5.99</span>$5.99</span></p></div><a href="/tart-shells/p/20296118001_EA?source=nspt" class="chakra-linkbox__overlay css-1hnz6hu"><div class="css-0"><p class="chakra-text css-1ecdp9w" data-testid="product-brand">No Name</p><h3 class="chakra-heading css-6qrhwc" id="20296118001_EA" data-testid="product-title">Tart Shells</h3><p class="chakra-text css-1yftjin" data-testid="product-package-size">30 ea, $1.05/100g</p></div></a><div class="css-8keand"></div></div><div class="css-1q5omjq"><div class="css-fcebb8"><div data-testid="atc-compact" class="css-y94ivq" style="width: 45px;"><button type="button" class="chakra-button css-mudsm6" data-testid="atc-button"><svg stroke="currentColor" fill="currentColor" stroke-width="0" viewBox="0 0 24 24" focusable="false" class="chakra-icon css-1g3sp7a" data-testid="btn-icon" aria-hidden="true" height="1em" width="1em" xmlns="http://www.w3.org/2000/svg"><path d="M19 13h-6v6h-2v-6H5v-2h6V5h2v6h6v2z"></path></svg><span class="css-idkz9h">Add Tart Shells to cart</span></button></div></div></div></div></div></div><div class="css-0"><div class="css-f5i5wc"><div class="chakra-linkbox css-vhnn8v"><div data-testid="product-image" class="css-16dr4ly"><img alt="President's Choice Phyllo Pastry 454 g, $1.32/100g" src="https://assets.shop.loblaws.ca/products/21288853/b3/en/front/21288853_front_a06_@2.png" srcset="https://assets.shop.loblaws.ca/products/21288853/b3/en/front/21288853_front_a06_@2.png 1x, https://assets.shop.loblaws.ca/products/21288853/b3/en/front/21288853_front_a06_@2.png 2x" loading="lazy" class="chakra-image css-oguq8l" aria-hidden="true"></div><div class="css-qoklea"><div class="css-12dchmx"></div><div data-testid="price-product-tile" class="css-8atqhb"><p class="chakra-text css-0"><span class="chakra-text css-pwnbcb" data-testid="regular-price"><span class="css-idkz9h">$5.99</span>$5.99</span></p></div><a href="/phyllo-pastry/p/21288853_EA?source=nspt" class="chakra-linkbox__overlay css-1hnz6hu"><div class="css-0"><p class="chakra-text css-1ecdp9w" data-testid="product-brand">President's Choice</p><h3 class="chakra-heading css-6qrhwc" id="21288853_EA" data-testid="product-title">Phyllo Pastry</h3><p class="chakra-text css-1yftjin" data-testid="product-package-size">454 g, $1.32/100g</p></div></a><div class="css-8keand"></div></div><div class="css-1q5omjq"><div class="css-fcebb8"><div data-testid="atc-compact" class="css-y94ivq" style="width: 45px;"><button type="button" class="chakra-button css-mudsm6" data-testid="atc-button"><svg stroke="currentColor" fill="currentColor" stroke-width="0" viewBox="0 0 24 24" focusable="false" class="chakra-icon css-1g3sp7a" data-testid="btn-icon" aria-hidden="true" height="1em" width="1em" xmlns="http://www.w3.org/2000/svg"><path d="M19 13h-6v6h-2v-6H5v-2h6V5h2v6h6v2z"></path></svg><span class="css-idkz9h">Add Phyllo Pastry to cart</span></button></div></div></div></div></div></div><div class="css-0"><div class="css-f5i5wc"><div class="chakra-linkbox css-vhnn8v"><div data-testid="product-image" class="css-16dr4ly"><img alt="Pillsbury Grands! Crescents, Croissant Rolls, Ready to Bake, 4 ct 318 g, $0.94/100g" src="https://assets.shop.loblaws.ca/products/20317832001/b3/en/front/20317832001_front_a06_@2.png" srcset="https://assets.shop.loblaws.ca/products/20317832001/b3/en/front/20317832001_front_a06_@2.png 1x, https://assets.shop.loblaws.ca/products/20317832001/b3/en/front/20317832001_front_a06_@2.png 2x" loading="lazy" class="chakra-image css-oguq8l" aria-hidden="true"></div><div class="css-qoklea"><div class="css-12dchmx"></div><div data-testid="price-product-tile" class="css-8atqhb"><p class="chakra-text css-0"><span class="chakra-text css-pwnbcb" data-testid="regular-price"><span class="css-idkz9h">$2.99</span>$2.99</span></p></div><a href="/grands-crescents-croissant-rolls-ready-to-bake-4-c/p/20317832001_EA?source=nspt" class="chakra-linkbox__overlay css-1hnz6hu"><div class="css-0"><p class="chakra-text css-1ecdp9w" data-testid="product-brand">Pillsbury</p><h3 class="chakra-heading css-6qrhwc" id="20317832001_EA" data-testid="product-title">Grands! Crescents, Croissant Rolls, Ready to Bake, 4 ct</h3><p class="chakra-text css-1yftjin" data-testid="product-package-size">318 g, $0.94/100g</p></div></a><div class="css-8keand"></div></div><div class="css-1q5omjq"><div class="css-fcebb8"><div data-testid="atc-compact" class="css-y94ivq" style="width: 45px;"><button type="button" class="chakra-button css-mudsm6" data-testid="atc-button"><svg stroke="currentColor" fill="currentColor" stroke-width="0" viewBox="0 0 24 24" focusable="false" class="chakra-icon css-1g3sp7a" data-testid="btn-icon" aria-hidden="true" height="1em" width="1em" xmlns="http://www.w3.org/2000/svg"><path d="M19 13h-6v6h-2v-6H5v-2h6V5h2v6h6v2z"></path></svg><span class="css-idkz9h">Add Grands! Crescents, Croissant Rolls, Ready to Bake, 4 ct to cart</span></button></div></div></div></div></div></div><div class="css-0"><div class="css-f5i5wc"><div class="chakra-linkbox css-vhnn8v"><div data-testid="product-image" class="css-16dr4ly"><img alt="Pillsbury Ready to Bake Cookie Dough Reese Peanut Butter 454 g, $0.99/100g" src="https://assets.shop.loblaws.ca/products/21477773/b3/en/front/21477773_front_a06_@2.png" srcset="https://assets.shop.loblaws.ca/products/21477773/b3/en/front/21477773_front_a06_@2.png 1x, https://assets.shop.loblaws.ca/products/21477773/b3/en/front/21477773_front_a06_@2.png 2x" loading="lazy" class="chakra-image css-oguq8l" aria-hidden="true"></div><div class="css-qoklea"><div class="css-12dchmx"></div><div data-testid="price-product-tile" class="css-8atqhb"><p class="chakra-text css-0"><span class="chakra-text css-pwnbcb" data-testid="regular-price"><span class="css-idkz9h">$4.49</span>$4.49</span></p></div><a href="/ready-to-bake-cookie-dough-reese-peanut-butter/p/21477773_EA?source=nspt" class="chakra-linkbox__overlay css-1hnz6hu"><div class="css-0"><p class="chakra-text css-1ecdp9w" data-testid="product-brand">Pillsbury</p><h3 class="chakra-heading css-6qrhwc" id="21477773_EA" data-testid="product-title">Ready to Bake Cookie Dough Reese Peanut Butter</h3><p class="chakra-text css-1yftjin" data-testid="product-package-size">454 g, $0.99/100g</p></div></a><div class="css-8keand"></div></div><div class="css-1q5omjq"><div class="css-fcebb8"><div data-testid="atc-compact" class="css-y94ivq" style="width: 45px;"><button type="button" class="chakra-button css-mudsm6" data-testid="atc-button"><svg stroke="currentColor" fill="currentColor" stroke-width="0" viewBox="0 0 24 24" focusable="false" class="chakra-icon css-1g3sp7a" data-testid="btn-icon" aria-hidden="true" height="1em" width="1em" xmlns="http://www.w3.org/2000/svg"><path d="M19 13h-6v6h-2v-6H5v-2h6V5h2v6h6v2z"></path></svg><span class="css-idkz9h">Add Ready to Bake Cookie Dough Reese Peanut Butter to cart</span></button></div></div></div></div></div></div><div class="css-0"><div class="css-f5i5wc"><div class="chakra-linkbox css-vhnn8v"><div data-testid="product-image" class="css-16dr4ly"><img alt="Pillsbury Sugar Cookies 468 g, $0.64/100g" src="https://assets.shop.loblaws.ca/products/21193674/b3/en/front/21193674_front_a06_@2.png" srcset="https://assets.shop.loblaws.ca/products/21193674/b3/en/front/21193674_front_a06_@2.png 1x, https://assets.shop.loblaws.ca/products/21193674/b3/en/front/21193674_front_a06_@2.png 2x" loading="lazy" class="chakra-image css-oguq8l" aria-hidden="true"></div><div class="css-qoklea"><div class="css-12dchmx"></div><div data-testid="price-product-tile" class="css-8atqhb"><p class="chakra-text css-0"><span class="chakra-text css-pwnbcb" data-testid="regular-price"><span class="css-idkz9h">$2.99</span>$2.99</span></p></div><a href="/sugar-cookies/p/21193674_EA?source=nspt" class="chakra-linkbox__overlay css-1hnz6hu"><div class="css-0"><p class="chakra-text css-1ecdp9w" data-testid="product-brand">Pillsbury</p><h3 class="chakra-heading css-6qrhwc" id="21193674_EA" data-testid="product-title">Sugar Cookies</h3><p class="chakra-text css-1yftjin" data-testid="product-package-size">468 g, $0.64/100g</p></div></a><div class="css-8keand"></div></div><div class="css-1q5omjq"><div class="css-fcebb8"><div data-testid="atc-compact" class="css-y94ivq" style="width: 45px;"><button type="button" class="chakra-button css-mudsm6" data-testid="atc-button"><svg stroke="currentColor" fill="currentColor" stroke-width="0" viewBox="0 0 24 24" focusable="false" class="chakra-icon css-1g3sp7a" data-testid="btn-icon" aria-hidden="true" height="1em" width="1em" xmlns="http://www.w3.org/2000/svg"><path d="M19 13h-6v6h-2v-6H5v-2h6V5h2v6h6v2z"></path></svg><span class="css-idkz9h">Add Sugar Cookies to cart</span></button></div></div></div></div></div></div><div class="css-0"><div class="css-f5i5wc"><div class="chakra-linkbox css-vhnn8v"><div data-testid="product-image" class="css-16dr4ly"><img alt="No Name Sweetened Tart Shells 30 ea, $1.05/100g" src="https://assets.shop.loblaws.ca/products/20296118002/b3/en/front/20296118002_front_a06_@2.png" srcset="https://assets.shop.loblaws.ca/products/20296118002/b3/en/front/20296118002_front_a06_@2.png 1x, https://assets.shop.loblaws.ca/products/20296118002/b3/en/front/20296118002_front_a06_@2.png 2x" loading="lazy" class="chakra-image css-oguq8l" aria-hidden="true"></div><div class="css-qoklea"><div class="css-12dchmx"></div><div data-testid="price-product-tile" class="css-8atqhb"><p class="chakra-text css-0"><span class="chakra-text css-pwnbcb" data-testid="regular-price"><span class="css-idkz9h">$5.99</span>$5.99</span></p></div><a href="/sweetened-tart-shells/p/20296118002_EA?source=nspt" class="chakra-linkbox__overlay css-1hnz6hu"><div class="css-0"><p class="chakra-text css-1ecdp9w" data-testid="product-brand">No Name</p><h3 class="chakra-heading css-6qrhwc" id="20296118002_EA" data-testid="product-title">Sweetened Tart Shells</h3><p class="chakra-text css-1yftjin" data-testid="product-package-size">30 ea, $1.05/100g</p></div></a><div class="css-8keand"></div></div><div class="css-1q5omjq"><div class="css-fcebb8"><div data-testid="atc-compact" class="css-y94ivq" style="width: 45px;"><button type="button" class="chakra-button css-mudsm6" data-testid="atc-button"><svg stroke="currentColor" fill="currentColor" stroke-width="0" viewBox="0 0 24 24" focusable="false" class="chakra-icon css-1g3sp7a" data-testid="btn-icon" aria-hidden="true" height="1em" width="1em" xmlns="http://www.w3.org/2000/svg"><path d="M19 13h-6v6h-2v-6H5v-2h6V5h2v6h6v2z"></path></svg><span class="css-idkz9h">Add Sweetened Tart Shells to cart</span></button></div></div></div></div></div></div><div class="css-0"><div class="css-f5i5wc"><div class="chakra-linkbox css-vhnn8v"><div data-testid="product-image" class="css-16dr4ly"><img alt="No Name Pie Shells 350 g, $1.14/100g" src="https://assets.shop.loblaws.ca/products/20153259/b3/en/front/20153259_front_a06_@2.png" srcset="https://assets.shop.loblaws.ca/products/20153259/b3/en/front/20153259_front_a06_@2.png 1x, https://assets.shop.loblaws.ca/products/20153259/b3/en/front/20153259_front_a06_@2.png 2x" loading="lazy" class="chakra-image css-oguq8l" aria-hidden="true"></div><div class="css-qoklea"><div class="css-12dchmx"></div><div data-testid="price-product-tile" class="css-8atqhb"><p class="chakra-text css-0"><span class="chakra-text css-pwnbcb" data-testid="regular-price"><span class="css-idkz9h">$3.99</span>$3.99</span></p></div><a href="/pie-shells/p/20153259_EA?source=nspt" class="chakra-linkbox__overlay css-1hnz6hu"><div class="css-0"><p class="chakra-text css-1ecdp9w" data-testid="product-brand">No Name</p><h3 class="chakra-heading css-6qrhwc" id="20153259_EA" data-testid="product-title">Pie Shells</h3><p class="chakra-text css-1yftjin" data-testid="product-package-size">350 g, $1.14/100g</p></div></a><div class="css-8keand"></div></div><div class="css-1q5omjq"><div class="css-fcebb8"><div data-testid="atc-compact" class="css-y94ivq" style="width: 45px;"><button type="button" class="chakra-button css-mudsm6" data-testid="atc-button"><svg stroke="currentColor" fill="currentColor" stroke-width="0" viewBox="0 0 24 24" focusable="false" class="chakra-icon css-1g3sp7a" data-testid="btn-icon" aria-hidden="true" height="1em" width="1em" xmlns="http://www.w3.org/2000/svg"><path d="M19 13h-6v6h-2v-6H5v-2h6V5h2v6h6v2z"></path></svg><span class="css-idkz9h">Add Pie Shells to cart</span></button></div></div></div></div></div></div><div class="css-0"><div class="css-f5i5wc"><div class="chakra-linkbox css-vhnn8v"><div data-testid="product-image" class="css-16dr4ly"><img alt="Pillsbury Flaky Real Apple Turnovers 383 g, $0.91/100g" src="https://assets.shop.loblaws.ca/products/20121195001/b3/en/front/20121195001_front_a06_@2.png" srcset="https://assets.shop.loblaws.ca/products/20121195001/b3/en/front/20121195001_front_a06_@2.png 1x, https://assets.shop.loblaws.ca/products/20121195001/b3/en/front/20121195001_front_a06_@2.png 2x" loading="lazy" class="chakra-image css-oguq8l" aria-hidden="true"></div><div class="css-qoklea"><div class="css-12dchmx"></div><div data-testid="price-product-tile" class="css-8atqhb"><p class="chakra-text css-0"><span class="chakra-text css-pwnbcb" data-testid="regular-price"><span class="css-idkz9h">$3.49</span>$3.49</span></p></div><a href="/flaky-real-apple-turnovers/p/20121195001_EA?source=nspt" class="chakra-linkbox__overlay css-1hnz6hu"><div class="css-0"><p class="chakra-text css-1ecdp9w" data-testid="product-brand">Pillsbury</p><h3 class="chakra-heading css-6qrhwc" id="20121195001_EA" data-testid="product-title">Flaky Real Apple Turnovers</h3><p class="chakra-text css-1yftjin" data-testid="product-package-size">383 g, $0.91/100g</p></div></a><div class="css-8keand"></div></div><div class="css-1q5omjq"><div class="css-fcebb8"><div data-testid="atc-compact" class="css-y94ivq" style="width: 45px;"><button type="button" class="chakra-button css-mudsm6" data-testid="atc-button"><svg stroke="currentColor" fill="currentColor" stroke-width="0" viewBox="0 0 24 24" focusable="false" class="chakra-icon css-1g3sp7a" data-testid="btn-icon" aria-hidden="true" height="1em" width="1em" xmlns="http://www.w3.org/2000/svg"><path d="M19 13h-6v6h-2v-6H5v-2h6V5h2v6h6v2z"></path></svg><span class="css-idkz9h">Add Flaky Real Apple Turnovers to cart</span></button></div></div></div></div></div></div><div class="css-0"><div class="css-f5i5wc"><div class="chakra-linkbox css-vhnn8v"><div data-testid="product-image" class="css-16dr4ly"><img alt="Yummy Doh Raw Cookie Dough Chocolate Chunk 400 g, $1.25/100g" src="https://assets.shop.loblaws.ca/products/21464969/b3/en/front/21464969_front_a06_@2.png" srcset="https://assets.shop.loblaws.ca/products/21464969/b3/en/front/21464969_front_a06_@2.png 1x, https://assets.shop.loblaws.ca/products/21464969/b3/en/front/21464969_front_a06_@2.png 2x" loading="lazy" class="chakra-image css-oguq8l" aria-hidden="true"></div><div class="css-qoklea"><div class="css-12dchmx"></div><div data-testid="price-product-tile" class="css-8atqhb"><p class="chakra-text css-0"><span class="chakra-text css-pwnbcb" data-testid="regular-price"><span class="css-idkz9h">$5.00</span>$5.00</span></p></div><a href="/raw-cookie-dough-chocolate-chunk/p/21464969_EA?source=nspt" class="chakra-linkbox__overlay css-1hnz6hu"><div class="css-0"><p class="chakra-text css-1ecdp9w" data-testid="product-brand">Yummy Doh</p><h3 class="chakra-heading css-6qrhwc" id="21464969_EA" data-testid="product-title">Raw Cookie Dough Chocolate Chunk</h3><p class="chakra-text css-1yftjin" data-testid="product-package-size">400 g, $1.25/100g</p></div></a><div class="css-8keand"></div></div><div class="css-1q5omjq"><div class="css-fcebb8"><div data-testid="atc-compact" class="css-y94ivq" style="width: 45px;"><button type="button" class="chakra-button css-mudsm6" data-testid="atc-button"><svg stroke="currentColor" fill="currentColor" stroke-width="0" viewBox="0 0 24 24" focusable="false" class="chakra-icon css-1g3sp7a" data-testid="btn-icon" aria-hidden="true" height="1em" width="1em" xmlns="http://www.w3.org/2000/svg"><path d="M19 13h-6v6h-2v-6H5v-2h6V5h2v6h6v2z"></path></svg><span class="css-idkz9h">Add Raw Cookie Dough Chocolate Chunk to cart</span></button></div></div></div></div></div></div><div class="css-0"><div class="css-f5i5wc"><div class="chakra-linkbox css-vhnn8v"><div data-testid="product-image" class="css-16dr4ly"><img alt="President's Choice Gluten Free Pie Crust 380 g, $2.23/100g" src="https://assets.shop.loblaws.ca/products/21311742/b3/en/front/21311742_front_a06_@2.png" srcset="https://assets.shop.loblaws.ca/products/21311742/b3/en/front/21311742_front_a06_@2.png 1x, https://assets.shop.loblaws.ca/products/21311742/b3/en/front/21311742_front_a06_@2.png 2x" loading="lazy" class="chakra-image css-oguq8l" aria-hidden="true"></div><div class="css-qoklea"><div class="css-12dchmx"></div><div data-testid="price-product-tile" class="css-8atqhb"><p class="chakra-text css-0"><span class="chakra-text css-pwnbcb" data-testid="regular-price"><span class="css-idkz9h">$8.49</span>$8.49</span></p></div><a href="/gluten-free-pie-crust/p/21311742_EA?source=nspt" class="chakra-linkbox__overlay css-1hnz6hu"><div class="css-0"><p class="chakra-text css-1ecdp9w" data-testid="product-brand">President's Choice</p><h3 class="chakra-heading css-6qrhwc" id="21311742_EA" data-testid="product-title">Gluten Free Pie Crust</h3><p class="chakra-text css-1yftjin" data-testid="product-package-size">380 g, $2.23/100g</p></div></a><div class="css-8keand"></div></div><div class="css-1q5omjq"><div class="css-fcebb8"><div data-testid="atc-compact" class="css-y94ivq" style="width: 45px;"><button type="button" class="chakra-button css-mudsm6" data-testid="atc-button"><svg stroke="currentColor" fill="currentColor" stroke-width="0" viewBox="0 0 24 24" focusable="false" class="chakra-icon css-1g3sp7a" data-testid="btn-icon" aria-hidden="true" height="1em" width="1em" xmlns="http://www.w3.org/2000/svg"><path d="M19 13h-6v6h-2v-6H5v-2h6V5h2v6h6v2z"></path></svg><span class="css-idkz9h">Add Gluten Free Pie Crust to cart</span></button></div></div><div class="css-4saf4a"><p class="chakra-text css-py8788" data-testid="inventory-badge-text">Low Stock</p></div></div></div></div></div><div class="css-0"><div class="css-f5i5wc"><div class="chakra-linkbox css-vhnn8v"><div data-testid="product-image" class="css-16dr4ly"><img alt="Yummy Doh Raw Cookie Dough Strawberry Confetti 400 g, $1.25/100g" src="https://assets.shop.loblaws.ca/products/21464785/b3/en/front/21464785_front_a06_@2.png" srcset="https://assets.shop.loblaws.ca/products/21464785/b3/en/front/21464785_front_a06_@2.png 1x, https://assets.shop.loblaws.ca/products/21464785/b3/en/front/21464785_front_a06_@2.png 2x" loading="lazy" class="chakra-image css-oguq8l" aria-hidden="true"></div><div class="css-qoklea"><div class="css-12dchmx"></div><div data-testid="price-product-tile" class="css-8atqhb"><p class="chakra-text css-0"><span class="chakra-text css-pwnbcb" data-testid="regular-price"><span class="css-idkz9h">$5.00</span>$5.00</span></p></div><a href="/raw-cookie-dough-strawberry-confetti/p/21464785_EA?source=nspt" class="chakra-linkbox__overlay css-1hnz6hu"><div class="css-0"><p class="chakra-text css-1ecdp9w" data-testid="product-brand">Yummy Doh</p><h3 class="chakra-heading css-6qrhwc" id="21464785_EA" data-testid="product-title">Raw Cookie Dough Strawberry Confetti</h3><p class="chakra-text css-1yftjin" data-testid="product-package-size">400 g, $1.25/100g</p></div></a><div class="css-8keand"></div></div><div class="css-1q5omjq"><div class="css-fcebb8"><div data-testid="atc-compact" class="css-y94ivq" style="width: 45px;"><button type="button" class="chakra-button css-mudsm6" data-testid="atc-button"><svg stroke="currentColor" fill="currentColor" stroke-width="0" viewBox="0 0 24 24" focusable="false" class="chakra-icon css-1g3sp7a" data-testid="btn-icon" aria-hidden="true" height="1em" width="1em" xmlns="http://www.w3.org/2000/svg"><path d="M19 13h-6v6h-2v-6H5v-2h6V5h2v6h6v2z"></path></svg><span class="css-idkz9h">Add Raw Cookie Dough Strawberry Confetti to cart</span></button></div></div></div></div></div></div></div>