[
    {
        "id": 1,
        "name": "Lactose Free 2% Dairy Product",
        "price": "2 l, $0.33/100ml",
        "brand": "Natrel",
        "image_url": "https://assets.shop.loblaws.ca/products/20077874001/b3/en/front/20077874001_front_a06_@2.png",
        "image_alt": "Natrel Lactose Free 2% Dairy Product 2 l, $0.33/100ml",
        "price_product_tile": "$6.69$6.69"
    },
    {
        "id": 2,
        "name": "Chocolate Lactose Free 2% Partly Skimmed Ultrafiltered Milk",
        "price": "1.5 l, $0.43/100ml",
        "brand": "Fairlife",
        "image_url": "https://assets.shop.loblaws.ca/products/21128371/b3/en/front/21128371_front_a06_@2.png",
        "image_alt": "Fairlife Chocolate Lactose Free 2% Partly Skimmed Ultrafiltered Milk 1.5 l, $0.43/100ml",
        "price_product_tile": "$6.49$6.49"
    },
    {
        "id": 3,
        "name": "Lactose Free 2% Partly Skimmed Ultrafiltered Milk",
        "price": "1.5 l, $0.43/100ml",
        "brand": "Fairlife",
        "image_url": "https://assets.shop.loblaws.ca/products/21128369/b3/en/front/21128369_front_a06_@2.png",
        "image_alt": "Fairlife Lactose Free 2% Partly Skimmed Ultrafiltered Milk 1.5 l, $0.43/100ml",
        "price_product_tile": "$6.49$6.49"
    },
    {
        "id": 4,
        "name": "French Vanilla Flavoured Coffee Creamer, 63 Servings",
        "price": "946 ml, $0.47/100ml",
        "brand": "International Delight",
        "image_url": "https://assets.shop.loblaws.ca/products/20895480002/b3/en/front/20895480002_front_a06_@2.png",
        "image_alt": "International Delight French Vanilla Flavoured Coffee Creamer, 63 Servings 946 ml, $0.47/100ml",
        "price_product_tile": "$4.49$4.49$5.49$5.49SAVE $1.00"
    },
    {
        "id": 5,
        "name": "Lactose Free 1% Dairy Product",
        "price": "2 l, $0.33/100ml",
        "brand": "Natrel",
        "image_url": "https://assets.shop.loblaws.ca/products/20077874003/b3/en/front/20077874003_front_a06_@2.png",
        "image_alt": "Natrel Lactose Free 1% Dairy Product 2 l, $0.33/100ml",
        "price_product_tile": "$6.69$6.69"
    },
    {
        "id": 6,
        "name": "Almond For Coffee, Vanilla Flavour, Plant Based Dairy Free Coffee Creamer",
        "price": "890 ml, $0.62/100ml",
        "brand": "Silk",
        "image_url": "https://assets.shop.loblaws.ca/products/21245360/b3/en/front/21245360_front_a06_@2.png",
        "image_alt": "Silk Almond For Coffee, Vanilla Flavour, Plant Based Dairy Free Coffee Creamer 890 ml, $0.62/100ml",
        "price_product_tile": "$5.49$5.49"
    },
    {
        "id": 7,
        "name": "Lactose Free Homogenized Milk",
        "price": "2 l, $0.33/100ml",
        "brand": "Natrel",
        "image_url": "https://assets.shop.loblaws.ca/products/20838388/b3/en/front/20838388_front_a06_@2.png",
        "image_alt": "Natrel Lactose Free Homogenized Milk 2 l, $0.33/100ml",
        "price_product_tile": "$6.69$6.69"
    },
    {
        "id": 8,
        "name": "Hazelnut Flavoured Coffee Creamer, 63 Servings",
        "price": "946 ml, $0.47/100ml",
        "brand": "International Delight",
        "image_url": "https://assets.shop.loblaws.ca/products/20895480003/b3/en/front/20895480003_front_a06_@2.png",
        "image_alt": "International Delight Hazelnut Flavoured Coffee Creamer, 63 Servings 946 ml, $0.47/100ml",
        "price_product_tile": "$4.49$4.49$5.49$5.49SAVE $1.00"
    },
    {
        "id": 9,
        "name": "Lactose Free Skim Ultrafiltered Milk",
        "price": "1.5 l, $0.43/100ml",
        "brand": "Fairlife",
        "image_url": "https://assets.shop.loblaws.ca/products/21128364/b3/en/front/21128364_front_a06_@2.png",
        "image_alt": "Fairlife Lactose Free Skim Ultrafiltered Milk 1.5 l, $0.43/100ml",
        "price_product_tile": "$6.49$6.49"
    },
    {
        "id": 10,
        "name": "Milk 1% Bottle",
        "price": "1.5 l, $0.43/100ml",
        "brand": "Fairlife",
        "image_url": "https://assets.shop.loblaws.ca/products/21358817/b3/en/front/21358817_front_a06_@2.png",
        "image_alt": "Fairlife Milk 1% Bottle 1.5 l, $0.43/100ml",
        "price_product_tile": "$6.49$6.49"
    },
    {
        "id": 11,
        "name": "Lactose Free Whole Ultrafiltered Milk",
        "price": "1.5 l, $0.43/100ml",
        "brand": "Fairlife",
        "image_url": "https://assets.shop.loblaws.ca/products/21128348/b3/en/front/21128348_front_a06_@2.png",
        "image_alt": "Fairlife Lactose Free Whole Ultrafiltered Milk 1.5 l, $0.43/100ml",
        "price_product_tile": "$6.49$6.49"
    },
    {
        "id": 12,
        "name": "Caramel Macchiato Coffee Creamer,",
        "price": "946 ml, $0.47/100ml",
        "brand": "International Delight",
        "image_url": "https://assets.shop.loblaws.ca/products/21439782/b3/en/front/21439782_front_a06_@2.png",
        "image_alt": "International Delight Caramel Macchiato Coffee Creamer, 946 ml, $0.47/100ml",
        "price_product_tile": "$4.49$4.49$5.49$5.49SAVE $1.00"
    },
    {
        "id": 13,
        "name": "Partly Skimmed Milk 2% MF",
        "price": "4 l, $0.15/100ml",
        "brand": "Neilson",
        "image_url": "https://assets.shop.loblaws.ca/products/20188873/b3/en/front/20188873_front_a06_@2.png",
        "image_alt": "Neilson Partly Skimmed Milk 2% MF 4 l, $0.15/100ml",
        "price_product_tile": "$6.08$6.08"
    },
    {
        "id": 14,
        "name": "Reduced Sugar French Vanilla Coffee Creamer",
        "price": "946 ml, $0.47/100ml",
        "brand": "International Delight",
        "image_url": "https://assets.shop.loblaws.ca/products/21071278/b3/en/front/21071278_front_a06_@2.png",
        "image_alt": "International Delight Reduced Sugar French Vanilla Coffee Creamer 946 ml, $0.47/100ml",
        "price_product_tile": "$4.49$4.49$5.49$5.49SAVE $1.00"
    },
    {
        "id": 15,
        "name": "Organic Chocolate Milk 2% M.F.",
        "price": "250 ml, $2.32/100ml",
        "brand": "Organic Meadow",
        "image_url": "https://assets.shop.loblaws.ca/products/21054984/b3/en/front/21054984_front_a06_@2.png",
        "image_alt": "Organic Meadow Organic Chocolate Milk 2% M.F. 250 ml, $2.32/100ml",
        "price_product_tile": "$5.79$5.79"
    },
    {
        "id": 16,
        "name": "Organic Homogenized Milk",
        "price": "1 l, $0.43/100ml",
        "brand": "PC Organics",
        "image_url": "https://assets.shop.loblaws.ca/products/20305664/b3/en/front/20305664_front_a06_@2.png",
        "image_alt": "PC Organics Organic Homogenized Milk 1 l, $0.43/100ml",
        "price_product_tile": "$4.29$4.29"
    },
    {
        "id": 17,
        "name": "Organic 2% Milk",
        "price": "1 l, $0.43/100ml",
        "brand": "PC Organics",
        "image_url": "https://assets.shop.loblaws.ca/products/20296180001/b3/en/front/20296180001_front_a06_@2.png",
        "image_alt": "PC Organics Organic 2% Milk 1 l, $0.43/100ml",
        "price_product_tile": "$4.29$4.29"
    },
    {
        "id": 18,
        "name": "French Vanilla Milkshake",
        "price": "310 ml, $0.58/100ml",
        "brand": "Neilson",
        "image_url": "https://assets.shop.loblaws.ca/products/21040932/b3/en/front/21040932_front_a06_@2.png",
        "image_alt": "Neilson French Vanilla Milkshake 310 ml, $0.58/100ml",
        "price_product_tile": "$1.79$1.79"
    },
    {
        "id": 19,
        "name": "Coffee Whitener",
        "price": "1 kg, $0.65/100g",
        "brand": "No Name",
        "image_url": "https://assets.shop.loblaws.ca/products/21163526/b3/en/front/21163526_front_a06_@2.png",
        "image_alt": "No Name Coffee Whitener 1 kg, $0.65/100g",
        "price_product_tile": "$6.49$6.49"
    },
    {
        "id": 20,
        "name": "Flavoured Milk, Chocolate",
        "price": "2 l, $0.26/100ml",
        "brand": "Neilson",
        "image_url": "https://assets.shop.loblaws.ca/products/20187292/b3/en/front/20187292_front_a06_@2.png",
        "image_alt": "Neilson Flavoured Milk, Chocolate 2 l, $0.26/100ml",
        "price_product_tile": "$5.19$5.19"
    },
    {
        "id": 21,
        "name": "Sport, Chocolate",
        "price": "325 ml, $0.70/100ml",
        "brand": "Milk 2 Go",
        "image_url": "https://assets.shop.loblaws.ca/products/20723286001/b3/en/front/20723286001_front_a06_@2.png",
        "image_alt": "Milk 2 Go Sport, Chocolate 325 ml, $0.70/100ml",
        "price_product_tile": "$2.29$2.29"
    },
    {
        "id": 22,
        "name": "Real Whipped Cream, Regular",
        "price": "225 g, $2.22/100g",
        "brand": "Gay Lea",
        "image_url": "https://assets.shop.loblaws.ca/products/20048223001/b3/en/front/20048223001_front_a06_@2.png",
        "image_alt": "Gay Lea Real Whipped Cream, Regular 225 g, $2.22/100g",
        "price_product_tile": "$4.99$4.99"
    },
    {
        "id": 23,
        "name": "Original Powder",
        "price": "1.4 kg, $0.93/100g",
        "brand": "Nestl\u00e9",
        "image_url": "https://assets.shop.loblaws.ca/products/20319868/b3/en/front/20319868_front_a06_@2.png",
        "image_alt": "Nestl\u00e9 Original Powder 1.4 kg, $0.93/100g",
        "price_product_tile": "$12.99$12.99"
    },
    {
        "id": 24,
        "name": "TruTaste 1% Milk",
        "price": "4 l, $0.12/100ml",
        "brand": "Neilson",
        "image_url": "https://assets.shop.loblaws.ca/products/20136554/b3/en/front/20136554_front_a06_@2.png",
        "image_alt": "Neilson TruTaste 1% Milk 4 l, $0.12/100ml",
        "price_product_tile": "$4.99$4.99$6.49$6.49SAVE $1.50"
    },
    {
        "id": 25,
        "name": "Skim Milk",
        "price": "4 l, $0.15/100ml",
        "brand": "Neilson",
        "image_url": "https://assets.shop.loblaws.ca/products/20172914/b3/en/front/20172914_front_a06_@2.png",
        "image_alt": "Neilson Skim Milk 4 l, $0.15/100ml",
        "price_product_tile": "$6.08$6.08"
    },
    {
        "id": 26,
        "name": "Chocolate Milkshake",
        "price": "310 ml, $0.58/100ml",
        "brand": "Neilson",
        "image_url": "https://assets.shop.loblaws.ca/products/21040956/b3/en/front/21040956_front_a06_@2.png",
        "image_alt": "Neilson Chocolate Milkshake 310 ml, $0.58/100ml",
        "price_product_tile": "$1.79$1.79"
    },
    {
        "id": 27,
        "name": "Trutaste Homogenized Milk Lactose Free 3.25% M.F.",
        "price": "4 l, $0.28/100ml",
        "brand": "Neilson",
        "image_url": "https://assets.shop.loblaws.ca/products/21107134/b3/en/front/21107134_front_a06_@2.png",
        "image_alt": "Neilson Trutaste Homogenized Milk Lactose Free 3.25% M.F. 4 l, $0.28/100ml",
        "price_product_tile": "$11.19$11.19"
    },
    {
        "id": 28,
        "name": "Trutaste Lactose Free 2% Milk",
        "price": "2 l, $0.25/100ml",
        "brand": "Neilson",
        "image_url": "https://assets.shop.loblaws.ca/products/20188053001/b3/en/front/20188053001_front_a06_@2.png",
        "image_alt": "Neilson Trutaste Lactose Free 2% Milk 2 l, $0.25/100ml",
        "price_product_tile": "$4.99$4.99$6.19$6.19SAVE $1.20"
    },
    {
        "id": 29,
        "name": "Almond & Oat Non-Dairy Coffee Enchancer, Vanilla",
        "price": "828 ml, $0.96/100ml",
        "brand": "Starbucks",
        "image_url": "https://assets.shop.loblaws.ca/products/21587362/b3/en/front/21587362_front_a06_@2.png",
        "image_alt": "Starbucks Almond & Oat Non-Dairy Coffee Enchancer, Vanilla 828 ml, $0.96/100ml",
        "price_product_tile": "$7.99$7.99"
    },
    {
        "id": 30,
        "name": "Homogenized Milk",
        "price": "2 l, $0.27/100ml",
        "brand": "Neilson",
        "image_url": "https://assets.shop.loblaws.ca/products/20125636/b3/en/front/20125636_front_a06_@2.png",
        "image_alt": "Neilson Homogenized Milk 2 l, $0.27/100ml",
        "price_product_tile": "$5.44$5.44"
    },
    {
        "id": 31,
        "name": "Trutaste Lactose Free 1% Milk",
        "price": "4 l, $0.27/100ml",
        "brand": "Neilson",
        "image_url": "https://assets.shop.loblaws.ca/products/20159579/b3/en/front/20159579_front_a06_@2.png",
        "image_alt": "Neilson Trutaste Lactose Free 1% Milk 4 l, $0.27/100ml",
        "price_product_tile": "$10.89$10.89"
    },
    {
        "id": 32,
        "name": "Goat Milk 3.25% M.F",
        "price": "1 l, $0.50/100ml",
        "brand": "Liberte",
        "image_url": "https://assets.shop.loblaws.ca/products/20975190/b3/en/front/20975190_front_a06_@2.png",
        "image_alt": "Liberte Goat Milk 3.25% M.F 1 l, $0.50/100ml",
        "price_product_tile": "$4.99$4.99"
    },
    {
        "id": 33,
        "name": "Coffee Whitener",
        "price": "450 g, $0.78/100g",
        "brand": "No Name",
        "image_url": "https://assets.shop.loblaws.ca/products/20310718/b3/en/front/20310718_front_a06_@2.png",
        "image_alt": "No Name Coffee Whitener 450 g, $0.78/100g",
        "price_product_tile": "$3.49$3.49"
    },
    {
        "id": 34,
        "name": "COFFEE-MATE Original Powder",
        "price": "450 g, $1.44/100g",
        "brand": "Nestl\u00e9",
        "image_url": "https://assets.shop.loblaws.ca/products/20309221002/b3/en/front/20309221002_front_a06_@2.png",
        "image_alt": "Nestl\u00e9 COFFEE-MATE Original Powder 450 g, $1.44/100g",
        "price_product_tile": "$6.49$6.49"
    },
    {
        "id": 35,
        "name": "Caramel Macchiato Cold Foam",
        "price": "396 g, $1.13/100g",
        "brand": "International Delight",
        "image_url": "https://assets.shop.loblaws.ca/products/21590944/b3/en/front/21590944_front_a06_@2.png",
        "image_alt": "International Delight Caramel Macchiato Cold Foam 396 g, $1.13/100g",
        "price_product_tile": "$4.49$4.49$5.49$5.49SAVE $1.00"
    },
    {
        "id": 36,
        "name": "Dairy Protein Milk Beverage 2% M.F.",
        "price": "1.89 l, $0.26/100ml",
        "brand": "Neilson",
        "image_url": "https://assets.shop.loblaws.ca/products/21554369/b3/en/front/21554369_front_a06_@2.png",
        "image_alt": "Neilson Dairy Protein Milk Beverage 2% M.F. 1.89 l, $0.26/100ml",
        "price_product_tile": "$4.99$4.99$7.29$7.29SAVE $2.30"
    },
    {
        "id": 37,
        "name": "Southern Butter Pecan Coffee Creamer",
        "price": "946 ml, $0.47/100ml",
        "brand": "International Delight",
        "image_url": "https://assets.shop.loblaws.ca/products/20895480004/b3/en/front/20895480004_front_a06_@2.png",
        "image_alt": "International Delight Southern Butter Pecan Coffee Creamer 946 ml, $0.47/100ml",
        "price_product_tile": "$4.49$4.49$5.49$5.49SAVE $1.00"
    },
    {
        "id": 38,
        "name": "Homogenized Milk 3.25%",
        "price": "1 l, $0.38/100ml",
        "brand": "Neilson",
        "image_url": "https://assets.shop.loblaws.ca/products/20178677/b3/en/front/20178677_front_a06_@2.png",
        "image_alt": "Neilson Homogenized Milk 3.25% 1 l, $0.38/100ml",
        "price_product_tile": "$3.79$3.79"
    },
    {
        "id": 39,
        "name": "Half and Half Cream",
        "price": "473 ml, $0.70/100ml",
        "brand": "Neilson",
        "image_url": "https://assets.shop.loblaws.ca/products/20774420/b3/en/front/20774420_front_a06_@2.png",
        "image_alt": "Neilson Half and Half Cream 473 ml, $0.70/100ml",
        "price_product_tile": "$3.33$3.33"
    },
    {
        "id": 40,
        "name": "Coffee Creamer, Vanilla Dip Donut",
        "price": "750 ml, $1.00/100ml",
        "brand": "Tim Hortons",
        "image_url": "https://assets.shop.loblaws.ca/products/21541914/b3/en/front/21541914_front_a06_@2.png",
        "image_alt": "Tim Hortons Coffee Creamer, Vanilla Dip Donut 750 ml, $1.00/100ml",
        "price_product_tile": "$7.49$7.49"
    },
    {
        "id": 41,
        "name": "Trutaste Lactose Free 2% Milk",
        "price": "1 l, $0.46/100ml",
        "brand": "Neilson",
        "image_url": "https://assets.shop.loblaws.ca/products/20025432002/b3/en/front/20025432002_front_a06_@2.png",
        "image_alt": "Neilson Trutaste Lactose Free 2% Milk 1 l, $0.46/100ml",
        "price_product_tile": "$4.59$4.59"
    },
    {
        "id": 42,
        "name": "Nesquik Milkshake",
        "price": "473 ml, $0.59/100ml",
        "brand": "Nestl\u00e9",
        "image_url": "https://assets.shop.loblaws.ca/products/20323668002/b3/en/front/20323668002_front_a06_@2.png",
        "image_alt": "Nestl\u00e9 Nesquik Milkshake 473 ml, $0.59/100ml",
        "price_product_tile": "$2.79$2.79"
    },
    {
        "id": 43,
        "name": "Organic Homogenized Milk",
        "price": "2 l, $0.36/100ml",
        "brand": "PC Organics",
        "image_url": "https://assets.shop.loblaws.ca/products/20354144/b3/en/front/20354144_front_a06_@2.png",
        "image_alt": "PC Organics Organic Homogenized Milk 2 l, $0.36/100ml",
        "price_product_tile": "$7.14$7.14"
    },
    {
        "id": 44,
        "name": "Original Roast Ground Coffee",
        "price": "864 g, $1.27/100g",
        "brand": "Maxwell House",
        "image_url": "https://assets.shop.loblaws.ca/products/21606882/b3/en/front/21606882_front_a06_@2.png",
        "image_alt": "Maxwell House Original Roast Ground Coffee 864 g, $1.27/100g",
        "price_product_tile": "$10.99$10.99"
    },
    {
        "id": 45,
        "name": "Half & Half Cream",
        "price": "237 ml, $1.02/100ml",
        "brand": "Neilson",
        "image_url": "https://assets.shop.loblaws.ca/products/20773569/b3/en/front/20773569_front_a06_@2.png",
        "image_alt": "Neilson Half & Half Cream 237 ml, $1.02/100ml",
        "price_product_tile": "$2.41$2.41"
    },
    {
        "id": 46,
        "name": "Organic Partly Skimmed 1% Milk",
        "price": "4 l, $0.25/100ml",
        "brand": "PC Organics",
        "image_url": "https://assets.shop.loblaws.ca/products/20308534002/b3/en/front/20308534002_front_a06_@2.png",
        "image_alt": "PC Organics Organic Partly Skimmed 1% Milk 4 l, $0.25/100ml",
        "price_product_tile": "$10.19$10.19"
    },
    {
        "id": 47,
        "name": "Skim Milk",
        "price": "2 l, $0.27/100ml",
        "brand": "Neilson",
        "image_url": "https://assets.shop.loblaws.ca/products/20181606/b3/en/front/20181606_front_a06_@2.png",
        "image_alt": "Neilson Skim Milk 2 l, $0.27/100ml",
        "price_product_tile": "$5.34$5.34"
    },
    {
        "id": 48,
        "name": "Buttermilk",
        "price": "1 l, $0.41/100ml",
        "brand": "Neilson",
        "image_url": "https://assets.shop.loblaws.ca/products/20135384/b3/en/front/20135384_front_a06_@2.png",
        "image_alt": "Neilson Buttermilk 1 l, $0.41/100ml",
        "price_product_tile": "$4.09$4.09"
    },
    {
        "id": 49,
        "name": "Coffee Creamer, Double Double",
        "price": "750 ml, $1.00/100ml",
        "brand": "Tim Hortons",
        "image_url": "https://assets.shop.loblaws.ca/products/21541919/b3/en/front/21541919_front_a06_@2.png",
        "image_alt": "Tim Hortons Coffee Creamer, Double Double 750 ml, $1.00/100ml",
        "price_product_tile": "$7.49$7.49"
    },
    {
        "id": 50,
        "name": "Vanilla Flavour",
        "price": "473 ml, $0.51/100ml",
        "brand": "Milk 2 Go",
        "image_url": "https://assets.shop.loblaws.ca/products/20895935005/b3/en/front/20895935005_front_a06_@2.png",
        "image_alt": "Milk 2 Go Vanilla Flavour 473 ml, $0.51/100ml",
        "price_product_tile": "$2.39$2.39"
    },
    {
        "id": 51,
        "name": "Half & Half Cream",
        "price": "237 ml, $1.02/100ml",
        "brand": "Neilson",
        "image_url": "https://assets.shop.loblaws.ca/products/20773569/b3/en/front/20773569_front_a06_@2.png",
        "image_alt": "Neilson Half & Half Cream 237 ml, $1.02/100ml",
        "price_product_tile": "$2.41$2.41"
    },
    {
        "id": 52,
        "name": "Organic Partly Skimmed 1% Milk",
        "price": "4 l, $0.25/100ml",
        "brand": "PC Organics",
        "image_url": "https://assets.shop.loblaws.ca/products/20308534002/b3/en/front/20308534002_front_a06_@2.png",
        "image_alt": "PC Organics Organic Partly Skimmed 1% Milk 4 l, $0.25/100ml",
        "price_product_tile": "$10.19$10.19"
    },
    {
        "id": 53,
        "name": "Skim Milk",
        "price": "2 l, $0.27/100ml",
        "brand": "Neilson",
        "image_url": "https://assets.shop.loblaws.ca/products/20181606/b3/en/front/20181606_front_a06_@2.png",
        "image_alt": "Neilson Skim Milk 2 l, $0.27/100ml",
        "price_product_tile": "$5.34$5.34"
    },
    {
        "id": 54,
        "name": "Buttermilk",
        "price": "1 l, $0.41/100ml",
        "brand": "Neilson",
        "image_url": "https://assets.shop.loblaws.ca/products/20135384/b3/en/front/20135384_front_a06_@2.png",
        "image_alt": "Neilson Buttermilk 1 l, $0.41/100ml",
        "price_product_tile": "$4.09$4.09"
    },
    {
        "id": 55,
        "name": "Whipping Cream 35 percent MF",
        "price": "1 l, $0.82/100ml",
        "brand": "Neilson",
        "image_url": "https://assets.shop.loblaws.ca/products/20101039/b3/en/front/20101039_front_a06_@2.png",
        "image_alt": "Neilson Whipping Cream 35 percent MF 1 l, $0.82/100ml",
        "price_product_tile": "$8.18$8.18"
    },
    {
        "id": 56,
        "name": "Natrel Plus 2% Lactose Free Enriched Milk",
        "price": "2 l, $0.37/100ml",
        "brand": "Natrel",
        "image_url": "https://assets.shop.loblaws.ca/products/21443674/b3/en/front/21443674_front_a06_@2.png",
        "image_alt": "Natrel Natrel Plus 2% Lactose Free Enriched Milk 2 l, $0.37/100ml",
        "price_product_tile": "$7.49$7.49"
    },
    {
        "id": 57,
        "name": "Organic Homogenized Milk 3.25% M.F.",
        "price": "4 l, $0.26/100ml",
        "brand": "PC Organics",
        "image_url": "https://assets.shop.loblaws.ca/products/20054844/b3/en/front/20054844_front_a06_@2.png",
        "image_alt": "PC Organics Organic Homogenized Milk 3.25% M.F. 4 l, $0.26/100ml",
        "price_product_tile": "$10.49$10.49"
    },
    {
        "id": 58,
        "name": "French Vanilla Cold Foam",
        "price": "396 g, $1.13/100g",
        "brand": "International Delight",
        "image_url": "https://assets.shop.loblaws.ca/products/21590982/b3/en/front/21590982_front_a06_@2.png",
        "image_alt": "International Delight French Vanilla Cold Foam 396 g, $1.13/100g",
        "price_product_tile": "$4.49$4.49$5.49$5.49SAVE $1.00"
    },
    {
        "id": 59,
        "name": "Dairy-Free Whipping Cream Alternative, Coconut based",
        "price": "473 ml, $1.16/100ml",
        "brand": "Silk",
        "image_url": "https://assets.shop.loblaws.ca/products/21337504/b3/en/front/21337504_front_a06_@2.png",
        "image_alt": "Silk Dairy-Free Whipping Cream Alternative, Coconut based 473 ml, $1.16/100ml",
        "price_product_tile": "$5.49$5.49"
    },
    {
        "id": 60,
        "name": "Coffee Enhancer, Vanilla",
        "price": "828 ml, $0.96/100ml",
        "brand": "Starbucks",
        "image_url": "https://assets.shop.loblaws.ca/products/21590962/b3/en/front/21590962_front_a06_@2.png",
        "image_alt": "Starbucks Coffee Enhancer, Vanilla 828 ml, $0.96/100ml",
        "price_product_tile": "$7.99$7.99"
    },
    {
        "id": 61,
        "name": "Light Coffee Whitener",
        "price": "450 g, $0.78/100g",
        "brand": "No Name",
        "image_url": "https://assets.shop.loblaws.ca/products/20162484/b3/en/front/20162484_front_a06_@2.png",
        "image_alt": "No Name Light Coffee Whitener 450 g, $0.78/100g",
        "price_product_tile": "$3.49$3.49"
    },
    {
        "id": 62,
        "name": "Maple Latte Flavoured Coffee Creamer, 63 Servings",
        "price": "946 ml, $0.47/100ml",
        "brand": "International Delight",
        "image_url": "https://assets.shop.loblaws.ca/products/21358115/b3/en/front/21358115_front_a06_@2.png",
        "image_alt": "International Delight Maple Latte Flavoured Coffee Creamer, 63 Servings 946 ml, $0.47/100ml",
        "price_product_tile": "$4.49$4.49$5.49$5.49SAVE $1.00"
    },
    {
        "id": 63,
        "name": "Cinnamon Dolce Latte",
        "price": "828 ml, $0.96/100ml",
        "brand": "Starbucks",
        "image_url": "https://assets.shop.loblaws.ca/products/21358458/b3/en/front/21358458_front_a06_@2.png",
        "image_alt": "Starbucks Cinnamon Dolce Latte 828 ml, $0.96/100ml",
        "price_product_tile": "$7.99$7.99"
    },
    {
        "id": 64,
        "name": "Skim Milk",
        "price": "1 l, $0.36/100ml",
        "brand": "Neilson",
        "image_url": "https://assets.shop.loblaws.ca/products/20176956/b3/en/front/20176956_front_a06_@2.png",
        "image_alt": "Neilson Skim Milk 1 l, $0.36/100ml",
        "price_product_tile": "$3.59$3.59"
    },
    {
        "id": 65,
        "name": "Whipped Topping",
        "price": "225 g, $1.64/100g",
        "brand": "No Name",
        "image_url": "https://assets.shop.loblaws.ca/products/20017493/b3/en/front/20017493_front_a06_@2.png",
        "image_alt": "No Name Whipped Topping  225 g, $1.64/100g",
        "price_product_tile": "$3.69$3.69"
    },
    {
        "id": 66,
        "name": "Chocolate Milk, Reduced Sugar",
        "price": "473 ml, $0.51/100ml",
        "brand": "Milk 2 Go",
        "image_url": "https://assets.shop.loblaws.ca/products/20895935003/b3/en/front/20895935003_front_a06_@2.png",
        "image_alt": "Milk 2 Go Chocolate Milk, Reduced Sugar 473 ml, $0.51/100ml",
        "price_product_tile": "$2.39$2.39"
    },
    {
        "id": 67,
        "name": "Caramel Chocolate Milkshake",
        "price": "310 ml, $0.58/100ml",
        "brand": "Neilson",
        "image_url": "https://assets.shop.loblaws.ca/products/21040942/b3/en/front/21040942_front_a06_@2.png",
        "image_alt": "Neilson Caramel Chocolate Milkshake 310 ml, $0.58/100ml",
        "price_product_tile": "$1.79$1.79"
    },
    {
        "id": 68,
        "name": "UltraP\u016br Chocolate 1%",
        "price": "1.5 l, $0.39/100ml",
        "brand": "Lactantia",
        "image_url": "https://assets.shop.loblaws.ca/products/21239130/b3/en/front/21239130_front_a06_@2.png",
        "image_alt": "Lactantia UltraP\u016br Chocolate 1%  1.5 l, $0.39/100ml",
        "price_product_tile": "$5.79$5.79"
    },
    {
        "id": 69,
        "name": "Fresh Vanilla Partly Skimmed Milk 1% M.F.",
        "price": "1 l, $0.35/100ml",
        "brand": "Neilson",
        "image_url": "https://assets.shop.loblaws.ca/products/21590413/b3/en/front/21590413_front_a06_@2.png",
        "image_alt": "Neilson Fresh Vanilla Partly Skimmed Milk 1% M.F. 1 l, $0.35/100ml",
        "price_product_tile": "$3.49$3.49"
    },
    {
        "id": 70,
        "name": "Cream, 18%",
        "price": "473 ml, $0.74/100ml",
        "brand": "Neilson",
        "image_url": "https://assets.shop.loblaws.ca/products/20774325/b3/en/front/20774325_front_a06_@2.png",
        "image_alt": "Neilson Cream, 18% 473 ml, $0.74/100ml",
        "price_product_tile": "$3.49$3.49$4.29$4.29SAVE $0.80"
    },
    {
        "id": 71,
        "name": "Ultrap\u016br 3.25% Homogenized",
        "price": "1.5 l, $0.39/100ml",
        "brand": "Lactantia",
        "image_url": "https://assets.shop.loblaws.ca/products/21496739/b3/en/front/21496739_front_a06_@2.png",
        "image_alt": "Lactantia Ultrap\u016br 3.25% Homogenized 1.5 l, $0.39/100ml",
        "price_product_tile": "$5.79$5.79"
    },
    {
        "id": 72,
        "name": "Trutaste Lactose Free 1% Milk",
        "price": "2 l, $0.25/100ml",
        "brand": "Neilson",
        "image_url": "https://assets.shop.loblaws.ca/products/20150089/b3/en/front/20150089_front_a06_@2.png",
        "image_alt": "Neilson Trutaste Lactose Free 1% Milk 2 l, $0.25/100ml",
        "price_product_tile": "$4.99$4.99$6.19$6.19SAVE $1.20"
    },
    {
        "id": 73,
        "name": "Homogenized Milk Microfiltered, 3.25% M.F.",
        "price": "1 l, $0.39/100ml",
        "brand": "Neilson",
        "image_url": "https://assets.shop.loblaws.ca/products/21239128/b3/en/front/21239128_front_a06_@2.png",
        "image_alt": "Neilson Homogenized Milk Microfiltered, 3.25% M.F. 1 l, $0.39/100ml",
        "price_product_tile": "$3.89$3.89"
    },
    {
        "id": 74,
        "name": "Original Chocolate Milkshake",
        "price": "310 ml, $0.58/100ml",
        "brand": "Neilson",
        "image_url": "https://assets.shop.loblaws.ca/products/21040974/b3/en/front/21040974_front_a06_@2.png",
        "image_alt": "Neilson Original Chocolate Milkshake 310 ml, $0.58/100ml",
        "price_product_tile": "$1.79$1.79"
    },
    {
        "id": 75,
        "name": "Chocolate Partly Skimmed Milk 1% M.F. 6 x",
        "price": "6x200.0 ml, $524.17/100ml",
        "brand": "Milk 2 Go",
        "image_url": "https://assets.shop.loblaws.ca/products/21065263/b3/en/front/21065263_front_a06_@2.png",
        "image_alt": "Milk 2 Go Chocolate Partly Skimmed Milk 1% M.F. 6 x 6x200.0 ml, $524.17/100ml",
        "price_product_tile": "$6.29$6.29"
    },
    {
        "id": 76,
        "name": "Homogenized Goat Milk 3.25%MF",
        "price": "4 l, $0.31/100ml",
        "brand": "Woolwich",
        "image_url": "https://assets.shop.loblaws.ca/products/21212041/b3/en/front/21212041_front_a06_@2.png",
        "image_alt": "Woolwich Homogenized Goat Milk 3.25%MF\u00a0\u00a0 4 l, $0.31/100ml",
        "price_product_tile": "$12.29$12.29"
    },
    {
        "id": 77,
        "name": "Organic Milk 1%",
        "price": "1 l, $0.43/100ml",
        "brand": "PC Organics",
        "image_url": "https://assets.shop.loblaws.ca/products/20296180003/b3/en/front/20296180003_front_a06_@2.png",
        "image_alt": "PC Organics Organic Milk 1% 1 l, $0.43/100ml",
        "price_product_tile": "$4.29$4.29"
    },
    {
        "id": 78,
        "name": "French Vanilla Flavoured Fat Free Coffee Creamer, 63 Servings",
        "price": "946 ml, $0.47/100ml",
        "brand": "International Delight",
        "image_url": "https://assets.shop.loblaws.ca/products/20895480001/b3/en/front/20895480001_front_a06_@2.png",
        "image_alt": "International Delight French Vanilla Flavoured Fat Free Coffee Creamer, 63 Servings 946 ml, $0.47/100ml",
        "price_product_tile": "$4.49$4.49$5.49$5.49SAVE $1.00"
    },
    {
        "id": 79,
        "name": "Almond And Oat Dairy Free Caramel Macchiato Coffee Enhancer",
        "price": "828 ml, $0.96/100ml",
        "brand": "Starbucks",
        "image_url": "https://assets.shop.loblaws.ca/products/21436900/b3/en/front/21436900_front_a06_@2.png",
        "image_alt": "Starbucks Almond And Oat Dairy Free Caramel Macchiato Coffee Enhancer 828 ml, $0.96/100ml",
        "price_product_tile": "$7.99$7.99"
    },
    {
        "id": 80,
        "name": "Homogenized Milk 3.25%",
        "price": "4 l, $0.18/100ml",
        "brand": "Neilson",
        "image_url": "https://assets.shop.loblaws.ca/products/20160571/b3/en/front/20160571_front_a06_@2.png",
        "image_alt": "Neilson Homogenized Milk 3.25% 4 l, $0.18/100ml",
        "price_product_tile": "$7.08$7.08"
    },
    {
        "id": 81,
        "name": "Whipping Cream",
        "price": "473 ml, $0.74/100ml",
        "brand": "Neilson",
        "image_url": "https://assets.shop.loblaws.ca/products/20774431/b3/en/front/20774431_front_a06_@2.png",
        "image_alt": "Neilson Whipping Cream 473 ml, $0.74/100ml",
        "price_product_tile": "$3.49$3.49$4.79$4.79SAVE $1.30"
    },
    {
        "id": 82,
        "name": "Caramel Waffle Cookie Coffee Enhancer, Limited Edition",
        "price": "946 ml, $0.47/100ml",
        "brand": "International Delight",
        "image_url": "https://assets.shop.loblaws.ca/products/21242388/b3/en/front/21242388_front_a06_@2.png",
        "image_alt": "International Delight Caramel Waffle Cookie Coffee Enhancer, Limited Edition 946 ml, $0.47/100ml",
        "price_product_tile": "$4.49$4.49$5.49$5.49SAVE $1.00"
    },
    {
        "id": 83,
        "name": "Partly Skimmed Milk 2% M.F.",
        "price": "6x200.0 ml, $0.52/100ml",
        "brand": "Milk 2 Go",
        "image_url": "https://assets.shop.loblaws.ca/products/21537885/b3/en/front/21537885_front_a06_@2.png",
        "image_alt": "Milk 2 Go Partly Skimmed Milk 2% M.F. 6x200.0 ml, $0.52/100ml",
        "price_product_tile": "$6.29$6.29"
    },
    {
        "id": 84,
        "name": "TruTaste Skim Milk",
        "price": "4 l, $0.12/100ml",
        "brand": "Neilson",
        "image_url": "https://assets.shop.loblaws.ca/products/20075226/b3/en/front/20075226_front_a06_@2.png",
        "image_alt": "Neilson TruTaste Skim Milk 4 l, $0.12/100ml",
        "price_product_tile": "$4.99$4.99$6.49$6.49SAVE $1.50"
    },
    {
        "id": 85,
        "name": "Real Whipped Cream, Light",
        "price": "225 g, $2.22/100g",
        "brand": "Gay Lea",
        "image_url": "https://assets.shop.loblaws.ca/products/20048223002/b3/en/front/20048223002_front_a06_@2.png",
        "image_alt": "Gay Lea Real Whipped Cream, Light 225 g, $2.22/100g",
        "price_product_tile": "$4.99$4.99"
    },
    {
        "id": 86,
        "name": "Organic Partly Skimmed 1% Milk",
        "price": "2 l, $0.36/100ml",
        "brand": "PC Organics",
        "image_url": "https://assets.shop.loblaws.ca/products/20354536/b3/en/front/20354536_front_a06_@2.png",
        "image_alt": "PC Organics Organic Partly Skimmed 1% Milk 2 l, $0.36/100ml",
        "price_product_tile": "$7.14$7.14"
    },
    {
        "id": 87,
        "name": "PurFiltre Milk 1% Partly Skimmed",
        "price": "2 l, $0.28/100ml",
        "brand": "Lactantia",
        "image_url": "https://assets.shop.loblaws.ca/products/21425018/b3/en/front/21425018_front_a06_@2.png",
        "image_alt": "Lactantia PurFiltre Milk 1% Partly Skimmed  2 l, $0.28/100ml",
        "price_product_tile": "$5.69$5.69"
    },
    {
        "id": 88,
        "name": "2% Milk",
        "price": "1 l, $0.36/100ml",
        "brand": "Neilson",
        "image_url": "https://assets.shop.loblaws.ca/products/20149754/b3/en/front/20149754_front_a06_@2.png",
        "image_alt": "Neilson 2% Milk 1 l, $0.36/100ml",
        "price_product_tile": "$3.59$3.59"
    },
    {
        "id": 89,
        "name": "Natrel Plus 2% Lactose Free Chocolate Enriched Milk",
        "price": "2 l, $0.37/100ml",
        "brand": "Natrel",
        "image_url": "https://assets.shop.loblaws.ca/products/21443665/b3/en/front/21443665_front_a06_@2.png",
        "image_alt": "Natrel Natrel Plus 2% Lactose Free Chocolate Enriched Milk 2 l, $0.37/100ml",
        "price_product_tile": "$7.49$7.49"
    },
    {
        "id": 90,
        "name": "TruTaste 2% Milk",
        "price": "1 l, $0.41/100ml",
        "brand": "Neilson",
        "image_url": "https://assets.shop.loblaws.ca/products/20181392/b3/en/front/20181392_front_a06_@2.png",
        "image_alt": "Neilson TruTaste 2% Milk 1 l, $0.41/100ml",
        "price_product_tile": "$4.09$4.09"
    },
    {
        "id": 91,
        "name": "Chocolate Milk, 25% Less Sugar",
        "price": "1 l, $0.28/100ml",
        "brand": "Neilson",
        "image_url": "https://assets.shop.loblaws.ca/products/20650656/b3/en/front/20650656_front_a06_@2.png",
        "image_alt": "Neilson Chocolate Milk, 25% Less Sugar 1 l, $0.28/100ml",
        "price_product_tile": "$2.79$2.79"
    },
    {
        "id": 92,
        "name": "Chocolate",
        "price": "473 ml, $0.51/100ml",
        "brand": "Milk 2 Go",
        "image_url": "https://assets.shop.loblaws.ca/products/20895935002/b3/en/front/20895935002_front_a06_@2.png",
        "image_alt": "Milk 2 Go Chocolate 473 ml, $0.51/100ml",
        "price_product_tile": "$2.39$2.39"
    },
    {
        "id": 93,
        "name": "Caramel Macchiato Liquid Coffee Enhancer",
        "price": "828 ml, $0.96/100ml",
        "brand": "Starbucks",
        "image_url": "https://assets.shop.loblaws.ca/products/21358473/b3/en/front/21358473_front_a06_@2.png",
        "image_alt": "Starbucks Caramel Macchiato Liquid Coffee Enhancer 828 ml, $0.96/100ml",
        "price_product_tile": "$7.99$7.99"
    },
    {
        "id": 94,
        "name": "TruTaste 1% Milk",
        "price": "1 l, $0.41/100ml",
        "brand": "Neilson",
        "image_url": "https://assets.shop.loblaws.ca/products/20164009/b3/en/front/20164009_front_a06_@2.png",
        "image_alt": "Neilson TruTaste 1% Milk 1 l, $0.41/100ml",
        "price_product_tile": "$4.09$4.09"
    },
    {
        "id": 95,
        "name": "TruTaste Lactose Free 2% Milk",
        "price": "4 l, $0.27/100ml",
        "brand": "Neilson",
        "image_url": "https://assets.shop.loblaws.ca/products/20039684/b3/en/front/20039684_front_a06_@2.png",
        "image_alt": "Neilson TruTaste Lactose Free 2% Milk 4 l, $0.27/100ml",
        "price_product_tile": "$10.89$10.89"
    },
    {
        "id": 96,
        "name": "Trutaste Homogenized Milk",
        "price": "4 l, $0.19/100ml",
        "brand": "Neilson",
        "image_url": "https://assets.shop.loblaws.ca/products/20091686/b3/en/front/20091686_front_a06_@2.png",
        "image_alt": "Neilson Trutaste Homogenized Milk 4 l, $0.19/100ml",
        "price_product_tile": "$7.49$7.49"
    },
    {
        "id": 97,
        "name": "Caramel Macchiato Liquid Coffee Enhancer",
        "price": "828 ml, $0.96/100ml",
        "brand": "Starbucks",
        "image_url": "https://assets.shop.loblaws.ca/products/21358473/b3/en/front/21358473_front_a06_@2.png",
        "image_alt": "Starbucks Caramel Macchiato Liquid Coffee Enhancer 828 ml, $0.96/100ml",
        "price_product_tile": "$7.99$7.99"
    },
    {
        "id": 98,
        "name": "Partly Skimmed Milk 1% MF",
        "price": "4 l, $0.15/100ml",
        "brand": "Neilson",
        "image_url": "https://assets.shop.loblaws.ca/products/20047439/b3/en/front/20047439_front_a06_@2.png",
        "image_alt": "Neilson Partly Skimmed Milk 1% MF 4 l, $0.15/100ml",
        "price_product_tile": "$6.08$6.08"
    },
    {
        "id": 99,
        "name": "TruTaste 2% Milk",
        "price": "1 l, $0.41/100ml",
        "brand": "Neilson",
        "image_url": "https://assets.shop.loblaws.ca/products/20181392/b3/en/front/20181392_front_a06_@2.png",
        "image_alt": "Neilson TruTaste 2% Milk 1 l, $0.41/100ml",
        "price_product_tile": "$4.09$4.09"
    },
    {
        "id": 100,
        "name": "Table Cream",
        "price": "1 l, $0.56/100ml",
        "brand": "Neilson",
        "image_url": "https://assets.shop.loblaws.ca/products/20155660/b3/en/front/20155660_front_a06_@2.png",
        "image_alt": "Neilson Table Cream 1 l, $0.56/100ml",
        "price_product_tile": "$5.60$5.60"
    },
    {
        "id": 101,
        "name": "1% Partly Skimmed Milk",
        "price": "2 l, $0.27/100ml",
        "brand": "Neilson",
        "image_url": "https://assets.shop.loblaws.ca/products/20076709/b3/en/front/20076709_front_a06_@2.png",
        "image_alt": "Neilson 1% Partly Skimmed Milk 2 l, $0.27/100ml",
        "price_product_tile": "$5.34$5.34"
    },
    {
        "id": 102,
        "name": "Hazelnut Mocha Macchiato Coffee Enhancer",
        "price": "828 ml, $0.96/100ml",
        "brand": "Starbucks",
        "image_url": "https://assets.shop.loblaws.ca/products/21508916/b3/en/front/21508916_front_a06_@2.png",
        "image_alt": "Starbucks Hazelnut Mocha Macchiato Coffee Enhancer 828 ml, $0.96/100ml",
        "price_product_tile": "$7.99$7.99"
    },
    {
        "id": 103,
        "name": "Flavoured Milk, Chocolate",
        "price": "4 l, $0.12/100ml",
        "brand": "Neilson",
        "image_url": "https://assets.shop.loblaws.ca/products/20098941/b3/en/front/20098941_front_a06_@2.png",
        "image_alt": "Neilson Flavoured Milk, Chocolate 4 l, $0.12/100ml",
        "price_product_tile": "$4.99$4.99$7.29$7.29SAVE $2.30"
    },
    {
        "id": 104,
        "name": "1% Buttermilk",
        "price": "2 l, $0.27/100ml",
        "brand": "Neilson",
        "image_url": "https://assets.shop.loblaws.ca/products/20909873/b3/en/front/20909873_front_a06_@2.png",
        "image_alt": "Neilson 1% Buttermilk 2 l, $0.27/100ml",
        "price_product_tile": "$5.49$5.49"
    },
    {
        "id": 105,
        "name": "Banana",
        "price": "473 ml, $0.51/100ml",
        "brand": "Milk 2 Go",
        "image_url": "https://assets.shop.loblaws.ca/products/20895935001/b3/en/front/20895935001_front_a06_@2.png",
        "image_alt": "Milk 2 Go Banana 473 ml, $0.51/100ml",
        "price_product_tile": "$2.39$2.39"
    },
    {
        "id": 106,
        "name": "Strawberry Milkshake",
        "price": "310 ml, $0.58/100ml",
        "brand": "Neilson",
        "image_url": "https://assets.shop.loblaws.ca/products/21040935/b3/en/front/21040935_front_a06_@2.png",
        "image_alt": "Neilson Strawberry Milkshake 310 ml, $0.58/100ml",
        "price_product_tile": "$1.79$1.79"
    },
    {
        "id": 107,
        "name": "COFFEE-MATE Light Powder",
        "price": "450 g, $1.44/100g",
        "brand": "Nestl\u00e9",
        "image_url": "https://assets.shop.loblaws.ca/products/20309221001/b3/en/front/20309221001_front_a06_@2.png",
        "image_alt": "Nestl\u00e9 COFFEE-MATE Light Powder 450 g, $1.44/100g",
        "price_product_tile": "$6.49$6.49"
    },
    {
        "id": 108,
        "name": "Trutaste Lactose Free Cream Half & Half 10% M.F.",
        "price": "1 l, $0.51/100ml",
        "brand": "Neilson",
        "image_url": "https://assets.shop.loblaws.ca/products/21107133/b3/en/front/21107133_front_a06_@2.png",
        "image_alt": "Neilson Trutaste Lactose Free Cream Half & Half 10% M.F. 1 l, $0.51/100ml",
        "price_product_tile": "$5.07$5.07"
    },
    {
        "id": 109,
        "name": "Organic Skim Milk",
        "price": "4 l, $0.25/100ml",
        "brand": "PC Organics",
        "image_url": "https://assets.shop.loblaws.ca/products/20308534001/b3/en/front/20308534001_front_a06_@2.png",
        "image_alt": "PC Organics Organic Skim Milk 4 l, $0.25/100ml",
        "price_product_tile": "$10.19$10.19"
    },
    {
        "id": 110,
        "name": "Flavoured Milk, Strawberry",
        "price": "1 l, $0.28/100ml",
        "brand": "Neilson",
        "image_url": "https://assets.shop.loblaws.ca/products/20577247/b3/en/front/20577247_front_a06_@2.png",
        "image_alt": "Neilson Flavoured Milk, Strawberry 1 l, $0.28/100ml",
        "price_product_tile": "$2.79$2.79"
    },
    {
        "id": 111,
        "name": "Trutaste No Lactose 3.25% Milk",
        "price": "2 l, $0.25/100ml",
        "brand": "Neilson",
        "image_url": "https://assets.shop.loblaws.ca/products/20909875/b3/en/front/20909875_front_a06_@2.png",
        "image_alt": "Neilson Trutaste No Lactose 3.25% Milk 2 l, $0.25/100ml",
        "price_product_tile": "$4.99$4.99$6.19$6.19SAVE $1.20"
    },
    {
        "id": 112,
        "name": "Organic Fresh Skim Milk",
        "price": "2 l, $0.36/100ml",
        "brand": "PC Organics",
        "image_url": "https://assets.shop.loblaws.ca/products/20354309/b3/en/front/20354309_front_a06_@2.png",
        "image_alt": "PC Organics Organic Fresh Skim Milk 2 l, $0.36/100ml",
        "price_product_tile": "$7.14$7.14"
    },
    {
        "id": 113,
        "name": "Ultrap\u016br Skim 0%",
        "price": "1.5 l, $0.39/100ml",
        "brand": "Lactantia",
        "image_url": "https://assets.shop.loblaws.ca/products/21496759/b3/en/front/21496759_front_a06_@2.png",
        "image_alt": "Lactantia Ultrap\u016br Skim 0% 1.5 l, $0.39/100ml",
        "price_product_tile": "$5.79$5.79"
    },
    {
        "id": 114,
        "name": "Trutaste Chocolate Partly Skimmed Milk 1% M.F.",
        "price": "2 l, $0.25/100ml",
        "brand": "Neilson",
        "image_url": "https://assets.shop.loblaws.ca/products/21040983/b3/en/front/21040983_front_a06_@2.png",
        "image_alt": "Neilson Trutaste Chocolate Partly Skimmed Milk 1% M.F. 2 l, $0.25/100ml",
        "price_product_tile": "$4.99$4.99$6.39$6.39SAVE $1.40"
    },
    {
        "id": 115,
        "name": "Milk, Chocolate Partly Skimmed 1 % M.F.",
        "price": "310 ml, $0.48/100ml",
        "brand": "Milk 2 Go",
        "image_url": "https://assets.shop.loblaws.ca/products/21062620/b3/en/front/21062620_front_a06_@2.png",
        "image_alt": "Milk 2 Go Milk, Chocolate Partly Skimmed 1 % M.F. 310 ml, $0.48/100ml",
        "price_product_tile": "$1.49$1.49"
    },
    {
        "id": 116,
        "name": "2% Milk",
        "price": "2 l, $0.27/100ml",
        "brand": "Neilson",
        "image_url": "https://assets.shop.loblaws.ca/products/20017001/b3/en/front/20017001_front_a06_@2.png",
        "image_alt": "Neilson 2% Milk 2 l, $0.27/100ml",
        "price_product_tile": "$5.34$5.34"
    },
    {
        "id": 117,
        "name": "Rolo Milkshake",
        "price": "473 ml, $0.59/100ml",
        "brand": "Nestl\u00e9",
        "image_url": "https://assets.shop.loblaws.ca/products/20323668001/b3/en/front/20323668001_front_a06_@2.png",
        "image_alt": "Nestl\u00e9 Rolo Milkshake 473 ml, $0.59/100ml",
        "price_product_tile": "$2.79$2.79"
    },
    {
        "id": 118,
        "name": "Partially Skimmed Goat Milk 2%",
        "price": "1 l, $0.48/100ml",
        "brand": "Woolwich",
        "image_url": "https://assets.shop.loblaws.ca/products/21212030/b3/en/front/21212030_front_a06_@2.png",
        "image_alt": "Woolwich Partially Skimmed Goat Milk 2% 1 l, $0.48/100ml",
        "price_product_tile": "$4.79$4.79"
    },
    {
        "id": 119,
        "name": "TruTaste Homogenized Milk",
        "price": "2 l, $0.29/100ml",
        "brand": "Neilson",
        "image_url": "https://assets.shop.loblaws.ca/products/20131121/b3/en/front/20131121_front_a06_@2.png",
        "image_alt": "Neilson TruTaste Homogenized Milk 2 l, $0.29/100ml",
        "price_product_tile": "$5.84$5.84"
    },
    {
        "id": 120,
        "name": "Organic Partly Skimmed 2% Milk",
        "price": "2 l, $0.36/100ml",
        "brand": "PC Organics",
        "image_url": "https://assets.shop.loblaws.ca/products/20354310/b3/en/front/20354310_front_a06_@2.png",
        "image_alt": "PC Organics Organic Partly Skimmed 2% Milk 2 l, $0.36/100ml",
        "price_product_tile": "$7.14$7.14"
    },
    {
        "id": 121,
        "name": "Coffee Crisp Milkshake",
        "price": "473 ml, $0.59/100ml",
        "brand": "Nestl\u00e9",
        "image_url": "https://assets.shop.loblaws.ca/products/20323668004/b3/en/front/20323668004_front_a06_@2.png",
        "image_alt": "Nestl\u00e9 Coffee Crisp Milkshake 473 ml, $0.59/100ml",
        "price_product_tile": "$2.79$2.79"
    },
    {
        "id": 122,
        "name": "Organic Partly Skimmed 2% Milk",
        "price": "4 l, $0.25/100ml",
        "brand": "PC Organics",
        "image_url": "https://assets.shop.loblaws.ca/products/20304385/b3/en/front/20304385_front_a06_@2.png",
        "image_alt": "PC Organics Organic Partly Skimmed 2% Milk 4 l, $0.25/100ml",
        "price_product_tile": "$10.19$10.19"
    },
    {
        "id": 123,
        "name": "Almond Coffee Creamer Creamy Maple Flavoured",
        "price": "450 ml, $0.73/100ml",
        "brand": "Silk",
        "image_url": "https://assets.shop.loblaws.ca/products/21589691/b3/en/front/21589691_front_a06_@2.png",
        "image_alt": "Silk Almond Coffee Creamer Creamy Maple Flavoured 450 ml, $0.73/100ml",
        "price_product_tile": "$3.29$3.29"
    },
    {
        "id": 124,
        "name": "Caramel Plant-Based Coffee Creamer, Limited Edition",
        "price": "450 ml, $0.73/100ml",
        "brand": "Silk",
        "image_url": "https://assets.shop.loblaws.ca/products/21400040/b3/en/front/21400040_front_a06_@2.png",
        "image_alt": "Silk Caramel Plant-Based Coffee Creamer, Limited Edition 450 ml, $0.73/100ml",
        "price_product_tile": "$3.29$3.29"
    },
    {
        "id": 125,
        "name": "Classic French Vanilla Coffee Creamer",
        "price": "1.42 l, $0.56/100ml",
        "brand": "International Delight",
        "image_url": "https://assets.shop.loblaws.ca/products/21337027/b3/en/front/21337027_front_a06_@2.png",
        "image_alt": "International Delight Classic French Vanilla Coffee Creamer 1.42 l, $0.56/100ml",
        "price_product_tile": "$7.99$7.99"
    },
    {
        "id": 126,
        "name": "Half and Half Cream",
        "price": "1 l, $0.35/100ml",
        "brand": "Neilson",
        "image_url": "https://assets.shop.loblaws.ca/products/20123609/b3/en/front/20123609_front_a06_@2.png",
        "image_alt": "Neilson Half and Half Cream 1 l, $0.35/100ml",
        "price_product_tile": "$3.49$3.49$3.99$3.99SAVE $0.50"
    },
    {
        "id": 127,
        "name": "Almond And Oat Dairy Free Hazelnut Latte Coffee Enhancer",
        "price": "828 ml, $0.96/100ml",
        "brand": "Starbucks",
        "image_url": "https://assets.shop.loblaws.ca/products/21436915/b3/en/front/21436915_front_a06_@2.png",
        "image_alt": "Starbucks Almond And Oat Dairy Free Hazelnut Latte Coffee Enhancer 828 ml, $0.96/100ml",
        "price_product_tile": "$7.99$7.99"
    },
    {
        "id": 128,
        "name": "Real Coconut Whipped Cream",
        "price": "225 g, $2.22/100g",
        "brand": "Gay Lea",
        "image_url": "https://assets.shop.loblaws.ca/products/20048223003/b3/en/front/20048223003_front_a06_@2.png",
        "image_alt": "Gay Lea Real Coconut Whipped Cream 225 g, $2.22/100g",
        "price_product_tile": "$4.99$4.99"
    },
    {
        "id": 129,
        "name": "Classic Hazelnut Coffee Creamer",
        "price": "1.42 l, $0.56/100ml",
        "brand": "International Delight",
        "image_url": "https://assets.shop.loblaws.ca/products/21345072/b3/en/front/21345072_front_a06_@2.png",
        "image_alt": "International Delight Classic Hazelnut Coffee Creamer 1.42 l, $0.56/100ml",
        "price_product_tile": "$7.99$7.99"
    },
    {
        "id": 130,
        "name": "Table Cream",
        "price": "237 ml, $1.19/100ml",
        "brand": "Neilson",
        "image_url": "https://assets.shop.loblaws.ca/products/20773801/b3/en/front/20773801_front_a06_@2.png",
        "image_alt": "Neilson Table Cream 237 ml, $1.19/100ml",
        "price_product_tile": "$2.82$2.82"
    },
    {
        "id": 131,
        "name": "Dairy Protein Milk Beverage 3.25% M.F.",
        "price": "1.89 l, $0.26/100ml",
        "brand": "Neilson",
        "image_url": "https://assets.shop.loblaws.ca/products/21554245/b3/en/front/21554245_front_a06_@2.png",
        "image_alt": "Neilson Dairy Protein Milk Beverage 3.25% M.F. 1.89 l, $0.26/100ml",
        "price_product_tile": "$4.99$4.99$7.79$7.79SAVE $2.80"
    },
    {
        "id": 132,
        "name": "True Taste, 2% Milk",
        "price": "2 l, $0.28/100ml",
        "brand": "Neilson",
        "image_url": "https://assets.shop.loblaws.ca/products/20130270/b3/en/front/20130270_front_a06_@2.png",
        "image_alt": "Neilson True Taste, 2% Milk 2 l, $0.28/100ml",
        "price_product_tile": "$5.64$5.64"
    },
    {
        "id": 133,
        "name": "Trutaste Lactose Free Skim Milk",
        "price": "2 l, $0.25/100ml",
        "brand": "Neilson",
        "image_url": "https://assets.shop.loblaws.ca/products/20188053002/b3/en/front/20188053002_front_a06_@2.png",
        "image_alt": "Neilson Trutaste Lactose Free Skim Milk 2 l, $0.25/100ml",
        "price_product_tile": "$4.99$4.99$6.19$6.19SAVE $1.20"
    },
    {
        "id": 134,
        "name": "Trutaste Light Cream",
        "price": "1 l, $0.35/100ml",
        "brand": "Neilson",
        "image_url": "https://assets.shop.loblaws.ca/products/20095354/b3/en/front/20095354_front_a06_@2.png",
        "image_alt": "Neilson Trutaste Light Cream 1 l, $0.35/100ml",
        "price_product_tile": "$3.49$3.49$3.99$3.99SAVE $0.50"
    },
    {
        "id": 135,
        "name": "Flavoured Milk, Chocolate",
        "price": "750 ml, $0.17/100ml",
        "brand": "Neilson",
        "image_url": "https://assets.shop.loblaws.ca/products/20766719/b3/en/front/20766719_front_a06_@2.png",
        "image_alt": "Neilson Flavoured Milk, Chocolate 750 ml, $0.17/100ml",
        "price_product_tile": "$1.25$1.25"
    },
    {
        "id": 136,
        "name": "P\u016brFiltre Milk 2% Partly Skimmed",
        "price": "2 l, $0.28/100ml",
        "brand": "Lactantia",
        "image_url": "https://assets.shop.loblaws.ca/products/21424991/b3/en/front/21424991_front_a06_@2.png",
        "image_alt": "Lactantia P\u016brFiltre Milk 2% Partly Skimmed 2 l, $0.28/100ml",
        "price_product_tile": "$5.69$5.69"
    },
    {
        "id": 137,
        "name": "Strawberry",
        "price": "473 ml, $0.51/100ml",
        "brand": "Milk 2 Go",
        "image_url": "https://assets.shop.loblaws.ca/products/20895935004/b3/en/front/20895935004_front_a06_@2.png",
        "image_alt": "Milk 2 Go Strawberry 473 ml, $0.51/100ml",
        "price_product_tile": "$2.39$2.39"
    },
    {
        "id": 138,
        "name": "Milk, Strawberry Partly Skimmed 1 % M.F.",
        "price": "310 ml, $0.48/100ml",
        "brand": "Milk 2 Go",
        "image_url": "https://assets.shop.loblaws.ca/products/21061412/b3/en/front/21061412_front_a06_@2.png",
        "image_alt": "Milk 2 Go Milk, Strawberry Partly Skimmed 1 % M.F. 310 ml, $0.48/100ml",
        "price_product_tile": "$1.49$1.49"
    },
    {
        "id": 139,
        "name": "TruTaste Skim Milk",
        "price": "2 l, $0.28/100ml",
        "brand": "Neilson",
        "image_url": "https://assets.shop.loblaws.ca/products/20058742/b3/en/front/20058742_front_a06_@2.png",
        "image_alt": "Neilson TruTaste Skim Milk 2 l, $0.28/100ml",
        "price_product_tile": "$5.64$5.64"
    },
    {
        "id": 140,
        "name": "Trutaste Light Cream",
        "price": "473 ml, $0.70/100ml",
        "brand": "Neilson",
        "image_url": "https://assets.shop.loblaws.ca/products/20774033/b3/en/front/20774033_front_a06_@2.png",
        "image_alt": "Neilson Trutaste Light Cream 473 ml, $0.70/100ml",
        "price_product_tile": "$3.33$3.33"
    },
    {
        "id": 141,
        "name": "1% Milk",
        "price": "1 l, $0.36/100ml",
        "brand": "Neilson",
        "image_url": "https://assets.shop.loblaws.ca/products/20185616/b3/en/front/20185616_front_a06_@2.png",
        "image_alt": "Neilson 1% Milk 1 l, $0.36/100ml",
        "price_product_tile": "$3.59$3.59"
    },
    {
        "id": 142,
        "name": "Homogenized Goat Milk 3.25%MF",
        "price": "1 l, $0.48/100ml",
        "brand": "Woolwich",
        "image_url": "https://assets.shop.loblaws.ca/products/21212050/b3/en/front/21212050_front_a06_@2.png",
        "image_alt": "Woolwich Homogenized Goat Milk 3.25%MF\u00a0\u00a0 1 l, $0.48/100ml",
        "price_product_tile": "$4.79$4.79"
    },
    {
        "id": 143,
        "name": "Ultrap\u016br 2%, 50% more protein",
        "price": "1.5 l, $0.39/100ml",
        "brand": "Lactantia",
        "image_url": "https://assets.shop.loblaws.ca/products/21239137/b3/en/front/21239137_front_a06_@2.png",
        "image_alt": "Lactantia Ultrap\u016br 2%, 50% more protein 1.5 l, $0.39/100ml",
        "price_product_tile": "$5.79$5.79"
    },
    {
        "id": 144,
        "name": "Trutaste Partially Skimmed Milk 2 percent MF",
        "price": "4 l, $0.12/100ml",
        "brand": "Neilson",
        "image_url": "https://assets.shop.loblaws.ca/products/20148677/b3/en/front/20148677_front_a06_@2.png",
        "image_alt": "Neilson Trutaste Partially Skimmed Milk 2 percent MF 4 l, $0.12/100ml",
        "price_product_tile": "$4.99$4.99$6.49$6.49SAVE $1.50"
    },
    {
        "id": 145,
        "name": "Trutaste Light Cream",
        "price": "473 ml, $0.70/100ml",
        "brand": "Neilson",
        "image_url": "https://assets.shop.loblaws.ca/products/20774033/b3/en/front/20774033_front_a06_@2.png",
        "image_alt": "Neilson Trutaste Light Cream 473 ml, $0.70/100ml",
        "price_product_tile": "$3.33$3.33"
    }
]