[
    {
        "id": 1,
        "name": "Banana Chocolate Chunk Muffins",
        "price": "600 g, $1.00/100g",
        "brand": "Farmer's Market",
        "image_url": "https://assets.shop.loblaws.ca/products/21283357/b3/en/front/21283357_front_a06_@2.png",
        "image_alt": "Farmer's Market Banana Chocolate Chunk Muffins 600 g, $1.00/100g",
        "price_product_tile": "$6.00$6.00"
    },
    {
        "id": 2,
        "name": "Chocolate Chip Muffins",
        "price": "600 g, $1.00/100g",
        "brand": "Farmer's Market",
        "image_url": "https://assets.shop.loblaws.ca/products/21283358/b3/en/front/21283358_front_a06_@2.png",
        "image_alt": "Farmer's Market Chocolate Chip Muffins 600 g, $1.00/100g",
        "price_product_tile": "$6.00$6.00"
    },
    {
        "id": 3,
        "name": "Blueberry Muffins",
        "price": "570 g, $1.05/100g",
        "brand": "Farmer's Market",
        "image_url": "https://assets.shop.loblaws.ca/products/21283356/b3/en/front/21283356_front_a06_@2.png",
        "image_alt": "Farmer's Market Blueberry Muffins 570 g, $1.05/100g",
        "price_product_tile": "$6.00$6.00"
    },
    {
        "id": 4,
        "name": "Carrot Muffins",
        "price": "600 g, $1.00/100g",
        "brand": "Farmer's Market",
        "image_url": "https://assets.shop.loblaws.ca/products/21283360/b3/en/front/21283360_front_a06_@2.png",
        "image_alt": "Farmer's Market Carrot Muffins 600 g, $1.00/100g",
        "price_product_tile": "$6.00$6.00"
    },
    {
        "id": 5,
        "name": "Muffins Double Chocolate",
        "price": "570 g, $1.05/100g",
        "brand": "Farmer's Market",
        "image_url": "https://assets.shop.loblaws.ca/products/21283361/b3/en/front/21283361_front_a06_@2.png",
        "image_alt": "Farmer's Market Muffins Double Chocolate     570 g, $1.05/100g",
        "price_product_tile": "$6.00$6.00"
    },
    {
        "id": 6,
        "name": "Raisin Bran Muffins",
        "price": "600 g, $1.00/100g",
        "brand": "Farmer's Market",
        "image_url": "https://assets.shop.loblaws.ca/products/21283359/b3/en/front/21283359_front_a06_@2.png",
        "image_alt": "Farmer's Market Raisin Bran Muffins 600 g, $1.00/100g",
        "price_product_tile": "$6.00$6.00"
    },
    {
        "id": 7,
        "name": "Berry Medley Muffins",
        "price": "570 g, $1.05/100g",
        "brand": "Farmer's Market",
        "image_url": "https://assets.shop.loblaws.ca/products/21283355/b3/en/front/21283355_front_a06_@2.png",
        "image_alt": "Farmer's Market Berry Medley Muffins 570 g, $1.05/100g",
        "price_product_tile": "$6.00$6.00"
    },
    {
        "id": 8,
        "name": "Lemon Cranberry Muffins",
        "price": "600 g, $1.00/100g",
        "brand": "Farmer's Market",
        "image_url": "https://assets.shop.loblaws.ca/products/21283354/b3/en/front/21283354_front_a06_@2.png",
        "image_alt": "Farmer's Market Lemon Cranberry Muffins 600 g, $1.00/100g",
        "price_product_tile": "$6.00$6.00"
    },
    {
        "id": 9,
        "name": "Morning Glory Muffins",
        "price": "600 g, $1.00/100g",
        "brand": "Farmer's Market",
        "image_url": "https://assets.shop.loblaws.ca/products/21283353/b3/en/front/21283353_front_a06_@2.png",
        "image_alt": "Farmer's Market Morning Glory Muffins 600 g, $1.00/100g",
        "price_product_tile": "$6.00$6.00"
    },
    {
        "id": 10,
        "name": "Glazed Doughnuts",
        "price": "552 g, $0.63/100g",
        "brand": "Farmer's Market",
        "image_url": "https://assets.shop.loblaws.ca/products/21559294/b3/en/front/21559294_front_a06_@2.png",
        "image_alt": "Farmer's Market Glazed Doughnuts 552 g, $0.63/100g",
        "price_product_tile": "$3.50$3.50"
    },
    {
        "id": 11,
        "name": "Twinkies Cakes",
        "price": "202 g, $1.24/100g",
        "brand": "Hostess",
        "image_url": "https://assets.shop.loblaws.ca/products/21283752/b3/en/front/21283752_front_a06_@2.png",
        "image_alt": "Hostess Twinkies Cakes 202 g, $1.24/100g",
        "price_product_tile": "$2.00$2.00Limit 6, after limit $2.50"
    },
    {
        "id": 12,
        "name": "Chocolate Chip Mini Muffins",
        "price": "336 g, $1.34/100g",
        "brand": "President's Choice",
        "image_url": "https://assets.shop.loblaws.ca/products/21488839/b3/en/front/21488839_front_a06_@2.png",
        "image_alt": "President's Choice Chocolate Chip Mini Muffins 336 g, $1.34/100g",
        "price_product_tile": "$4.50$4.50"
    },
    {
        "id": 13,
        "name": "Cupcakes Chocolate Cakes",
        "price": "206 g, $1.21/100g",
        "brand": "Hostess",
        "image_url": "https://assets.shop.loblaws.ca/products/21283746/b3/en/front/21283746_front_a06_@2.png",
        "image_alt": "Hostess Cupcakes Chocolate Cakes 206 g, $1.21/100g",
        "price_product_tile": "$2.00$2.00Limit 6, after limit $2.50"
    },
    {
        "id": 14,
        "name": "Banana Chocolate Chip Mini Muffins",
        "price": "336 g, $1.34/100g",
        "brand": "President's Choice",
        "image_url": "https://assets.shop.loblaws.ca/products/21488853/b3/en/front/21488853_front_a06_@2.png",
        "image_alt": "President's Choice Banana Chocolate Chip Mini Muffins 336 g, $1.34/100g",
        "price_product_tile": "$4.50$4.50"
    },
    {
        "id": 15,
        "name": "Mini Muffins, Chocolate & Double Chocolate",
        "price": "336 g, $1.34/100g",
        "brand": "President's Choice",
        "image_url": "https://assets.shop.loblaws.ca/products/21561610/b3/en/front/21561610_front_a06_@2.png",
        "image_alt": "President's Choice Mini Muffins, Chocolate & Double Chocolate 336 g, $1.34/100g",
        "price_product_tile": "$4.50$4.50"
    },
    {
        "id": 16,
        "name": "Blueberry Mini Muffins",
        "price": "336 g, $1.34/100g",
        "brand": "President's Choice",
        "image_url": "https://assets.shop.loblaws.ca/products/21488821/b3/en/front/21488821_front_a06_@2.png",
        "image_alt": "President's Choice Blueberry Mini Muffins 336 g, $1.34/100g",
        "price_product_tile": "$4.50$4.50"
    },
    {
        "id": 17,
        "name": "Powdered Mini Doughnuts",
        "price": "600 g, $0.74/100g",
        "brand": "Farmer's Market",
        "image_url": "https://assets.shop.loblaws.ca/products/21559343/b3/en/front/21559343_front_a06_@2.png",
        "image_alt": "Farmer's Market Powdered Mini Doughnuts 600 g, $0.74/100g",
        "price_product_tile": "$4.44$4.44"
    },
    {
        "id": 18,
        "name": "Carrot Mini Muffins",
        "price": "336 g, $1.34/100g",
        "brand": "President's Choice",
        "image_url": "https://assets.shop.loblaws.ca/products/21488913/b3/en/front/21488913_front_a06_@2.png",
        "image_alt": "President's Choice Carrot Mini Muffins 336 g, $1.34/100g",
        "price_product_tile": "$4.50$4.50"
    },
    {
        "id": 19,
        "name": "Oatmeal & Chocolate Cookies",
        "price": "456 g, $1.32/100g",
        "brand": "Farmer's Market",
        "image_url": "https://assets.shop.loblaws.ca/products/20566294/b3/en/front/20566294_front_a06_@2.png",
        "image_alt": "Farmer's Market Oatmeal & Chocolate Cookies 456 g, $1.32/100g",
        "price_product_tile": "$6.00$6.00"
    },
    {
        "id": 20,
        "name": "Brownies",
        "price": "608 g, $1.04/100g",
        "brand": "Farmer's Market",
        "image_url": "https://assets.shop.loblaws.ca/products/21450067/b3/en/front/21450067_front_a06_@2.png",
        "image_alt": "Farmer's Market Brownies  608 g, $1.04/100g",
        "price_product_tile": "$6.00$6.00"
    },
    {
        "id": 21,
        "name": "Jos Louis The Original Cakes",
        "price": "324 g, $1.08/100g",
        "brand": "Vachon",
        "image_url": "https://assets.shop.loblaws.ca/products/20963606/b3/en/front/20963606_front_a06_@2.png",
        "image_alt": "Vachon Jos Louis The Original Cakes 324 g, $1.08/100g",
        "price_product_tile": "$3.49$3.49"
    },
    {
        "id": 22,
        "name": "Old Fashioned Mini Doughnuts",
        "price": "600 g, $0.74/100g",
        "brand": "Farmer's Market",
        "image_url": "https://assets.shop.loblaws.ca/products/21559169/b3/en/front/21559169_front_a06_@2.png",
        "image_alt": "Farmer's Market Old Fashioned Mini Doughnuts 600 g, $0.74/100g",
        "price_product_tile": "$4.44$4.44"
    },
    {
        "id": 23,
        "name": "Chocolate Chip Cookies",
        "price": "456 g, $1.32/100g",
        "brand": "Farmer's Market",
        "image_url": "https://assets.shop.loblaws.ca/products/20566774/b3/en/front/20566774_front_a06_@2.png",
        "image_alt": "Farmer's Market Chocolate Chip Cookies 456 g, $1.32/100g",
        "price_product_tile": "$6.00$6.00"
    },
    {
        "id": 24,
        "name": "Double Chocolate Mini Muffins",
        "price": "336 g, $1.34/100g",
        "brand": "President's Choice",
        "image_url": "https://assets.shop.loblaws.ca/products/21561694/b3/en/front/21561694_front_a06_@2.png",
        "image_alt": "President's Choice Double Chocolate Mini Muffins 336 g, $1.34/100g",
        "price_product_tile": "$4.50$4.50"
    },
    {
        "id": 25,
        "name": "Oatmeal Raisin Cookies",
        "price": "456 g, $1.32/100g",
        "brand": "Farmer's Market",
        "image_url": "https://assets.shop.loblaws.ca/products/20566295/b3/en/front/20566295_front_a06_@2.png",
        "image_alt": "Farmer's Market Oatmeal Raisin Cookies 456 g, $1.32/100g",
        "price_product_tile": "$6.00$6.00"
    },
    {
        "id": 26,
        "name": "Chocolate Chip Cookies",
        "price": "798 g, $1.00/100g",
        "brand": "Farmer's Market",
        "image_url": "https://assets.shop.loblaws.ca/products/20566369/b3/en/front/20566369_front_a06_@2.png",
        "image_alt": "Farmer's Market Chocolate Chip Cookies 798 g, $1.00/100g",
        "price_product_tile": "$8.00$8.00"
    },
    {
        "id": 27,
        "name": "Vanilla Cupcakes",
        "price": "232 g, $1.08/100g",
        "brand": "Hostess",
        "image_url": "https://assets.shop.loblaws.ca/products/21311232/b3/en/front/21311232_front_a06_@2.png",
        "image_alt": "Hostess Vanilla Cupcakes 232 g, $1.08/100g",
        "price_product_tile": "$2.00$2.00Limit 6, after limit $2.50"
    },
    {
        "id": 28,
        "name": "Flake Outs\u2122 Churro Croissant Donuts",
        "price": "224 g, $3.13/100g",
        "brand": "President's Choice",
        "image_url": "https://assets.shop.loblaws.ca/products/21590246/b3/en/front/21590246_front_a06_@2.png",
        "image_alt": "President's Choice Flake Outs\u2122 Churro Croissant Donuts 224 g, $3.13/100g",
        "price_product_tile": "$7.00$7.00"
    },
    {
        "id": 29,
        "name": "Chocolate Croissants",
        "price": "423 g, $1.42/100g",
        "brand": "No brand",
        "image_url": "https://assets.shop.loblaws.ca/products/21416726/b3/en/front/21416726_front_a06_@2.png",
        "image_alt": "null Chocolate Croissants  423 g, $1.42/100g",
        "price_product_tile": "$6.00$6.00"
    },
    {
        "id": 30,
        "name": "Canada Day Sugar Cookie Vanilla, 10 Pack",
        "price": "383 g, $1.04/100g",
        "brand": "Kimberley's Bakeshoppe",
        "image_url": "https://assets.shop.loblaws.ca/products/21184368/b3/en/front/21184368_front_a06_@2.png",
        "image_alt": "Kimberley's Bakeshoppe Canada Day Sugar Cookie Vanilla, 10 Pack 383 g, $1.04/100g",
        "price_product_tile": "$4.00$4.00"
    },
    {
        "id": 31,
        "name": "Brownies",
        "price": "265 g, $1.70/100g",
        "brand": "Farmer's Market",
        "image_url": "https://assets.shop.loblaws.ca/products/21450055/b3/en/front/21450055_front_a06_@2.png",
        "image_alt": "Farmer's Market Brownies 265 g, $1.70/100g",
        "price_product_tile": "$4.50$4.50"
    },
    {
        "id": 32,
        "name": "Inbetweenz\u2122 Cookie Dough Dessert Squares",
        "price": "312 g, $1.92/100g",
        "brand": "President's Choice",
        "image_url": "https://assets.shop.loblaws.ca/products/21592641/b3/en/front/21592641_front_a06_@2.png",
        "image_alt": "President's Choice Inbetweenz\u2122 Cookie Dough Dessert Squares 312 g, $1.92/100g",
        "price_product_tile": "$6.00$6.00"
    },
    {
        "id": 33,
        "name": "Ah Caramel\u00ae The Original Cakes",
        "price": "336 g, $1.04/100g",
        "brand": "Vachon",
        "image_url": "https://assets.shop.loblaws.ca/products/20005728/b3/en/front/20005728_front_a06_@2.png",
        "image_alt": "Vachon Ah Caramel\u00ae The Original Cakes 336 g, $1.04/100g",
        "price_product_tile": "$3.49$3.49"
    },
    {
        "id": 34,
        "name": "Inbetweenz\u2122 Peanut Butter Dessert Squares",
        "price": "337 g, $1.78/100g",
        "brand": "President's Choice",
        "image_url": "https://assets.shop.loblaws.ca/products/21592554/b3/en/front/21592554_front_a06_@2.png",
        "image_alt": "President's Choice Inbetweenz\u2122 Peanut Butter Dessert Squares 337 g, $1.78/100g",
        "price_product_tile": "$6.00$6.00"
    },
    {
        "id": 35,
        "name": "Oatmeal Chocolate Chip Cookies",
        "price": "798 g, $1.00/100g",
        "brand": "Farmer's Market",
        "image_url": "https://assets.shop.loblaws.ca/products/20565934/b3/en/front/20565934_front_a06_@2.png",
        "image_alt": "Farmer's Market Oatmeal Chocolate Chip Cookies 798 g, $1.00/100g",
        "price_product_tile": "$8.00$8.00"
    },
    {
        "id": 36,
        "name": "Cinnamon Coffee Cake Muffins",
        "price": "400 g, $1.00/100g",
        "brand": "No brand",
        "image_url": "https://assets.shop.loblaws.ca/products/21557709/b3/en/front/21557709_front_a06_@2.png",
        "image_alt": "null Cinnamon Coffee Cake Muffins 400 g, $1.00/100g",
        "price_product_tile": "$4.00$4.00"
    },
    {
        "id": 37,
        "name": "Inbetweenz\u2122 Double Chocolate Dessert Squares",
        "price": "312 g, $1.92/100g",
        "brand": "President's Choice",
        "image_url": "https://assets.shop.loblaws.ca/products/21592622/b3/en/front/21592622_front_a06_@2.png",
        "image_alt": "President's Choice Inbetweenz\u2122 Double Chocolate Dessert Squares 312 g, $1.92/100g",
        "price_product_tile": "$6.00$6.00"
    },
    {
        "id": 38,
        "name": "Flake Outs\u2122 Madagascar Vanilla Croissant Donuts",
        "price": "224 g, $3.13/100g",
        "brand": "President's Choice",
        "image_url": "https://assets.shop.loblaws.ca/products/21590412/b3/en/front/21590412_front_a06_@2.png",
        "image_alt": "President's Choice Flake Outs\u2122 Madagascar Vanilla Croissant Donuts 224 g, $3.13/100g",
        "price_product_tile": "$7.00$7.00"
    },
    {
        "id": 39,
        "name": "Vanilla Flavour Cakes 1/2 Lune Moon",
        "price": "282 g, $1.24/100g",
        "brand": "Vachon",
        "image_url": "https://assets.shop.loblaws.ca/products/21027889/b3/en/front/21027889_front_a06_@2.png",
        "image_alt": "Vachon Vanilla Flavour Cakes 1/2 Lune Moon  282 g, $1.24/100g",
        "price_product_tile": "$3.49$3.49"
    },
    {
        "id": 40,
        "name": "Quinn's Swiss Roll Chocolate",
        "price": "6x67.0 g, $1.49/100g",
        "brand": "Baxters",
        "image_url": "https://assets.shop.loblaws.ca/products/21392547/b3/en/front/21392547_front_a06_@2.png",
        "image_alt": "Baxters Quinn's Swiss Roll Chocolate 6x67.0 g, $1.49/100g",
        "price_product_tile": "$6.00$6.00"
    },
    {
        "id": 41,
        "name": "Biscuits, Rusk Tea",
        "price": "200 g, $1.00/100g",
        "brand": "Anmol",
        "image_url": "https://assets.shop.loblaws.ca/products/20048703/b3/en/front/20048703_front_a06_@2.png",
        "image_alt": "Anmol Biscuits, Rusk Tea 200 g, $1.00/100g",
        "price_product_tile": "$1.99$1.99"
    },
    {
        "id": 42,
        "name": "Deep'n Delicious\u00ae Cookies and Cream Cake",
        "price": "510 g, $1.47/100g",
        "brand": "McCain",
        "image_url": "https://assets.shop.loblaws.ca/products/21165513/b3/en/front/21165513_front_a06_@2.png",
        "image_alt": "McCain Deep'n Delicious\u00ae Cookies and Cream Cake 510 g, $1.47/100g",
        "price_product_tile": "$7.49$7.49"
    },
    {
        "id": 43,
        "name": "Pecan Butter Tarts",
        "price": "6x85.0 g, $0.98/100g",
        "brand": "Farmer's Market",
        "image_url": "https://assets.shop.loblaws.ca/products/20308897/b3/en/front/20308897_front_a06_@2.png",
        "image_alt": "Farmer's Market Pecan Butter Tarts 6x85.0 g, $0.98/100g",
        "price_product_tile": "$5.00$5.00"
    },
    {
        "id": 44,
        "name": "Frozen Tiramisu",
        "price": "460 g, $1.74/100g",
        "brand": "President's Choice",
        "image_url": "https://assets.shop.loblaws.ca/products/21104504/b3/en/front/21104504_front_a06_@2.png",
        "image_alt": "President's Choice Frozen Tiramisu 460 g, $1.74/100g",
        "price_product_tile": "$7.99$7.99"
    },
    {
        "id": 45,
        "name": "Mini Donuts Powdered",
        "price": "269 g, $1.67/100g",
        "brand": "Hostess",
        "image_url": "https://assets.shop.loblaws.ca/products/21572744/b3/en/front/21572744_front_a06_@2.png",
        "image_alt": "Hostess Mini Donuts Powdered 269 g, $1.67/100g",
        "price_product_tile": "$4.49$4.49"
    },
    {
        "id": 46,
        "name": "Pumpkin Squares",
        "price": "400 g, $1.38/100g",
        "brand": "Charlottes",
        "image_url": "https://assets.shop.loblaws.ca/products/21045706/b3/en/front/21045706_front_a06_@2.png",
        "image_alt": "Charlottes Pumpkin Squares 400 g, $1.38/100g",
        "price_product_tile": "$5.50$5.50"
    },
    {
        "id": 47,
        "name": "Frozen Mini Eclairs",
        "price": "710 g, $2.11/100g",
        "brand": "President's Choice",
        "image_url": "https://assets.shop.loblaws.ca/products/20004726/b3/en/front/20004726_front_a06_@2.png",
        "image_alt": "President's Choice Frozen Mini Eclairs 710 g, $2.11/100g",
        "price_product_tile": "$14.99$14.99"
    },
    {
        "id": 48,
        "name": "The Decadent Molten Chocolate Cakes",
        "price": "216 g, $2.31/100g",
        "brand": "President's Choice",
        "image_url": "https://assets.shop.loblaws.ca/products/20800613/b3/en/front/20800613_front_a06_@2.png",
        "image_alt": "President's Choice The Decadent Molten Chocolate Cakes 216 g, $2.31/100g",
        "price_product_tile": "$4.99$4.99"
    },
    {
        "id": 49,
        "name": "Treat Shop Cookies Thumbprint",
        "price": "298 g, $1.68/100g",
        "brand": "No brand",
        "image_url": "https://assets.shop.loblaws.ca/products/21590405/b3/en/front/21590405_front_a06_@2.png",
        "image_alt": "null Treat Shop Cookies Thumbprint 298 g, $1.68/100g",
        "price_product_tile": "$5.00$5.00"
    },
    {
        "id": 50,
        "name": "Chocolate Caramel Pecan Cluster New York-Style Cheesecake",
        "price": "600 g, $1.83/100g",
        "brand": "President's Choice",
        "image_url": "https://assets.shop.loblaws.ca/products/21395368/b3/en/front/21395368_front_a06_@2.png",
        "image_alt": "President's Choice Chocolate Caramel Pecan Cluster New York-Style Cheesecake 600 g, $1.83/100g",
        "price_product_tile": "$11.00$11.00"
    },
    {
        "id": 51,
        "name": "Strawberry Flavoured Donuts",
        "price": "360 g, $1.39/100g",
        "brand": "No brand",
        "image_url": "https://assets.shop.loblaws.ca/products/21608737/b3/en/front/21608737_front_a06_@2.png",
        "image_alt": "null Strawberry Flavoured Donuts 360 g, $1.39/100g",
        "price_product_tile": "$5.00$5.00"
    },
    {
        "id": 52,
        "name": "Namak Para Snacks",
        "price": "360 g, $0.97/100g",
        "brand": "United National",
        "image_url": "https://assets.shop.loblaws.ca/products/20305966002/b3/en/front/20305966002_front_a06_@2.png",
        "image_alt": "United National Namak Para Snacks 360 g, $0.97/100g",
        "price_product_tile": "$3.49$3.49"
    },
    {
        "id": 53,
        "name": "Punjabi Cookies",
        "price": "1.1 kg, $0.50/100g",
        "brand": "Crispy",
        "image_url": "https://assets.shop.loblaws.ca/products/20180817/b3/en/front/20180817_front_a06_@2.png",
        "image_alt": "Crispy Punjabi Cookies 1.1 kg, $0.50/100g",
        "price_product_tile": "$5.49$5.49"
    },
    {
        "id": 54,
        "name": "Pistachio Short Bread Cookie",
        "price": "0.35 kg, $1.14/100g",
        "brand": "Crispy",
        "image_url": "https://assets.shop.loblaws.ca/products/20820641/b3/en/front/20820641_front_a06_@2.png",
        "image_alt": "Crispy Pistachio Short Bread Cookie 0.35 kg, $1.14/100g",
        "price_product_tile": "$3.99$3.99"
    },
    {
        "id": 55,
        "name": "Cream Cheese Filled Croissant",
        "price": "272 g, $1.84/100g",
        "brand": "No brand",
        "image_url": "https://assets.shop.loblaws.ca/products/21570691/b3/en/front/21570691_front_a06_@2.png",
        "image_alt": "null Cream Cheese Filled Croissant 272 g, $1.84/100g",
        "price_product_tile": "$5.00$5.00"
    },
    {
        "id": 56,
        "name": "Butter Tarts Plain",
        "price": "765 g, $0.92/100g",
        "brand": "Grandmother's Bake Shoppe",
        "image_url": "https://assets.shop.loblaws.ca/products/21493396/b3/en/front/21493396_front_a06_@2.png",
        "image_alt": "Grandmother's Bake Shoppe Butter Tarts Plain 765 g, $0.92/100g",
        "price_product_tile": "$7.00$7.00"
    },
    {
        "id": 57,
        "name": "Blueberry Pie 8 Inch",
        "price": "550 g, $0.82/100g",
        "brand": "Old Mill",
        "image_url": "https://assets.shop.loblaws.ca/products/21339520/b3/en/front/21339520_front_a06_@2.png",
        "image_alt": "Old Mill Blueberry Pie 8 Inch 550 g, $0.82/100g",
        "price_product_tile": "$4.50$4.50"
    },
    {
        "id": 58,
        "name": "Old Fashioned Cherry Pie",
        "price": "114 g, $1.32/100g",
        "brand": "No brand",
        "image_url": "https://assets.shop.loblaws.ca/products/21345434/b3/en/front/21345434_front_a06_@2.png",
        "image_alt": "null Old Fashioned Cherry Pie 114 g, $1.32/100g",
        "price_product_tile": "$1.50$1.50"
    },
    {
        "id": 59,
        "name": "Quinn's Vanilla Raspberry Cream",
        "price": "6x67.0 g, $1.49/100g",
        "brand": "Baxters",
        "image_url": "https://assets.shop.loblaws.ca/products/21392536/b3/en/front/21392536_front_a06_@2.png",
        "image_alt": "Baxters Quinn's Vanilla Raspberry Cream 6x67.0 g, $1.49/100g",
        "price_product_tile": "$6.00$6.00"
    },
    {
        "id": 60,
        "name": "Oatmeal Raisin Cookies",
        "price": "798 g, $1.00/100g",
        "brand": "Farmer's Market",
        "image_url": "https://assets.shop.loblaws.ca/products/20566120/b3/en/front/20566120_front_a06_@2.png",
        "image_alt": "Farmer's Market Oatmeal Raisin Cookies 798 g, $1.00/100g",
        "price_product_tile": "$8.00$8.00"
    },
    {
        "id": 61,
        "name": "Apple Turnover",
        "price": "20x360.0 g, $0.83/100g",
        "brand": "No brand",
        "image_url": "https://assets.shop.loblaws.ca/products/21549373/b3/en/front/21549373_front_a06_@2.png",
        "image_alt": "null Apple Turnover 20x360.0 g, $0.83/100g",
        "price_product_tile": "$3.00$3.00"
    },
    {
        "id": 62,
        "name": "Treat Shop Chocolate Souffl\u00e9 Sweet Middles",
        "price": "220 g, $2.27/100g",
        "brand": "No brand",
        "image_url": "https://assets.shop.loblaws.ca/products/21590230/b3/en/front/21590230_front_a06_@2.png",
        "image_alt": "null Treat Shop Chocolate Souffl\u00e9 Sweet Middles 220 g, $2.27/100g",
        "price_product_tile": "$5.00$5.00"
    },
    {
        "id": 63,
        "name": "Custard Bun",
        "price": "90 g, $1.10/100g",
        "brand": "T&T",
        "image_url": "https://assets.shop.loblaws.ca/products/20334565/b3/en/front/20334565_front_a06_@2.png",
        "image_alt": "T&T Custard Bun 90 g, $1.10/100g",
        "price_product_tile": "$0.99$0.99"
    },
    {
        "id": 64,
        "name": "Mini Butter Cookies",
        "price": "160 g, $1.78/100g",
        "brand": "T&T",
        "image_url": "https://assets.shop.loblaws.ca/products/20663099/b3/en/front/20663099_front_a06_@2.png",
        "image_alt": "T&T Mini Butter Cookies 160 g, $1.78/100g",
        "price_product_tile": "$2.99$2.99"
    },
    {
        "id": 65,
        "name": "Chocolate Cr\u00e8me Cake",
        "price": "162 g, $1.85/100g",
        "brand": "Weight Watchers",
        "image_url": "https://assets.shop.loblaws.ca/products/20846026/b3/en/front/20846026_front_a06_@2.png",
        "image_alt": "Weight Watchers Chocolate Cr\u00e8me Cake 162 g, $1.85/100g",
        "price_product_tile": "$2.99$2.99"
    },
    {
        "id": 66,
        "name": "Petit Fours Chocolate Seashell",
        "price": "345 g, $2.90/100g",
        "brand": "Delcato",
        "image_url": "https://assets.shop.loblaws.ca/products/21194211/b3/en/front/21194211_front_a06_@2.png",
        "image_alt": "Delcato Petit Fours Chocolate Seashell 345 g, $2.90/100g",
        "price_product_tile": "$9.99$9.99"
    },
    {
        "id": 67,
        "name": "Punjabi Biscuits Gur",
        "price": "1.136 kg, $0.62/100g",
        "brand": "Surati",
        "image_url": "https://assets.shop.loblaws.ca/products/20694637/b3/en/front/20694637_front_a06_@2.png",
        "image_alt": "Surati Punjabi Biscuits Gur 1.136 kg, $0.62/100g",
        "price_product_tile": "$6.99$6.99"
    },
    {
        "id": 68,
        "name": "Deep'n Delicious\u00ae Chocolate Cake",
        "price": "510 g, $1.47/100g",
        "brand": "McCain",
        "image_url": "https://assets.shop.loblaws.ca/products/20310132002/b3/en/front/20310132002_front_a06_@2.png",
        "image_alt": "McCain Deep'n Delicious\u00ae Chocolate Cake 510 g, $1.47/100g",
        "price_product_tile": "$7.49$7.49"
    },
    {
        "id": 69,
        "name": "Chocolate Cupcake Filled with Chocolate Ice Cream",
        "price": "4x100.0 ml, $2.00/100ml",
        "brand": "President's Choice",
        "image_url": "https://assets.shop.loblaws.ca/products/21549040/b3/en/front/21549040_front_a06_@2.png",
        "image_alt": "President's Choice Chocolate Cupcake Filled with Chocolate Ice Cream 4x100.0 ml, $2.00/100ml",
        "price_product_tile": "$7.99$7.99"
    },
    {
        "id": 70,
        "name": "Cherry-Topped New York-Style Cheesecake",
        "price": "600 g, $1.83/100g",
        "brand": "President's Choice",
        "image_url": "https://assets.shop.loblaws.ca/products/20147627/b3/en/front/20147627_front_a06_@2.png",
        "image_alt": "President's Choice Cherry-Topped New York-Style Cheesecake 600 g, $1.83/100g",
        "price_product_tile": "$11.00$11.00"
    },
    {
        "id": 71,
        "name": "Chocolate Brownie Cheesecake with Ganache Topping",
        "price": "600 g, $1.83/100g",
        "brand": "President's Choice",
        "image_url": "https://assets.shop.loblaws.ca/products/20299699/b3/en/front/20299699_front_a06_@2.png",
        "image_alt": "President's Choice Chocolate Brownie Cheesecake with Ganache Topping 600 g, $1.83/100g",
        "price_product_tile": "$11.00$11.00"
    },
    {
        "id": 72,
        "name": "Deep'n Delicious\u00ae Coconut Vanilla Cake",
        "price": "510 g, $1.47/100g",
        "brand": "McCain",
        "image_url": "https://assets.shop.loblaws.ca/products/21165478/b3/en/front/21165478_front_a06_@2.png",
        "image_alt": "McCain Deep'n Delicious\u00ae Coconut Vanilla Cake 510 g, $1.47/100g",
        "price_product_tile": "$7.49$7.49"
    },
    {
        "id": 73,
        "name": "Muffin Bars Banana Chocolate Chip",
        "price": "296 g, $1.69/100g",
        "brand": "School Safe",
        "image_url": "https://assets.shop.loblaws.ca/products/21417380/b3/en/front/21417380_front_a06_@2.png",
        "image_alt": "School Safe Muffin Bars Banana Chocolate Chip 296 g, $1.69/100g",
        "price_product_tile": "$4.99$4.99"
    },
    {
        "id": 74,
        "name": "Little Bites\u2122 Party Cake Muffins",
        "price": "234 g, $2.13/100g",
        "brand": "Sara Lee",
        "image_url": "https://assets.shop.loblaws.ca/products/21403214/b3/en/front/21403214_front_a06_@2.png",
        "image_alt": "Sara Lee Little Bites\u2122 Party Cake Muffins 234 g, $2.13/100g",
        "price_product_tile": "$4.99$4.99"
    },
    {
        "id": 75,
        "name": "Vanilla  White Frosted",
        "price": "383 g, $0.00/100g",
        "brand": "Kimberley's Bakeshoppe",
        "image_url": "https://assets.shop.loblaws.ca/products/21389865/b3/en/front/21389865_front_a06_@2.png",
        "image_alt": "Kimberley's Bakeshoppe Vanilla  White Frosted 383 g, $0.00/100g",
        "price_product_tile": "$4.00$4.00"
    },
    {
        "id": 76,
        "name": "Rhubarb Strawberry Pie 10 Inch",
        "price": "1 kg, $0.75/100g",
        "brand": "Farmer's Market",
        "image_url": "https://assets.shop.loblaws.ca/products/21297366/b3/en/front/21297366_front_a06_@2.png",
        "image_alt": "Farmer's Market Rhubarb Strawberry Pie 10 Inch 1 kg, $0.75/100g",
        "price_product_tile": "$7.50$7.50"
    },
    {
        "id": 77,
        "name": "Blueberry Muffins",
        "price": "400 g, $1.00/100g",
        "brand": "No brand",
        "image_url": "https://assets.shop.loblaws.ca/products/21557835/b3/en/front/21557835_front_a06_@2.png",
        "image_alt": "null Blueberry Muffins 400 g, $1.00/100g",
        "price_product_tile": "$4.00$4.00"
    },
    {
        "id": 78,
        "name": "Galactic Brownies With Chocolate Candies",
        "price": "12x200.0 g, $1.75/100g",
        "brand": "Mr. Brownie",
        "image_url": "https://assets.shop.loblaws.ca/products/21522482/b3/en/front/21522482_front_a06_@2.png",
        "image_alt": "Mr. Brownie Galactic Brownies With Chocolate Candies 12x200.0 g, $1.75/100g",
        "price_product_tile": "$3.49$3.49"
    },
    {
        "id": 79,
        "name": "Brownie Bars",
        "price": "296 g, $1.69/100g",
        "brand": "School Safe",
        "image_url": "https://assets.shop.loblaws.ca/products/21363229/b3/en/front/21363229_front_a06_@2.png",
        "image_alt": "School Safe Brownie Bars  296 g, $1.69/100g",
        "price_product_tile": "$4.99$4.99"
    },
    {
        "id": 80,
        "name": "Oatmeal Raisin Cookies Gluten Free",
        "price": "350 g, $2.00/100g",
        "brand": "Paneriso",
        "image_url": "https://assets.shop.loblaws.ca/products/21516741/b3/en/front/21516741_front_a06_@2.png",
        "image_alt": "Paneriso Oatmeal Raisin Cookies Gluten Free 350 g, $2.00/100g",
        "price_product_tile": "$6.99$6.99"
    },
    {
        "id": 81,
        "name": "Bursting Blueberry",
        "price": "280 g, $1.78/100g",
        "brand": "School Safe",
        "image_url": "https://assets.shop.loblaws.ca/products/21529216/b3/en/front/21529216_front_a06_@2.png",
        "image_alt": "School Safe Bursting Blueberry 280 g, $1.78/100g",
        "price_product_tile": "$4.99$4.99"
    },
    {
        "id": 82,
        "name": "Double Decker New York-Style Cheesecake",
        "price": "600 g, $1.83/100g",
        "brand": "President's Choice",
        "image_url": "https://assets.shop.loblaws.ca/products/20287738/b3/en/front/20287738_front_a06_@2.png",
        "image_alt": "President's Choice Double Decker New York-Style Cheesecake 600 g, $1.83/100g",
        "price_product_tile": "$11.00$11.00"
    },
    {
        "id": 83,
        "name": "Deep'n Delicious\u00ae MINIS Chocolate Brownie Cake Cups",
        "price": "340 g, $2.20/100g",
        "brand": "McCain",
        "image_url": "https://assets.shop.loblaws.ca/products/21477842/b3/en/front/21477842_front_a06_@2.png",
        "image_alt": "McCain Deep'n Delicious\u00ae MINIS Chocolate Brownie Cake Cups 340 g, $2.20/100g",
        "price_product_tile": "$7.49$7.49"
    },
    {
        "id": 84,
        "name": "Pumpkin Muffins",
        "price": "600 g, $1.00/100g",
        "brand": "Farmer's Market",
        "image_url": "https://assets.shop.loblaws.ca/products/21283350/b3/en/front/21283350_front_a06_@2.png",
        "image_alt": "Farmer's Market Pumpkin Muffins 600 g, $1.00/100g",
        "price_product_tile": "$6.00$6.00"
    },
    {
        "id": 85,
        "name": "Punjabi Cookies",
        "price": "750 g, $0.73/100g",
        "brand": "Crispy",
        "image_url": "https://assets.shop.loblaws.ca/products/20041159/b3/en/front/20041159_front_a06_@2.png",
        "image_alt": "Crispy Punjabi Cookies 750 g, $0.73/100g",
        "price_product_tile": "$5.49$5.49"
    },
    {
        "id": 86,
        "name": "Glazed Donuts Chocolate Old Fashion",
        "price": "390 g, $1.15/100g",
        "brand": "Donut Time",
        "image_url": "https://assets.shop.loblaws.ca/products/21468964/b3/en/front/21468964_front_a06_@2.png",
        "image_alt": "Donut Time Glazed Donuts Chocolate Old Fashion 390 g, $1.15/100g",
        "price_product_tile": "$4.50$4.50"
    },
    {
        "id": 87,
        "name": "8\" Lemon Meringue Pie",
        "price": "635 g, $0.94/100g",
        "brand": "No brand",
        "image_url": "https://assets.shop.loblaws.ca/products/21353343/b3/en/front/21353343_front_a06_@2.png",
        "image_alt": "null 8\" Lemon Meringue Pie 635 g, $0.94/100g",
        "price_product_tile": "$6.00$6.00"
    },
    {
        "id": 88,
        "name": "Old Fashioned Apple Pie",
        "price": "114 g, $1.32/100g",
        "brand": "No brand",
        "image_url": "https://assets.shop.loblaws.ca/products/21345460/b3/en/front/21345460_front_a06_@2.png",
        "image_alt": "null Old Fashioned Apple Pie 114 g, $1.32/100g",
        "price_product_tile": "$1.50$1.50"
    },
    {
        "id": 89,
        "name": "Almond Cake Rusk",
        "price": "750 g, $0.67/100g",
        "brand": "Crispy",
        "image_url": "https://assets.shop.loblaws.ca/products/20814056/b3/en/front/20814056_front_a06_@2.png",
        "image_alt": "Crispy Almond Cake Rusk 750 g, $0.67/100g",
        "price_product_tile": "$4.99$4.99"
    },
    {
        "id": 90,
        "name": "6 Plain Donuts 250 g",
        "price": "250 g, $0.80/100g",
        "brand": "Donut Time",
        "image_url": "https://assets.shop.loblaws.ca/products/21342154/b3/en/front/21342154_front_a06_@2.png",
        "image_alt": "Donut Time 6 Plain Donuts 250 g 250 g, $0.80/100g",
        "price_product_tile": "$2.00$2.00"
    },
    {
        "id": 91,
        "name": "Coconut Cream Bun",
        "price": "90 g, $1.10/100g",
        "brand": "T&T",
        "image_url": "https://assets.shop.loblaws.ca/products/20332833/b3/en/front/20332833_front_a06_@2.png",
        "image_alt": "T&T Coconut Cream Bun 90 g, $1.10/100g",
        "price_product_tile": "$0.99$0.99"
    },
    {
        "id": 92,
        "name": "Punjabi Biscuits",
        "price": "1.13 kg, $0.57/100g",
        "brand": "Golden",
        "image_url": "https://assets.shop.loblaws.ca/products/20125852/b3/en/front/20125852_front_a06_@2.png",
        "image_alt": "Golden Punjabi Biscuits 1.13 kg, $0.57/100g",
        "price_product_tile": "$6.49$6.49"
    },
    {
        "id": 93,
        "name": "Apple Cinnamon Muffins",
        "price": "600 g, $1.00/100g",
        "brand": "Farmer's Market",
        "image_url": "https://assets.shop.loblaws.ca/products/21283349/b3/en/front/21283349_front_a06_@2.png",
        "image_alt": "Farmer's Market Apple Cinnamon Muffins 600 g, $1.00/100g",
        "price_product_tile": "$6.00$6.00"
    },
    {
        "id": 94,
        "name": "Wild Blueberry-Topped New York-Style Cheesecake",
        "price": "600 g, $1.83/100g",
        "brand": "President's Choice",
        "image_url": "https://assets.shop.loblaws.ca/products/20305400/b3/en/front/20305400_front_a06_@2.png",
        "image_alt": "President's Choice Wild Blueberry-Topped New York-Style Cheesecake 600 g, $1.83/100g",
        "price_product_tile": "$11.00$11.00"
    },
    {
        "id": 95,
        "name": "Di Manno Apple Pie",
        "price": "113 g, $1.11/100g",
        "brand": "No brand",
        "image_url": "https://assets.shop.loblaws.ca/products/20672627/b3/en/front/20672627_front_a06_@2.png",
        "image_alt": "null Di Manno Apple Pie 113 g, $1.11/100g",
        "price_product_tile": "$1.25$1.25"
    },
    {
        "id": 96,
        "name": "Blueberry Pie 10 Inch",
        "price": "1 kg, $0.75/100g",
        "brand": "Farmer's Market",
        "image_url": "https://assets.shop.loblaws.ca/products/21297362/b3/en/front/21297362_front_a06_@2.png",
        "image_alt": "Farmer's Market Blueberry Pie 10 Inch 1 kg, $0.75/100g",
        "price_product_tile": "$7.50$7.50"
    },
    {
        "id": 97,
        "name": "Butter Tart Muffin, 6 Pack",
        "price": "600 g, $1.00/100g",
        "brand": "FGF",
        "image_url": "https://assets.shop.loblaws.ca/products/21242898/b3/en/front/21242898_front_a06_@2.png",
        "image_alt": "FGF Butter Tart Muffin, 6 Pack 600 g, $1.00/100g",
        "price_product_tile": "$6.00$6.00"
    },
    {
        "id": 98,
        "name": "Treat Shop Cookies Thumbprint",
        "price": "298 g, $1.68/100g",
        "brand": "No brand",
        "image_url": "https://assets.shop.loblaws.ca/products/21590365/b3/en/front/21590365_front_a06_@2.png",
        "image_alt": "null Treat Shop Cookies Thumbprint 298 g, $1.68/100g",
        "price_product_tile": "$5.00$5.00"
    },
    {
        "id": 99,
        "name": "Raspberry Tarts 12 Pack",
        "price": "327 g, $1.53/100g",
        "brand": "two-bite",
        "image_url": "https://assets.shop.loblaws.ca/products/21099439/b3/en/front/21099439_front_a06_@2.png",
        "image_alt": "two-bite Raspberry Tarts 12 Pack 327 g, $1.53/100g",
        "price_product_tile": "$5.00$5.00"
    },
    {
        "id": 100,
        "name": "Gourmet Cinnamon Rolls With Cream Cheese Frosting",
        "price": "840 g, $1.07/100g",
        "brand": "No brand",
        "image_url": "https://assets.shop.loblaws.ca/products/21446869/b3/en/front/21446869_front_a06_@2.png",
        "image_alt": "null Gourmet Cinnamon Rolls With Cream Cheese Frosting 840 g, $1.07/100g",
        "price_product_tile": "$9.00$9.00"
    },
    {
        "id": 101,
        "name": "Apple Filled Croissant",
        "price": "272 g, $1.84/100g",
        "brand": "No brand",
        "image_url": "https://assets.shop.loblaws.ca/products/21570662/b3/en/front/21570662_front_a06_@2.png",
        "image_alt": "null Apple Filled Croissant 272 g, $1.84/100g",
        "price_product_tile": "$5.00$5.00"
    },
    {
        "id": 102,
        "name": "Butter Tarts Raisin",
        "price": "765 g, $0.92/100g",
        "brand": "Grandmother's Bake Shoppe",
        "image_url": "https://assets.shop.loblaws.ca/products/21493634/b3/en/front/21493634_front_a06_@2.png",
        "image_alt": "Grandmother's Bake Shoppe Butter Tarts Raisin 765 g, $0.92/100g",
        "price_product_tile": "$7.00$7.00"
    },
    {
        "id": 103,
        "name": "Banana Nut Muffins",
        "price": "400 g, $1.00/100g",
        "brand": "No brand",
        "image_url": "https://assets.shop.loblaws.ca/products/21557904/b3/en/front/21557904_front_a06_@2.png",
        "image_alt": "null Banana Nut Muffins 400 g, $1.00/100g",
        "price_product_tile": "$4.00$4.00"
    },
    {
        "id": 104,
        "name": "Coconut Short Bread Cookie",
        "price": "0.35 kg, $1.14/100g",
        "brand": "Crispy",
        "image_url": "https://assets.shop.loblaws.ca/products/20820643/b3/en/front/20820643_front_a06_@2.png",
        "image_alt": "Crispy Coconut Short Bread Cookie 0.35 kg, $1.14/100g",
        "price_product_tile": "$3.99$3.99"
    },
    {
        "id": 105,
        "name": "Vegetarian Cookies",
        "price": "800 g, $0.69/100g",
        "brand": "Crispy",
        "image_url": "https://assets.shop.loblaws.ca/products/20012495/b3/en/front/20012495_front_a06_@2.png",
        "image_alt": "Crispy Vegetarian Cookies 800 g, $0.69/100g",
        "price_product_tile": "$5.49$5.49"
    },
    {
        "id": 106,
        "name": "Baklava Traditional",
        "price": "400 g, $2.25/100g",
        "brand": "Delcato",
        "image_url": "https://assets.shop.loblaws.ca/products/21160129/b3/en/front/21160129_front_a06_@2.png",
        "image_alt": "Delcato Baklava Traditional 400 g, $2.25/100g",
        "price_product_tile": "$8.99$8.99"
    },
    {
        "id": 107,
        "name": "Tea Rusk",
        "price": "200 g, $1.00/100g",
        "brand": "Crispy",
        "image_url": "https://assets.shop.loblaws.ca/products/20121530/b3/en/front/20121530_front_a06_@2.png",
        "image_alt": "Crispy Tea Rusk 200 g, $1.00/100g",
        "price_product_tile": "$1.99$1.99"
    },
    {
        "id": 108,
        "name": "Mini Apple & Raspberry Strudel",
        "price": "792 g, $0.76/100g",
        "brand": "No brand",
        "image_url": "https://assets.shop.loblaws.ca/products/21549532/b3/en/front/21549532_front_a06_@2.png",
        "image_alt": "null Mini Apple & Raspberry Strudel 792 g, $0.76/100g",
        "price_product_tile": "$6.00$6.00"
    },
    {
        "id": 109,
        "name": "Flake Outs\u2122 Double Chocolate Croissant Donuts",
        "price": "224 g, $3.13/100g",
        "brand": "President's Choice",
        "image_url": "https://assets.shop.loblaws.ca/products/21590229/b3/en/front/21590229_front_a06_@2.png",
        "image_alt": "President's Choice Flake Outs\u2122 Double Chocolate Croissant Donuts 224 g, $3.13/100g",
        "price_product_tile": "$7.00$7.00"
    },
    {
        "id": 110,
        "name": "6 Glazed Donuts 250 g",
        "price": "250 g, $0.80/100g",
        "brand": "Donut Time",
        "image_url": "https://assets.shop.loblaws.ca/products/21342096/b3/en/front/21342096_front_a06_@2.png",
        "image_alt": "Donut Time 6 Glazed Donuts 250 g 250 g, $0.80/100g",
        "price_product_tile": "$2.00$2.00"
    },
    {
        "id": 111,
        "name": "Cherry Pie 8 Inch",
        "price": "550 g, $0.82/100g",
        "brand": "Old Mill",
        "image_url": "https://assets.shop.loblaws.ca/products/21339521/b3/en/front/21339521_front_a06_@2.png",
        "image_alt": "Old Mill Cherry Pie 8 Inch 550 g, $0.82/100g",
        "price_product_tile": "$4.50$4.50"
    },
    {
        "id": 112,
        "name": "Frostovers\u2122 Apple Toffee Hand Pies",
        "price": "150 g, $1.33/100g",
        "brand": "President's Choice",
        "image_url": "https://assets.shop.loblaws.ca/products/21588524/b3/en/front/21588524_front_a06_@2.png",
        "image_alt": "President's Choice Frostovers\u2122 Apple Toffee Hand Pies 150 g, $1.33/100g",
        "price_product_tile": "$2.00$2.00"
    },
    {
        "id": 113,
        "name": "Old Fashion Glazed Donuts",
        "price": "390 g, $1.15/100g",
        "brand": "Donut Time",
        "image_url": "https://assets.shop.loblaws.ca/products/21468892/b3/en/front/21468892_front_a06_@2.png",
        "image_alt": "Donut Time Old Fashion Glazed Donuts 390 g, $1.15/100g",
        "price_product_tile": "$4.50$4.50"
    },
    {
        "id": 114,
        "name": "Chocolate Brownie",
        "price": "144 g, $2.08/100g",
        "brand": "Weight Watchers",
        "image_url": "https://assets.shop.loblaws.ca/products/20846250/b3/en/front/20846250_front_a06_@2.png",
        "image_alt": "Weight Watchers Chocolate Brownie 144 g, $2.08/100g",
        "price_product_tile": "$2.99$2.99"
    },
    {
        "id": 115,
        "name": "Hawaiian Donuts",
        "price": "450 g, $0.67/100g",
        "brand": "Annettes",
        "image_url": "https://assets.shop.loblaws.ca/products/20874207/b3/en/front/20874207_front_a06_@2.png",
        "image_alt": "Annettes Hawaiian Donuts 450 g, $0.67/100g",
        "price_product_tile": "$3.00$3.00"
    },
    {
        "id": 116,
        "name": "Spicy Savoury Snack Masala Para",
        "price": "360 g, $1.16/100g",
        "brand": "Crispy",
        "image_url": "https://assets.shop.loblaws.ca/products/21546419/b3/en/front/21546419_front_a06_@2.png",
        "image_alt": "Crispy Spicy Savoury Snack Masala Para 360 g, $1.16/100g",
        "price_product_tile": "$4.19$4.19"
    },
    {
        "id": 117,
        "name": "Cumin/Zeera Short Bread Cookie",
        "price": "0.35 kg, $1.14/100g",
        "brand": "Crispy",
        "image_url": "https://assets.shop.loblaws.ca/products/20820650/b3/en/front/20820650_front_a06_@2.png",
        "image_alt": "Crispy Cumin/Zeera Short Bread Cookie 0.35 kg, $1.14/100g",
        "price_product_tile": "$3.99$3.99"
    },
    {
        "id": 118,
        "name": "Almond Cookies",
        "price": "304 g, $1.29/100g",
        "brand": "T&T",
        "image_url": "https://assets.shop.loblaws.ca/products/20663391/b3/en/front/20663391_front_a06_@2.png",
        "image_alt": "T&T Almond Cookies 304 g, $1.29/100g",
        "price_product_tile": "$3.49$3.49"
    },
    {
        "id": 119,
        "name": "Punjabi Biscuits Sooji Semolina",
        "price": "1.136 kg, $0.62/100g",
        "brand": "Surati",
        "image_url": "https://assets.shop.loblaws.ca/products/20695092/b3/en/front/20695092_front_a06_@2.png",
        "image_alt": "Surati Punjabi Biscuits Sooji Semolina 1.136 kg, $0.62/100g",
        "price_product_tile": "$6.99$6.99"
    },
    {
        "id": 120,
        "name": "Vanilla Valentine Cake",
        "price": "312 g, $0.80/100g",
        "brand": "Little Debbie",
        "image_url": "https://assets.shop.loblaws.ca/products/20853875/b3/en/front/20853875_front_a06_@2.png",
        "image_alt": "Little Debbie Vanilla Valentine Cake 312 g, $0.80/100g",
        "price_product_tile": "$2.49$2.49"
    },
    {
        "id": 121,
        "name": "Petit Fours Gourmet Assorted",
        "price": "410 g, $2.68/100g",
        "brand": "Delcato",
        "image_url": "https://assets.shop.loblaws.ca/products/21194161/b3/en/front/21194161_front_a06_@2.png",
        "image_alt": "Delcato Petit Fours Gourmet Assorted 410 g, $2.68/100g",
        "price_product_tile": "$11.00$11.00"
    },
    {
        "id": 122,
        "name": "Peanut Butter Cookies",
        "price": "798 g, $1.00/100g",
        "brand": "Farmer's Market",
        "image_url": "https://assets.shop.loblaws.ca/products/20752916/b3/en/front/20752916_front_a06_@2.png",
        "image_alt": "Farmer's Market Peanut Butter Cookies 798 g, $1.00/100g",
        "price_product_tile": "$8.00$8.00"
    },
    {
        "id": 123,
        "name": "S'mores Cream Pie",
        "price": "730 g, $1.64/100g",
        "brand": "President's Choice",
        "image_url": "https://assets.shop.loblaws.ca/products/21574358/b3/en/front/21574358_front_a06_@2.png",
        "image_alt": "President's Choice S'mores Cream Pie  730 g, $1.64/100g",
        "price_product_tile": "$11.99$11.99"
    },
    {
        "id": 124,
        "name": "T&S Shortbread Cookies Pk 12",
        "price": "372 g, $1.61/100g",
        "brand": "Farmer's Market",
        "image_url": "https://assets.shop.loblaws.ca/products/20725781/b3/en/front/20725781_front_a06_@2.png",
        "image_alt": "Farmer's Market T&S Shortbread Cookies Pk 12   372 g, $1.61/100g",
        "price_product_tile": "$6.00$6.00"
    },
    {
        "id": 125,
        "name": "Deep'n Delicious\u00ae MINIS Cookie Crumble Cake Cups",
        "price": "340 g, $2.20/100g",
        "brand": "McCain",
        "image_url": "https://assets.shop.loblaws.ca/products/21477873/b3/en/front/21477873_front_a06_@2.png",
        "image_alt": "McCain Deep'n Delicious\u00ae MINIS Cookie Crumble Cake Cups 340 g, $2.20/100g",
        "price_product_tile": "$7.49$7.49"
    },
    {
        "id": 126,
        "name": "Jalebi",
        "price": "370 g, $1.08/100g",
        "brand": "Bikaner",
        "image_url": "https://assets.shop.loblaws.ca/products/21014747/b3/en/front/21014747_front_a06_@2.png",
        "image_alt": "Bikaner Jalebi 370 g, $1.08/100g",
        "price_product_tile": "$3.99$3.99"
    },
    {
        "id": 127,
        "name": "Chocolate Rainbow Sprinkle Donuts",
        "price": "360 g, $1.39/100g",
        "brand": "No brand",
        "image_url": "https://assets.shop.loblaws.ca/products/21608752/b3/en/front/21608752_front_a06_@2.png",
        "image_alt": "null Chocolate Rainbow Sprinkle Donuts 360 g, $1.39/100g",
        "price_product_tile": "$5.00$5.00"
    },
    {
        "id": 128,
        "name": "Pumpkin Pie 10 Inch",
        "price": "900 g, $0.83/100g",
        "brand": "Farmer's Market",
        "image_url": "https://assets.shop.loblaws.ca/products/21297365/b3/en/front/21297365_front_a06_@2.png",
        "image_alt": "Farmer's Market Pumpkin Pie 10 Inch 900 g, $0.83/100g",
        "price_product_tile": "$7.50$7.50"
    },
    {
        "id": 129,
        "name": "Almond cookies",
        "price": "304 g, $1.31/100g",
        "brand": "T&T",
        "image_url": "https://assets.shop.loblaws.ca/products/21049626/b3/en/front/21049626_front_a06_@2.png",
        "image_alt": "T&T Almond cookies 304 g, $1.31/100g",
        "price_product_tile": "$3.99$3.99"
    },
    {
        "id": 130,
        "name": "Chocolate Boston Cream Donuts",
        "price": "480 g, $1.04/100g",
        "brand": "No brand",
        "image_url": "https://assets.shop.loblaws.ca/products/21608758/b3/en/front/21608758_front_a06_@2.png",
        "image_alt": "null Chocolate Boston Cream Donuts 480 g, $1.04/100g",
        "price_product_tile": "$5.00$5.00"
    },
    {
        "id": 131,
        "name": "Muffins Strawberry",
        "price": "600 g, $1.00/100g",
        "brand": "Farmer's Market",
        "image_url": "https://assets.shop.loblaws.ca/products/21283348/b3/en/front/21283348_front_a06_@2.png",
        "image_alt": "Farmer's Market Muffins Strawberry      600 g, $1.00/100g",
        "price_product_tile": "$6.00$6.00"
    },
    {
        "id": 132,
        "name": "Macaroons",
        "price": "350 g, $1.57/100g",
        "brand": "Farmer's Market",
        "image_url": "https://assets.shop.loblaws.ca/products/20323572/b3/en/front/20323572_front_a06_@2.png",
        "image_alt": "Farmer's Market Macaroons 350 g, $1.57/100g",
        "price_product_tile": "$5.50$5.50"
    },
    {
        "id": 133,
        "name": "Key Lime Pie",
        "price": "730 g, $1.64/100g",
        "brand": "President's Choice",
        "image_url": "https://assets.shop.loblaws.ca/products/21586299/b3/en/front/21586299_front_a06_@2.png",
        "image_alt": "President's Choice Key Lime Pie 730 g, $1.64/100g",
        "price_product_tile": "$11.99$11.99"
    },
    {
        "id": 134,
        "name": "Cherry Pie 10 Inch",
        "price": "1 kg, $0.75/100g",
        "brand": "Farmer's Market",
        "image_url": "https://assets.shop.loblaws.ca/products/21297334/b3/en/front/21297334_front_a06_@2.png",
        "image_alt": "Farmer's Market Cherry Pie 10 Inch 1 kg, $0.75/100g",
        "price_product_tile": "$7.50$7.50"
    },
    {
        "id": 135,
        "name": "Profiteroles",
        "price": "625 g, $2.24/100g",
        "brand": "President's Choice",
        "image_url": "https://assets.shop.loblaws.ca/products/20079202/b3/en/front/20079202_front_a06_@2.png",
        "image_alt": "President's Choice Profiteroles 625 g, $2.24/100g",
        "price_product_tile": "$13.99$13.99"
    },
    {
        "id": 136,
        "name": "Lemon Poppy Seed Muffins",
        "price": "400 g, $1.00/100g",
        "brand": "No brand",
        "image_url": "https://assets.shop.loblaws.ca/products/21557676/b3/en/front/21557676_front_a06_@2.png",
        "image_alt": "null Lemon Poppy Seed Muffins 400 g, $1.00/100g",
        "price_product_tile": "$4.00$4.00"
    },
    {
        "id": 137,
        "name": "Pecan Tarts",
        "price": "765 g, $0.92/100g",
        "brand": "Grandmother's Bake Shoppe",
        "image_url": "https://assets.shop.loblaws.ca/products/21494009/b3/en/front/21494009_front_a06_@2.png",
        "image_alt": "Grandmother's Bake Shoppe Pecan Tarts 765 g, $0.92/100g",
        "price_product_tile": "$7.00$7.00"
    },
    {
        "id": 138,
        "name": "Deep'n Delicious\u00ae Marble Cake",
        "price": "510 g, $1.47/100g",
        "brand": "McCain",
        "image_url": "https://assets.shop.loblaws.ca/products/20310132001/b3/en/front/20310132001_front_a06_@2.png",
        "image_alt": "McCain Deep'n Delicious\u00ae Marble Cake 510 g, $1.47/100g",
        "price_product_tile": "$7.49$7.49"
    },
    {
        "id": 139,
        "name": "Blueberry Muffins",
        "price": "372 g, $1.88/100g",
        "brand": "Paneriso",
        "image_url": "https://assets.shop.loblaws.ca/products/21517500/b3/en/front/21517500_front_a06_@2.png",
        "image_alt": "Paneriso Blueberry Muffins 372 g, $1.88/100g",
        "price_product_tile": "$6.99$6.99"
    },
    {
        "id": 140,
        "name": "Vanilla Frosted Strawberry Cookies",
        "price": "383 g, $1.04/100g",
        "brand": "Kimberley's Bakeshoppe",
        "image_url": "https://assets.shop.loblaws.ca/products/21178171/b3/en/front/21178171_front_a06_@2.png",
        "image_alt": "Kimberley's Bakeshoppe Vanilla Frosted Strawberry Cookies 383 g, $1.04/100g",
        "price_product_tile": "$4.00$4.00"
    },
    {
        "id": 141,
        "name": "Frosted Sugar Cookies, Maple",
        "price": "383 g, $1.04/100g",
        "brand": "Kimberley's Bakeshoppe",
        "image_url": "https://assets.shop.loblaws.ca/products/21221358/b3/en/front/21221358_front_a06_@2.png",
        "image_alt": "Kimberley's Bakeshoppe Frosted Sugar Cookies, Maple 383 g, $1.04/100g",
        "price_product_tile": "$4.00$4.00"
    },
    {
        "id": 142,
        "name": "Almond Honey Cookie",
        "price": "0.35 kg, $1.14/100g",
        "brand": "Crispy",
        "image_url": "https://assets.shop.loblaws.ca/products/20820419/b3/en/front/20820419_front_a06_@2.png",
        "image_alt": "Crispy Almond Honey Cookie 0.35 kg, $1.14/100g",
        "price_product_tile": "$3.99$3.99"
    },
    {
        "id": 143,
        "name": "Namak Para Snacks, Spicy",
        "price": "360 g, $0.97/100g",
        "brand": "United National",
        "image_url": "https://assets.shop.loblaws.ca/products/20305966001/b3/en/front/20305966001_front_a06_@2.png",
        "image_alt": "United National Namak Para Snacks, Spicy 360 g, $0.97/100g",
        "price_product_tile": "$3.49$3.49"
    },
    {
        "id": 144,
        "name": "Fudge Square",
        "price": "400 g, $1.38/100g",
        "brand": "Farmer's Market",
        "image_url": "https://assets.shop.loblaws.ca/products/21216499/b3/en/front/21216499_front_a06_@2.png",
        "image_alt": "Farmer's Market Fudge Square 400 g, $1.38/100g",
        "price_product_tile": "$5.50$5.50"
    },
    {
        "id": 145,
        "name": "Old Fashioned Wild Blueberry Pie",
        "price": "114 g, $1.32/100g",
        "brand": "No brand",
        "image_url": "https://assets.shop.loblaws.ca/products/21345436/b3/en/front/21345436_front_a06_@2.png",
        "image_alt": "null Old Fashioned Wild Blueberry Pie 114 g, $1.32/100g",
        "price_product_tile": "$1.50$1.50"
    },
    {
        "id": 146,
        "name": "Custard Bun",
        "price": "90 g, $1.66/100g",
        "brand": "T&T",
        "image_url": "https://assets.shop.loblaws.ca/products/21475598/b3/en/front/21475598_front_a06_@2.png",
        "image_alt": "T&T Custard Bun 90 g, $1.66/100g",
        "price_product_tile": "$1.49$1.49"
    },
    {
        "id": 147,
        "name": "Cookies Oatmeal",
        "price": "456 g, $1.32/100g",
        "brand": "Farmer's Market",
        "image_url": "https://assets.shop.loblaws.ca/products/20566772/b3/en/front/20566772_front_a06_@2.png",
        "image_alt": "Farmer's Market Cookies Oatmeal 456 g, $1.32/100g",
        "price_product_tile": "$6.00$6.00"
    },
    {
        "id": 148,
        "name": "Nanaimo Square",
        "price": "400 g, $1.38/100g",
        "brand": "Farmer's Market",
        "image_url": "https://assets.shop.loblaws.ca/products/21216501/b3/en/front/21216501_front_a06_@2.png",
        "image_alt": "Farmer's Market Nanaimo Square 400 g, $1.38/100g",
        "price_product_tile": "$5.50$5.50"
    },
    {
        "id": 149,
        "name": "Cherry Triangle Turnover",
        "price": "588 g, $0.94/100g",
        "brand": "United Bakery",
        "image_url": "https://assets.shop.loblaws.ca/products/21575974/b3/en/front/21575974_front_a06_@2.png",
        "image_alt": "United Bakery Cherry Triangle Turnover 588 g, $0.94/100g",
        "price_product_tile": "$5.50$5.50"
    },
    {
        "id": 150,
        "name": "Butter Tarts",
        "price": "765 g, $0.92/100g",
        "brand": "Farmer's Market",
        "image_url": "https://assets.shop.loblaws.ca/products/21364696/b3/en/front/21364696_front_a06_@2.png",
        "image_alt": "Farmer's Market Butter Tarts 765 g, $0.92/100g",
        "price_product_tile": "$7.00$7.00"
    },
    {
        "id": 151,
        "name": "Frostovers\u2122 Lemon Blueberry Hand Pies",
        "price": "150 g, $1.33/100g",
        "brand": "President's Choice",
        "image_url": "https://assets.shop.loblaws.ca/products/21588644/b3/en/front/21588644_front_a06_@2.png",
        "image_alt": "President's Choice Frostovers\u2122 Lemon Blueberry Hand Pies 150 g, $1.33/100g",
        "price_product_tile": "$2.00$2.00"
    },
    {
        "id": 152,
        "name": "Lemon Squares",
        "price": "400 g, $1.38/100g",
        "brand": "Farmer's Market",
        "image_url": "https://assets.shop.loblaws.ca/products/21216523/b3/en/front/21216523_front_a06_@2.png",
        "image_alt": "Farmer's Market Lemon Squares 400 g, $1.38/100g",
        "price_product_tile": "$5.50$5.50"
    },
    {
        "id": 153,
        "name": "Apple Turnover",
        "price": "825 g, $0.73/100g",
        "brand": "No brand",
        "image_url": "https://assets.shop.loblaws.ca/products/21549582/b3/en/front/21549582_front_a06_@2.png",
        "image_alt": "null Apple Turnover 825 g, $0.73/100g",
        "price_product_tile": "$6.00$6.00"
    },
    {
        "id": 154,
        "name": "Pecan Pie 9 Inch",
        "price": "580 g, $1.29/100g",
        "brand": "Farmer's Market",
        "image_url": "https://assets.shop.loblaws.ca/products/21297359/b3/en/front/21297359_front_a06_@2.png",
        "image_alt": "Farmer's Market Pecan Pie 9 Inch 580 g, $1.29/100g",
        "price_product_tile": "$7.50$7.50"
    },
    {
        "id": 155,
        "name": "6 Sugar Donuts 250 g",
        "price": "250 g, $0.80/100g",
        "brand": "Donut Time",
        "image_url": "https://assets.shop.loblaws.ca/products/21342108/b3/en/front/21342108_front_a06_@2.png",
        "image_alt": "Donut Time 6 Sugar Donuts 250 g 250 g, $0.80/100g",
        "price_product_tile": "$2.00$2.00"
    },
    {
        "id": 156,
        "name": "Old Fashioned Lemon Pie",
        "price": "114 g, $1.32/100g",
        "brand": "No brand",
        "image_url": "https://assets.shop.loblaws.ca/products/21345421/b3/en/front/21345421_front_a06_@2.png",
        "image_alt": "null Old Fashioned Lemon Pie  114 g, $1.32/100g",
        "price_product_tile": "$1.50$1.50"
    },
    {
        "id": 157,
        "name": "Eggless Cake Rusk",
        "price": "750 g, $0.53/100g",
        "brand": "Crispy",
        "image_url": "https://assets.shop.loblaws.ca/products/21268674/b3/en/front/21268674_front_a06_@2.png",
        "image_alt": "Crispy Eggless Cake Rusk 750 g, $0.53/100g",
        "price_product_tile": "$3.99$3.99"
    },
    {
        "id": 158,
        "name": "Peanut Butter Brownie Bliss Mini Brownies",
        "price": "126 g, $2.37/100g",
        "brand": "Weight Watchers",
        "image_url": "https://assets.shop.loblaws.ca/products/20742059/b3/en/front/20742059_front_a06_@2.png",
        "image_alt": "Weight Watchers Peanut Butter Brownie Bliss Mini Brownies 126 g, $2.37/100g",
        "price_product_tile": "$2.99$2.99"
    },
    {
        "id": 159,
        "name": "Apple Crisp",
        "price": "650 g, $1.23/100g",
        "brand": "President's Choice",
        "image_url": "https://assets.shop.loblaws.ca/products/20052268/b3/en/front/20052268_front_a06_@2.png",
        "image_alt": "President's Choice Apple Crisp 650 g, $1.23/100g",
        "price_product_tile": "$7.99$7.99"
    },
    {
        "id": 160,
        "name": "Muffin Bars Birthday Cake",
        "price": "296 g, $1.69/100g",
        "brand": "School Safe",
        "image_url": "https://assets.shop.loblaws.ca/products/21363224/b3/en/front/21363224_front_a06_@2.png",
        "image_alt": "School Safe Muffin Bars Birthday Cake 296 g, $1.69/100g",
        "price_product_tile": "$4.99$4.99"
    },
    {
        "id": 161,
        "name": "Pumpkin Pie 8\"",
        "price": "450 g, $1.00/100g",
        "brand": "Old Mill",
        "image_url": "https://assets.shop.loblaws.ca/products/21339518/b3/en/front/21339518_front_a06_@2.png",
        "image_alt": "Old Mill Pumpkin Pie 8\" 450 g, $1.00/100g",
        "price_product_tile": "$4.50$4.50"
    },
    {
        "id": 162,
        "name": "Treat Shop Sweet Middles Carrot",
        "price": "220 g, $2.27/100g",
        "brand": "No brand",
        "image_url": "https://assets.shop.loblaws.ca/products/21590407/b3/en/front/21590407_front_a06_@2.png",
        "image_alt": "null Treat Shop Sweet Middles Carrot 220 g, $2.27/100g",
        "price_product_tile": "$5.00$5.00"
    },
    {
        "id": 163,
        "name": "Sliced Cheesecake Selection, 12 slices",
        "price": "1 kg, $1.90/100g",
        "brand": "President's Choice",
        "image_url": "https://assets.shop.loblaws.ca/products/20599530/b3/en/front/20599530_front_a06_@2.png",
        "image_alt": "President's Choice Sliced Cheesecake Selection, 12 slices 1 kg, $1.90/100g",
        "price_product_tile": "$19.00$19.00"
    },
    {
        "id": 164,
        "name": "Di Manno Cherry Pie",
        "price": "113 g, $1.11/100g",
        "brand": "Villa Di Manno",
        "image_url": "https://assets.shop.loblaws.ca/products/21021823/b3/en/front/21021823_front_a06_@2.png",
        "image_alt": "Villa Di Manno Di Manno Cherry Pie 113 g, $1.11/100g",
        "price_product_tile": "$1.25$1.25"
    },
    {
        "id": 165,
        "name": "Coconut Cream Pie",
        "price": "730 g, $1.64/100g",
        "brand": "President's Choice",
        "image_url": "https://assets.shop.loblaws.ca/products/21586363/b3/en/front/21586363_front_a06_@2.png",
        "image_alt": "President's Choice Coconut Cream Pie 730 g, $1.64/100g",
        "price_product_tile": "$11.99$11.99"
    },
    {
        "id": 166,
        "name": "Mini Donuts Cinnamon",
        "price": "269 g, $1.67/100g",
        "brand": "Hostess",
        "image_url": "https://assets.shop.loblaws.ca/products/21572617/b3/en/front/21572617_front_a06_@2.png",
        "image_alt": "Hostess Mini Donuts Cinnamon 269 g, $1.67/100g",
        "price_product_tile": "$4.49$4.49"
    },
    {
        "id": 167,
        "name": "Chocolate Brownies",
        "price": "12x200.0 g, $1.75/100g",
        "brand": "Mr. Brownie",
        "image_url": "https://assets.shop.loblaws.ca/products/21522489/b3/en/front/21522489_front_a06_@2.png",
        "image_alt": "Mr. Brownie Chocolate Brownies 12x200.0 g, $1.75/100g",
        "price_product_tile": "$3.49$3.49"
    },
    {
        "id": 168,
        "name": "Apple Blossoms",
        "price": "228 g, $1.97/100g",
        "brand": "President's Choice",
        "image_url": "https://assets.shop.loblaws.ca/products/20800530/b3/en/front/20800530_front_a06_@2.png",
        "image_alt": "President's Choice Apple Blossoms 228 g, $1.97/100g",
        "price_product_tile": "$4.49$4.49"
    },
    {
        "id": 169,
        "name": "Apple Fritter Donuts",
        "price": "400 g, $1.25/100g",
        "brand": "No brand",
        "image_url": "https://assets.shop.loblaws.ca/products/21608446/b3/en/front/21608446_front_a06_@2.png",
        "image_alt": "null Apple Fritter Donuts 400 g, $1.25/100g",
        "price_product_tile": "$5.00$5.00"
    },
    {
        "id": 170,
        "name": "Banana Chocolate Chip Muffins",
        "price": "372 g, $1.88/100g",
        "brand": "Paneriso",
        "image_url": "https://assets.shop.loblaws.ca/products/21517481/b3/en/front/21517481_front_a06_@2.png",
        "image_alt": "Paneriso Banana Chocolate Chip Muffins 372 g, $1.88/100g",
        "price_product_tile": "$6.99$6.99"
    },
    {
        "id": 171,
        "name": "Di Manno Blackberry Pie",
        "price": "113 g, $1.11/100g",
        "brand": "No brand",
        "image_url": "https://assets.shop.loblaws.ca/products/20672821/b3/en/front/20672821_front_a06_@2.png",
        "image_alt": "null Di Manno Blackberry Pie 113 g, $1.11/100g",
        "price_product_tile": "$1.25$1.25"
    },
    {
        "id": 172,
        "name": "Cashew Short Bread Cookie",
        "price": "0.3 kg, $1.14/100g",
        "brand": "Crispy",
        "image_url": "https://assets.shop.loblaws.ca/products/20820681/b3/en/front/20820681_front_a06_@2.png",
        "image_alt": "Crispy Cashew Short Bread Cookie 0.3 kg, $1.14/100g",
        "price_product_tile": "$3.99$3.99"
    },
    {
        "id": 173,
        "name": "Flake Outs\u2122 Blueberry Crumble Croissant Donuts",
        "price": "224 g, $3.13/100g",
        "brand": "President's Choice",
        "image_url": "https://assets.shop.loblaws.ca/products/21590392/b3/en/front/21590392_front_a06_@2.png",
        "image_alt": "President's Choice Flake Outs\u2122 Blueberry Crumble Croissant Donuts 224 g, $3.13/100g",
        "price_product_tile": "$7.00$7.00"
    },
    {
        "id": 174,
        "name": "Cake Rusk",
        "price": "650 g, $0.77/100g",
        "brand": "Crispy",
        "image_url": "https://assets.shop.loblaws.ca/products/20418926/b3/en/front/20418926_front_a06_@2.png",
        "image_alt": "Crispy Cake Rusk 650 g, $0.77/100g",
        "price_product_tile": "$4.99$4.99"
    },
    {
        "id": 175,
        "name": "Pani Puri",
        "price": "200 g, $2.25/100g",
        "brand": "Crispy",
        "image_url": "https://assets.shop.loblaws.ca/products/21443493/b3/en/front/21443493_front_a06_@2.png",
        "image_alt": "Crispy Pani Puri 200 g, $2.25/100g",
        "price_product_tile": "$4.49$4.49"
    },
    {
        "id": 176,
        "name": "Treat Shop Chocolate Chip Sandwich Cookies",
        "price": "213 g, $2.35/100g",
        "brand": "No brand",
        "image_url": "https://assets.shop.loblaws.ca/products/21590949/b3/en/front/21590949_front_a06_@2.png",
        "image_alt": "null Treat Shop Chocolate Chip Sandwich Cookies 213 g, $2.35/100g",
        "price_product_tile": "$5.00$5.00"
    },
    {
        "id": 177,
        "name": "Apple Triangle Turnover",
        "price": "588 g, $0.94/100g",
        "brand": "United Bakery",
        "image_url": "https://assets.shop.loblaws.ca/products/21570131/b3/en/front/21570131_front_a06_@2.png",
        "image_alt": "United Bakery Apple Triangle Turnover 588 g, $0.94/100g",
        "price_product_tile": "$5.50$5.50"
    },
    {
        "id": 178,
        "name": "Namak Para",
        "price": "360 g, $1.11/100g",
        "brand": "Crispy",
        "image_url": "https://assets.shop.loblaws.ca/products/21443491/b3/en/front/21443491_front_a06_@2.png",
        "image_alt": "Crispy Namak Para 360 g, $1.11/100g",
        "price_product_tile": "$3.99$3.99"
    },
    {
        "id": 179,
        "name": "Frostovers\u2122 Double Chocolate Hand Pies",
        "price": "150 g, $1.33/100g",
        "brand": "President's Choice",
        "image_url": "https://assets.shop.loblaws.ca/products/21588459/b3/en/front/21588459_front_a06_@2.png",
        "image_alt": "President's Choice Frostovers\u2122 Double Chocolate Hand Pies 150 g, $1.33/100g",
        "price_product_tile": "$2.00$2.00"
    },
    {
        "id": 180,
        "name": "Original New York- Style Cheesecake",
        "price": "600 g, $1.83/100g",
        "brand": "President's Choice",
        "image_url": "https://assets.shop.loblaws.ca/products/20318102/b3/en/front/20318102_front_a06_@2.png",
        "image_alt": "President's Choice Original New York- Style Cheesecake 600 g, $1.83/100g",
        "price_product_tile": "$11.00$11.00"
    },
    {
        "id": 181,
        "name": "Raspberry Filled Croissant",
        "price": "272 g, $1.84/100g",
        "brand": "No brand",
        "image_url": "https://assets.shop.loblaws.ca/products/21570477/b3/en/front/21570477_front_a06_@2.png",
        "image_alt": "null Raspberry Filled Croissant 272 g, $1.84/100g",
        "price_product_tile": "$5.00$5.00"
    },
    {
        "id": 182,
        "name": "Cherry Turnover",
        "price": "360 g, $0.83/100g",
        "brand": "No brand",
        "image_url": "https://assets.shop.loblaws.ca/products/21549376/b3/en/front/21549376_front_a06_@2.png",
        "image_alt": "null Cherry Turnover 360 g, $0.83/100g",
        "price_product_tile": "$3.00$3.00"
    },
    {
        "id": 183,
        "name": "Apple Pie 10 Inch",
        "price": "1 kg, $0.75/100g",
        "brand": "Farmer's Market",
        "image_url": "https://assets.shop.loblaws.ca/products/21297367/b3/en/front/21297367_front_a06_@2.png",
        "image_alt": "Farmer's Market Apple Pie 10 Inch 1 kg, $0.75/100g",
        "price_product_tile": "$7.50$7.50"
    },
    {
        "id": 184,
        "name": "Apple Pie",
        "price": "550 g, $0.82/100g",
        "brand": "Old Mill",
        "image_url": "https://assets.shop.loblaws.ca/products/21339519/b3/en/front/21339519_front_a06_@2.png",
        "image_alt": "Old Mill Apple Pie 550 g, $0.82/100g",
        "price_product_tile": "$4.50$4.50"
    }
]