[
    {
        "id": 1,
        "name": "Lactose Free 2% Dairy Product",
        "price": "2 l, $0.33/100ml",
        "brand": "Natrel",
        "image_url": "https://assets.shop.loblaws.ca/products/20077874001/b3/en/front/20077874001_front_a06_@2.png",
        "image_alt": "Natrel Lactose Free 2% Dairy Product 2 l, $0.33/100ml",
        "price_product_tile": "$6.69$6.69"
    },
    {
        "id": 2,
        "name": "Chocolate Lactose Free 2% Partly Skimmed Ultrafiltered Milk",
        "price": "1.5 l, $0.43/100ml",
        "brand": "Fairlife",
        "image_url": "https://assets.shop.loblaws.ca/products/21128371/b3/en/front/21128371_front_a06_@2.png",
        "image_alt": "Fairlife Chocolate Lactose Free 2% Partly Skimmed Ultrafiltered Milk 1.5 l, $0.43/100ml",
        "price_product_tile": "$6.49$6.49"
    },
    {
        "id": 3,
        "name": "Lactose Free 2% Partly Skimmed Ultrafiltered Milk",
        "price": "1.5 l, $0.43/100ml",
        "brand": "Fairlife",
        "image_url": "https://assets.shop.loblaws.ca/products/21128369/b3/en/front/21128369_front_a06_@2.png",
        "image_alt": "Fairlife Lactose Free 2% Partly Skimmed Ultrafiltered Milk 1.5 l, $0.43/100ml",
        "price_product_tile": "$6.49$6.49"
    },
    {
        "id": 4,
        "name": "Lactose Free 1% Dairy Product",
        "price": "2 l, $0.33/100ml",
        "brand": "Natrel",
        "image_url": "https://assets.shop.loblaws.ca/products/20077874003/b3/en/front/20077874003_front_a06_@2.png",
        "image_alt": "Natrel Lactose Free 1% Dairy Product 2 l, $0.33/100ml",
        "price_product_tile": "$6.69$6.69"
    },
    {
        "id": 5,
        "name": "Lactose Free Homogenized Milk",
        "price": "2 l, $0.33/100ml",
        "brand": "Natrel",
        "image_url": "https://assets.shop.loblaws.ca/products/20838388/b3/en/front/20838388_front_a06_@2.png",
        "image_alt": "Natrel Lactose Free Homogenized Milk 2 l, $0.33/100ml",
        "price_product_tile": "$6.69$6.69"
    },
    {
        "id": 6,
        "name": "Lactose Free Skim Ultrafiltered Milk",
        "price": "1.5 l, $0.43/100ml",
        "brand": "Fairlife",
        "image_url": "https://assets.shop.loblaws.ca/products/21128364/b3/en/front/21128364_front_a06_@2.png",
        "image_alt": "Fairlife Lactose Free Skim Ultrafiltered Milk 1.5 l, $0.43/100ml",
        "price_product_tile": "$6.49$6.49"
    },
    {
        "id": 7,
        "name": "Milk 1% Bottle",
        "price": "1.5 l, $0.43/100ml",
        "brand": "Fairlife",
        "image_url": "https://assets.shop.loblaws.ca/products/21358817/b3/en/front/21358817_front_a06_@2.png",
        "image_alt": "Fairlife Milk 1% Bottle 1.5 l, $0.43/100ml",
        "price_product_tile": "$6.49$6.49"
    },
    {
        "id": 8,
        "name": "Lactose Free Whole Ultrafiltered Milk",
        "price": "1.5 l, $0.43/100ml",
        "brand": "Fairlife",
        "image_url": "https://assets.shop.loblaws.ca/products/21128348/b3/en/front/21128348_front_a06_@2.png",
        "image_alt": "Fairlife Lactose Free Whole Ultrafiltered Milk 1.5 l, $0.43/100ml",
        "price_product_tile": "$6.49$6.49"
    },
    {
        "id": 9,
        "name": "Nano Drinkable Yogurt, Lactose Free, Strawberry-Banana 1%",
        "price": "6x93.0 ml, $0.82/100g",
        "brand": "IOGO",
        "image_url": "https://assets.shop.loblaws.ca/products/21219007/b3/en/front/21219007_front_a06_@2.png",
        "image_alt": "IOGO Nano Drinkable Yogurt, Lactose Free, Strawberry-Banana 1% 6x93.0 ml, $0.82/100g",
        "price_product_tile": "$4.59$4.59"
    },
    {
        "id": 10,
        "name": "Nano Drinkable Yogurt, Lactose Free, Apple-Grape 1%",
        "price": "6x93.0 ml, $0.82/100ml",
        "brand": "IOGO",
        "image_url": "https://assets.shop.loblaws.ca/products/21349902/b3/en/front/21349902_front_a06_@2.png",
        "image_alt": "IOGO Nano Drinkable Yogurt, Lactose Free, Apple-Grape 1% 6x93.0 ml, $0.82/100ml",
        "price_product_tile": "$4.59$4.59"
    },
    {
        "id": 11,
        "name": "Lactose Free Marble Cheddar",
        "price": "400 g, $1.45/100g",
        "brand": "President's Choice",
        "image_url": "https://assets.shop.loblaws.ca/products/21289664/b3/en/front/21289664_front_a06_@2.png",
        "image_alt": "President's Choice Lactose Free Marble Cheddar  400 g, $1.45/100g",
        "price_product_tile": "$5.79$5.79$6.49$6.49SAVE $0.70"
    },
    {
        "id": 12,
        "name": "Yogurt with Probiotics, Lactose-free, Vanilla Flavour",
        "price": "650 g, $0.71/100g",
        "brand": "Activia",
        "image_url": "https://assets.shop.loblaws.ca/products/20946086/b3/en/front/20946086_front_a06_@2.png",
        "image_alt": "Activia Yogurt with Probiotics, Lactose-free, Vanilla Flavour 650 g, $0.71/100g",
        "price_product_tile": "$4.59$4.59"
    },
    {
        "id": 13,
        "name": "Trutaste Lactose Free 2% Milk",
        "price": "2 l, $0.25/100ml",
        "brand": "Neilson",
        "image_url": "https://assets.shop.loblaws.ca/products/20188053001/b3/en/front/20188053001_front_a06_@2.png",
        "image_alt": "Neilson Trutaste Lactose Free 2% Milk 2 l, $0.25/100ml",
        "price_product_tile": "$4.99$4.99$6.19$6.19SAVE $1.20"
    },
    {
        "id": 14,
        "name": "Lactose Free 14% M.F. Sour Cream",
        "price": "500 ml, $0.84/100ml",
        "brand": "President's Choice",
        "image_url": "https://assets.shop.loblaws.ca/products/20987150/b3/en/front/20987150_front_a06_@2.png",
        "image_alt": "President's Choice Lactose Free 14% M.F. Sour Cream 500 ml, $0.84/100ml",
        "price_product_tile": "$4.19$4.19"
    },
    {
        "id": 15,
        "name": "Lactose Free 2% M.F. Cottage Cheese",
        "price": "500 g, $0.90/100g",
        "brand": "President's Choice",
        "image_url": "https://assets.shop.loblaws.ca/products/20984624/b3/en/front/20984624_front_a06_@2.png",
        "image_alt": "President's Choice Lactose Free 2% M.F. Cottage Cheese 500 g, $0.90/100g",
        "price_product_tile": "$4.49$4.49"
    },
    {
        "id": 16,
        "name": "Lactose Free Old Yellow Cheddar Cheese",
        "price": "400 g, $1.45/100g",
        "brand": "President's Choice",
        "image_url": "https://assets.shop.loblaws.ca/products/21289645/b3/en/front/21289645_front_a06_@2.png",
        "image_alt": "President's Choice Lactose Free Old Yellow Cheddar Cheese 400 g, $1.45/100g",
        "price_product_tile": "$5.79$5.79$6.49$6.49SAVE $0.70"
    },
    {
        "id": 17,
        "name": "Yogurt With Probiotics Lactose Free, Strawberry, Blueberry, Peach, Mango Flavour, 12XG",
        "price": "12x100.0 g, $0.46/100g",
        "brand": "Activia",
        "image_url": "https://assets.shop.loblaws.ca/products/20944778/b3/en/front/20944778_front_a06_@2.png",
        "image_alt": "Activia Yogurt With Probiotics Lactose Free, Strawberry, Blueberry, Peach, Mango Flavour, 12XG 12x100.0 g, $0.46/100g",
        "price_product_tile": "$5.50$5.50"
    },
    {
        "id": 18,
        "name": "Lactose Free Fat Free Skim 0% Dairy Product (2L)",
        "price": "2 l, $0.33/100ml",
        "brand": "Natrel",
        "image_url": "https://assets.shop.loblaws.ca/products/20077874004/b3/en/front/20077874004_front_a06_@2.png",
        "image_alt": "Natrel Lactose Free Fat Free Skim 0% Dairy Product (2L) 2 l, $0.33/100ml",
        "price_product_tile": "$6.69$6.69"
    },
    {
        "id": 19,
        "name": "Cheestrings Marble Lactose-Free Cheese, 12 units",
        "price": "252 g, $3.17/100g",
        "brand": "Black Diamond",
        "image_url": "https://assets.shop.loblaws.ca/products/21041750/b3/en/front/21041750_front_a06_@2.png",
        "image_alt": "Black Diamond Cheestrings Marble Lactose-Free Cheese, 12 units 252 g, $3.17/100g",
        "price_product_tile": "$7.99$7.99"
    },
    {
        "id": 20,
        "name": "Yogurt With Probiotics Lactose Free, Vanilla, Strawberry, Raspberry, Cherry Flavour",
        "price": "12x100.0 g, $0.46/100g",
        "brand": "Activia",
        "image_url": "https://assets.shop.loblaws.ca/products/20944744/b3/en/front/20944744_front_a06_@2.png",
        "image_alt": "Activia Yogurt With Probiotics Lactose Free, Vanilla, Strawberry, Raspberry, Cherry Flavour 12x100.0 g, $0.46/100g",
        "price_product_tile": "$5.50$5.50"
    },
    {
        "id": 21,
        "name": "Trutaste Lactose Free 1% Milk",
        "price": "2 l, $0.25/100ml",
        "brand": "Neilson",
        "image_url": "https://assets.shop.loblaws.ca/products/20150089/b3/en/front/20150089_front_a06_@2.png",
        "image_alt": "Neilson Trutaste Lactose Free 1% Milk 2 l, $0.25/100ml",
        "price_product_tile": "$4.99$4.99$6.19$6.19SAVE $1.20"
    },
    {
        "id": 22,
        "name": "TruTaste Lactose Free 2% Milk",
        "price": "4 l, $0.27/100ml",
        "brand": "Neilson",
        "image_url": "https://assets.shop.loblaws.ca/products/20039684/b3/en/front/20039684_front_a06_@2.png",
        "image_alt": "Neilson TruTaste Lactose Free 2% Milk 4 l, $0.27/100ml",
        "price_product_tile": "$10.89$10.89"
    },
    {
        "id": 23,
        "name": "Lactose Free Plain Cream Cheese",
        "price": "250 g, $1.56/100g",
        "brand": "President's Choice",
        "image_url": "https://assets.shop.loblaws.ca/products/21184727/b3/en/front/21184727_front_a06_@2.png",
        "image_alt": "President's Choice Lactose Free Plain Cream Cheese  250 g, $1.56/100g",
        "price_product_tile": "$3.89$3.89"
    },
    {
        "id": 24,
        "name": "Lactose Free Sour Cream",
        "price": "450 ml, $0.71/100ml",
        "brand": "Gay Lea",
        "image_url": "https://assets.shop.loblaws.ca/products/21315430/b3/en/front/21315430_front_a06_@2.png",
        "image_alt": "Gay Lea Lactose Free Sour Cream 450 ml, $0.71/100ml",
        "price_product_tile": "$3.19$3.19"
    },
    {
        "id": 25,
        "name": "Naturally Lactose-Free Swiss Cheese",
        "price": "300 g, $1.93/100g",
        "brand": "President's Choice",
        "image_url": "https://assets.shop.loblaws.ca/products/20922823/b3/en/front/20922823_front_a06_@2.png",
        "image_alt": "President's Choice Naturally Lactose-Free Swiss Cheese  300 g, $1.93/100g",
        "price_product_tile": "$5.79$5.79$6.49$6.49SAVE $0.70"
    },
    {
        "id": 26,
        "name": "Lactose Free Plain 2%  M.F. Yogurt",
        "price": "750 g, $0.40/100g",
        "brand": "President's Choice",
        "image_url": "https://assets.shop.loblaws.ca/products/20796737/b3/en/front/20796737_front_a06_@2.png",
        "image_alt": "President's Choice Lactose Free Plain 2%  M.F. Yogurt 750 g, $0.40/100g",
        "price_product_tile": "$2.99$2.99"
    },
    {
        "id": 27,
        "name": "Trutaste Lactose Free Skim Milk",
        "price": "2 l, $0.25/100ml",
        "brand": "Neilson",
        "image_url": "https://assets.shop.loblaws.ca/products/20188053002/b3/en/front/20188053002_front_a06_@2.png",
        "image_alt": "Neilson Trutaste Lactose Free Skim Milk 2 l, $0.25/100ml",
        "price_product_tile": "$4.99$4.99$6.19$6.19SAVE $1.20"
    },
    {
        "id": 28,
        "name": "Tre Stelle Creamy Cheese Spread, Lactose Free",
        "price": "200 g, $2.40/100g",
        "brand": "Tre Stelle",
        "image_url": "https://assets.shop.loblaws.ca/products/21002993/b3/en/front/21002993_front_a06_@2.png",
        "image_alt": "Tre Stelle Tre Stelle Creamy Cheese Spread, Lactose Free 200 g, $2.40/100g",
        "price_product_tile": "$4.79$4.79"
    },
    {
        "id": 29,
        "name": "Trutaste Lactose Free 1% Milk",
        "price": "4 l, $0.27/100ml",
        "brand": "Neilson",
        "image_url": "https://assets.shop.loblaws.ca/products/20159579/b3/en/front/20159579_front_a06_@2.png",
        "image_alt": "Neilson Trutaste Lactose Free 1% Milk 4 l, $0.27/100ml",
        "price_product_tile": "$10.89$10.89"
    },
    {
        "id": 30,
        "name": "Trutaste Lactose Free 2% Milk",
        "price": "1 l, $0.46/100ml",
        "brand": "Neilson",
        "image_url": "https://assets.shop.loblaws.ca/products/20025432002/b3/en/front/20025432002_front_a06_@2.png",
        "image_alt": "Neilson Trutaste Lactose Free 2% Milk 1 l, $0.46/100ml",
        "price_product_tile": "$4.59$4.59"
    },
    {
        "id": 31,
        "name": "Trutaste No Lactose 3.25% Milk",
        "price": "2 l, $0.25/100ml",
        "brand": "Neilson",
        "image_url": "https://assets.shop.loblaws.ca/products/20909875/b3/en/front/20909875_front_a06_@2.png",
        "image_alt": "Neilson Trutaste No Lactose 3.25% Milk 2 l, $0.25/100ml",
        "price_product_tile": "$4.99$4.99$6.19$6.19SAVE $1.20"
    },
    {
        "id": 32,
        "name": "Lactose Free Cottage Cheese",
        "price": "450 g, $1.18/100g",
        "brand": "Gay Lea",
        "image_url": "https://assets.shop.loblaws.ca/products/21315439/b3/en/front/21315439_front_a06_@2.png",
        "image_alt": "Gay Lea Lactose Free Cottage Cheese 450 g, $1.18/100g",
        "price_product_tile": "$5.29$5.29"
    },
    {
        "id": 33,
        "name": "Trutaste Homogenized Milk Lactose Free 3.25% M.F.",
        "price": "4 l, $0.28/100ml",
        "brand": "Neilson",
        "image_url": "https://assets.shop.loblaws.ca/products/21107134/b3/en/front/21107134_front_a06_@2.png",
        "image_alt": "Neilson Trutaste Homogenized Milk Lactose Free 3.25% M.F. 4 l, $0.28/100ml",
        "price_product_tile": "$11.19$11.19"
    },
    {
        "id": 34,
        "name": "Original Cream Cheese, Lactose Free",
        "price": "250 g, $2.60/100g",
        "brand": "Philadelphia",
        "image_url": "https://assets.shop.loblaws.ca/products/21314936/b3/en/front/21314936_front_a06_@2.png",
        "image_alt": "Philadelphia Original Cream Cheese, Lactose Free 250 g, $2.60/100g",
        "price_product_tile": "$6.49$6.49"
    },
    {
        "id": 35,
        "name": "Trutaste Chocolate Partly Skimmed Milk 1% M.F.",
        "price": "2 l, $0.25/100ml",
        "brand": "Neilson",
        "image_url": "https://assets.shop.loblaws.ca/products/21040983/b3/en/front/21040983_front_a06_@2.png",
        "image_alt": "Neilson Trutaste Chocolate Partly Skimmed Milk 1% M.F. 2 l, $0.25/100ml",
        "price_product_tile": "$4.99$4.99$6.39$6.39SAVE $1.40"
    },
    {
        "id": 36,
        "name": "Original Cream Cheese",
        "price": "227 g, $2.86/100g",
        "brand": "Philadelphia",
        "image_url": "https://assets.shop.loblaws.ca/products/21314933/b3/en/front/21314933_front_a06_@2.png",
        "image_alt": "Philadelphia Original Cream Cheese 227 g, $2.86/100g",
        "price_product_tile": "$6.49$6.49"
    }
]