[
    {
        "id": 1,
        "name": "White Hotdog Buns",
        "price": "8x44.5 g, $0.84/100g",
        "brand": "Wonder",
        "image_url": "https://assets.shop.loblaws.ca/products/20305135/b3/en/front/20305135_front_a06_@2.png",
        "image_alt": "Wonder White Hotdog Buns 8x44.5 g, $0.84/100g",
        "price_product_tile": "$2.99$2.99"
    },
    {
        "id": 2,
        "name": "White Hamburger Buns",
        "price": "8x47.25 g, $0.79/100g",
        "brand": "Wonder",
        "image_url": "https://assets.shop.loblaws.ca/products/20297455/b3/en/front/20297455_front_a06_@2.png",
        "image_alt": "Wonder White Hamburger Buns 8x47.25 g, $0.79/100g",
        "price_product_tile": "$2.99$2.99"
    },
    {
        "id": 3,
        "name": "With Gusto! Hamburger Buns Brioche Style",
        "price": "520 g, $0.67/100g",
        "brand": "D'Italiano",
        "image_url": "https://assets.shop.loblaws.ca/products/21595103/b3/en/front/21595103_front_a06_@2.png",
        "image_alt": "D'Italiano With Gusto! Hamburger Buns Brioche Style 520 g, $0.67/100g",
        "price_product_tile": "$3.49$3.49"
    },
    {
        "id": 4,
        "name": "Hot Dog Buns",
        "price": "516 g, $0.48/100g",
        "brand": "No Name",
        "image_url": "https://assets.shop.loblaws.ca/products/21509829/b3/en/front/21509829_front_a06_@2.png",
        "image_alt": "No Name Hot Dog Buns 516 g, $0.48/100g",
        "price_product_tile": "$2.50$2.50$3.49$3.49SAVE $0.99"
    },
    {
        "id": 5,
        "name": "Brioche-Style Sausage Buns",
        "price": "420 g, $0.83/100g",
        "brand": "D'Italiano",
        "image_url": "https://assets.shop.loblaws.ca/products/21450788/b3/en/front/21450788_front_a06_@2.png",
        "image_alt": "D'Italiano Brioche-Style Sausage Buns 420 g, $0.83/100g",
        "price_product_tile": "$3.49$3.49"
    },
    {
        "id": 6,
        "name": "Hamburger Buns",
        "price": "360 g, $0.56/100g",
        "brand": "No Name",
        "image_url": "https://assets.shop.loblaws.ca/products/21509434/b3/en/front/21509434_front_a06_@2.png",
        "image_alt": "No Name Hamburger Buns 360 g, $0.56/100g",
        "price_product_tile": "$2.00$2.00$2.79$2.79SAVE $0.79"
    },
    {
        "id": 7,
        "name": "Hot Dog Buns",
        "price": "344 g, $0.58/100g",
        "brand": "No Name",
        "image_url": "https://assets.shop.loblaws.ca/products/21509514/b3/en/front/21509514_front_a06_@2.png",
        "image_alt": "No Name Hot Dog Buns 344 g, $0.58/100g",
        "price_product_tile": "$2.00$2.00$2.79$2.79SAVE $0.79"
    },
    {
        "id": 8,
        "name": "Brizzolio Hamburger Buns",
        "price": "528 g, $0.66/100g",
        "brand": "D'Italiano",
        "image_url": "https://assets.shop.loblaws.ca/products/20627103/b3/en/front/20627103_front_a06_@2.png",
        "image_alt": "D'Italiano Brizzolio Hamburger Buns 528 g, $0.66/100g",
        "price_product_tile": "$3.49$3.49"
    },
    {
        "id": 9,
        "name": "Hamburger Buns",
        "price": "540 g, $0.46/100g",
        "brand": "No Name",
        "image_url": "https://assets.shop.loblaws.ca/products/21509645/b3/en/front/21509645_front_a06_@2.png",
        "image_alt": "No Name Hamburger Buns 540 g, $0.46/100g",
        "price_product_tile": "$2.50$2.50$3.49$3.49SAVE $0.99"
    },
    {
        "id": 10,
        "name": "Sausage Buns",
        "price": "456 g, $0.77/100g",
        "brand": "D'Italiano",
        "image_url": "https://assets.shop.loblaws.ca/products/20627101/b3/en/front/20627101_front_a06_@2.png",
        "image_alt": "D'Italiano Sausage Buns 456 g, $0.77/100g",
        "price_product_tile": "$3.49$3.49"
    },
    {
        "id": 11,
        "name": "Crustini Hamburger Buns",
        "price": "568 g, $0.61/100g",
        "brand": "D'Italiano",
        "image_url": "https://assets.shop.loblaws.ca/products/20626949/b3/en/front/20626949_front_a06_@2.png",
        "image_alt": "D'Italiano Crustini Hamburger Buns 568 g, $0.61/100g",
        "price_product_tile": "$3.49$3.49"
    },
    {
        "id": 12,
        "name": "With Gusto! Hamburger Buns Original",
        "price": "520 g, $0.67/100g",
        "brand": "D'Italiano",
        "image_url": "https://assets.shop.loblaws.ca/products/21596485/b3/en/front/21596485_front_a06_@2.png",
        "image_alt": "D'Italiano With Gusto! Hamburger Buns Original 520 g, $0.67/100g",
        "price_product_tile": "$3.49$3.49"
    },
    {
        "id": 13,
        "name": "Sausage Buns Brizzolio Extra Soft",
        "price": "420 g, $0.83/100g",
        "brand": "D'Italiano",
        "image_url": "https://assets.shop.loblaws.ca/products/20673208/b3/en/front/20673208_front_a06_@2.png",
        "image_alt": "D'Italiano Sausage Buns Brizzolio Extra Soft 420 g, $0.83/100g",
        "price_product_tile": "$3.49$3.49"
    },
    {
        "id": 14,
        "name": "With Gusto! Hamburger Buns Sesame",
        "price": "520 g, $0.67/100g",
        "brand": "D'Italiano",
        "image_url": "https://assets.shop.loblaws.ca/products/21596581/b3/en/front/21596581_front_a06_@2.png",
        "image_alt": "D'Italiano With Gusto! Hamburger Buns Sesame 520 g, $0.67/100g",
        "price_product_tile": "$3.49$3.49"
    },
    {
        "id": 15,
        "name": "Ballpark Classics Hamburger Buns Limited Edition",
        "price": "560 g, $0.71/100g",
        "brand": "Wonder",
        "image_url": "https://assets.shop.loblaws.ca/products/21022316/b3/en/front/21022316_front_a06_@2.png",
        "image_alt": "Wonder Ballpark Classics Hamburger Buns Limited Edition  560 g, $0.71/100g",
        "price_product_tile": "$3.99$3.99"
    },
    {
        "id": 16,
        "name": "Traditional Naan Rounds",
        "price": "480 g, $0.89/100g",
        "brand": "President's Choice",
        "image_url": "https://assets.shop.loblaws.ca/products/20757871/b3/en/front/20757871_front_a06_@2.png",
        "image_alt": "President's Choice Traditional Naan Rounds 480 g, $0.89/100g",
        "price_product_tile": "$4.29$4.29"
    },
    {
        "id": 17,
        "name": "Brioche\u00a0Bun",
        "price": "300 g, $1.67/100g",
        "brand": "President's Choice",
        "image_url": "https://assets.shop.loblaws.ca/products/21094319/b3/en/front/21094319_front_a06_@2.png",
        "image_alt": "President's Choice Brioche\u00a0Bun 300 g, $1.67/100g",
        "price_product_tile": "$5.00$5.00"
    },
    {
        "id": 18,
        "name": "Sesame Brioche Burger Buns",
        "price": "200 g, $2.40/100g",
        "brand": "LA FOURNEE DOREE",
        "image_url": "https://assets.shop.loblaws.ca/products/21207883/b3/en/front/21207883_front_a06_@2.png",
        "image_alt": "LA FOURNEE DOREE Sesame Brioche Burger Buns 200 g, $2.40/100g",
        "price_product_tile": "$4.79$4.79"
    },
    {
        "id": 19,
        "name": "Hotdog Buns Ballpark Classics Limited Edition 6",
        "price": "432 g, $0.92/100g",
        "brand": "Wonder",
        "image_url": "https://assets.shop.loblaws.ca/products/21022027/b3/en/front/21022027_front_a06_@2.png",
        "image_alt": "Wonder Hotdog Buns Ballpark Classics Limited Edition 6  432 g, $0.92/100g",
        "price_product_tile": "$3.99$3.99"
    },
    {
        "id": 20,
        "name": "Ciabatta Rolls",
        "price": "400 g, $0.87/100g",
        "brand": "La Baguetterie",
        "image_url": "https://assets.shop.loblaws.ca/products/20833310/b3/en/front/20833310_front_a06_@2.png",
        "image_alt": "La Baguetterie Ciabatta Rolls  400 g, $0.87/100g",
        "price_product_tile": "$3.49$3.49"
    },
    {
        "id": 21,
        "name": "Mini Brioches",
        "price": "480 g, $1.00/100g",
        "brand": "LA FOURNEE DOREE",
        "image_url": "https://assets.shop.loblaws.ca/products/21343965/b3/en/front/21343965_front_a06_@2.png",
        "image_alt": "LA FOURNEE DOREE Mini Brioches 480 g, $1.00/100g",
        "price_product_tile": "$4.79$4.79"
    },
    {
        "id": 22,
        "name": "Gigantico Sausage Buns",
        "price": "432 g, $1.04/100g",
        "brand": "President's Choice",
        "image_url": "https://assets.shop.loblaws.ca/products/21431179/b3/en/front/21431179_front_a06_@2.png",
        "image_alt": "President's Choice Gigantico Sausage Buns 432 g, $1.04/100g",
        "price_product_tile": "$4.49$4.49"
    },
    {
        "id": 23,
        "name": "Brioche Hot Dog Buns",
        "price": "270 g, $1.85/100g",
        "brand": "President's Choice",
        "image_url": "https://assets.shop.loblaws.ca/products/21431172/b3/en/front/21431172_front_a06_@2.png",
        "image_alt": "President's Choice Brioche Hot Dog Buns 270 g, $1.85/100g",
        "price_product_tile": "$5.00$5.00"
    },
    {
        "id": 24,
        "name": "Gigantico\u00a0Burger Buns",
        "price": "8x71.0 g, $0.79/100g",
        "brand": "President's Choice",
        "image_url": "https://assets.shop.loblaws.ca/products/20627037/b3/en/front/20627037_front_a06_@2.png",
        "image_alt": "President's Choice Gigantico\u00a0Burger Buns\u00a0 8x71.0 g, $0.79/100g",
        "price_product_tile": "$4.49$4.49"
    },
    {
        "id": 25,
        "name": "Hamburger Buns Authentic Brioche",
        "price": "260 g, $3.07/100g",
        "brand": "Promise Gluten Free",
        "image_url": "https://assets.shop.loblaws.ca/products/21465953/b3/en/front/21465953_front_a06_@2.png",
        "image_alt": "Promise Gluten Free Hamburger Buns Authentic Brioche 260 g, $3.07/100g",
        "price_product_tile": "$7.99$7.99"
    },
    {
        "id": 26,
        "name": "Dinner Rolls White",
        "price": "20x35.0 g, $0.57/100g",
        "brand": "Wonder",
        "image_url": "https://assets.shop.loblaws.ca/products/20106132/b3/en/front/20106132_front_a06_@2.png",
        "image_alt": "Wonder Dinner Rolls White 20x35.0 g, $0.57/100g",
        "price_product_tile": "$3.99$3.99"
    },
    {
        "id": 27,
        "name": "Vdm Crusty Roll 12",
        "price": "12x1.0 ea, $0.42/1ea",
        "brand": "Villa Di Manno",
        "image_url": null,
        "image_alt": "Villa Di Manno Vdm Crusty Roll 12 12x1.0 ea, $0.42/1ea",
        "price_product_tile": "$4.99$4.99"
    },
    {
        "id": 28,
        "name": "Brioche Mini Rolls",
        "price": "400 g, $1.37/100g",
        "brand": "President's Choice",
        "image_url": "https://assets.shop.loblaws.ca/products/21410779/b3/en/front/21410779_front_a06_@2.png",
        "image_alt": "President's Choice Brioche Mini Rolls 400 g, $1.37/100g",
        "price_product_tile": "$5.49$5.49"
    },
    {
        "id": 29,
        "name": "Ciabatta Pezzetti Duo",
        "price": "700 g, $0.96/100g",
        "brand": "ACE",
        "image_url": "https://assets.shop.loblaws.ca/products/21596323/b3/en/front/21596323_front_a06_@2.png",
        "image_alt": "ACE Ciabatta Pezzetti Duo 700 g, $0.96/100g",
        "price_product_tile": "$6.69$6.69"
    },
    {
        "id": 30,
        "name": "Brioche Gourmet Buns",
        "price": "260 g, $1.34/100g",
        "brand": "La Baguetterie",
        "image_url": "https://assets.shop.loblaws.ca/products/21094261/b3/en/front/21094261_front_a06_@2.png",
        "image_alt": "La Baguetterie Brioche Gourmet Buns 260 g, $1.34/100g",
        "price_product_tile": "$3.49$3.49"
    },
    {
        "id": 31,
        "name": "Broiche Buns Bakery Soft and Fluffy Pre-Sliced Thin Buns",
        "price": "6x378.0 g, $1.19/100g",
        "brand": "Ozery's",
        "image_url": "https://assets.shop.loblaws.ca/products/21154251/b3/en/front/21154251_front_a06_@2.png",
        "image_alt": "Ozery's Broiche Buns Bakery Soft and Fluffy Pre-Sliced Thin Buns 6x378.0 g, $1.19/100g",
        "price_product_tile": "$4.49$4.49"
    },
    {
        "id": 32,
        "name": "Dinner Rolls",
        "price": "500 g, $0.72/100g",
        "brand": "Fresho",
        "image_url": "https://assets.shop.loblaws.ca/products/21574917/b3/en/front/21574917_front_a06_@2.png",
        "image_alt": "Fresho Dinner Rolls 500 g, $0.72/100g",
        "price_product_tile": "$3.59$3.59"
    },
    {
        "id": 33,
        "name": "King\u2019s Hawaiian Sweet Rolls",
        "price": "0.34 kg, $1.32/100g",
        "brand": "No brand",
        "image_url": "https://assets.shop.loblaws.ca/products/21475970/b3/en/front/21475970_front_a06_@2.png",
        "image_alt": "null King\u2019s Hawaiian Sweet Rolls  0.34 kg, $1.32/100g",
        "price_product_tile": "$4.49$4.49"
    },
    {
        "id": 34,
        "name": "Toscana Extra Soft Sausage Buns",
        "price": "426 g, $1.05/100g",
        "brand": "Villaggio",
        "image_url": "https://assets.shop.loblaws.ca/products/21285576/b3/en/front/21285576_front_a06_@2.png",
        "image_alt": "Villaggio Toscana Extra Soft Sausage Buns 426 g, $1.05/100g",
        "price_product_tile": "$4.49$4.49"
    },
    {
        "id": 35,
        "name": "Chinois Brioche With Vanilla Cream",
        "price": "500 g, $1.32/100g",
        "brand": "LA FOURNEE DOREE",
        "image_url": "https://assets.shop.loblaws.ca/products/21315229/b3/en/front/21315229_front_a06_@2.png",
        "image_alt": "LA FOURNEE DOREE Chinois Brioche With Vanilla Cream 500 g, $1.32/100g",
        "price_product_tile": "$6.59$6.59"
    },
    {
        "id": 36,
        "name": "Whole Wheat Hamburger Buns",
        "price": "8x56.0 g, $0.67/100g",
        "brand": "Wonder",
        "image_url": "https://assets.shop.loblaws.ca/products/20310178/b3/en/front/20310178_front_a06_@2.png",
        "image_alt": "Wonder Whole Wheat Hamburger Buns 8x56.0 g, $0.67/100g",
        "price_product_tile": "$2.99$2.99"
    },
    {
        "id": 37,
        "name": "Whole Wheat Hot Dog Rolls",
        "price": "8x60.0 g, $0.62/100g",
        "brand": "Wonder",
        "image_url": "https://assets.shop.loblaws.ca/products/20154966/b3/en/front/20154966_front_a06_@2.png",
        "image_alt": "Wonder Whole Wheat Hot Dog Rolls 8x60.0 g, $0.62/100g",
        "price_product_tile": "$2.99$2.99"
    },
    {
        "id": 38,
        "name": "Sesame Gourmet Buns",
        "price": "260 g, $1.34/100g",
        "brand": "La Baguetterie",
        "image_url": "https://assets.shop.loblaws.ca/products/21094256/b3/en/front/21094256_front_a06_@2.png",
        "image_alt": "La Baguetterie Sesame Gourmet Buns 260 g, $1.34/100g",
        "price_product_tile": "$3.49$3.49"
    },
    {
        "id": 39,
        "name": "Crusty Italian Rolls, 6\"",
        "price": "750 g, $0.47/100g",
        "brand": "Villa Di Manno",
        "image_url": "https://assets.shop.loblaws.ca/products/20138772/b3/en/front/20138772_front_a06_@2.png",
        "image_alt": "Villa Di Manno Crusty Italian Rolls, 6\" 750 g, $0.47/100g",
        "price_product_tile": "$3.49$3.49"
    },
    {
        "id": 40,
        "name": "Savoury Butter Rolls",
        "price": "340 g, $1.32/100g",
        "brand": "No brand",
        "image_url": "https://assets.shop.loblaws.ca/products/21489831/b3/en/front/21489831_front_a06_@2.png",
        "image_alt": "null Savoury Butter Rolls 340 g, $1.32/100g",
        "price_product_tile": "$4.49$4.49"
    },
    {
        "id": 41,
        "name": "Whole Wheat Dinner Roll",
        "price": "420 g, $0.71/100g",
        "brand": "No Name",
        "image_url": "https://assets.shop.loblaws.ca/products/21431222/b3/en/front/21431222_front_a06_@2.png",
        "image_alt": "No Name Whole Wheat Dinner Roll 420 g, $0.71/100g",
        "price_product_tile": "$2.99$2.99"
    },
    {
        "id": 42,
        "name": "Toscana Extra Soft Hamburger Buns",
        "price": "528 g, $0.85/100g",
        "brand": "Villaggio",
        "image_url": "https://assets.shop.loblaws.ca/products/21285577/b3/en/front/21285577_front_a06_@2.png",
        "image_alt": "Villaggio Toscana Extra Soft Hamburger Buns 528 g, $0.85/100g",
        "price_product_tile": "$4.49$4.49"
    },
    {
        "id": 43,
        "name": "Submarine Roll, 8\"",
        "price": "6x112.0 g, $0.52/100g",
        "brand": "Villa Di Manno",
        "image_url": "https://assets.shop.loblaws.ca/products/20012168/b3/en/front/20012168_front_a06_@2.png",
        "image_alt": "Villa Di Manno Submarine Roll, 8\" 6x112.0 g, $0.52/100g",
        "price_product_tile": "$3.49$3.49"
    },
    {
        "id": 44,
        "name": "Vdm Crusty Italian Panini 12'S",
        "price": "900 g, $0.61/100g",
        "brand": "Villa Di Manno",
        "image_url": null,
        "image_alt": "Villa Di Manno Vdm Crusty Italian Panini 12'S 900 g, $0.61/100g",
        "price_product_tile": "$5.49$5.49"
    },
    {
        "id": 45,
        "name": "Bocata Ronda",
        "price": "640 g, $1.05/100g",
        "brand": "ACE",
        "image_url": "https://assets.shop.loblaws.ca/products/21596345/b3/en/front/21596345_front_a06_@2.png",
        "image_alt": "ACE Bocata Ronda 640 g, $1.05/100g",
        "price_product_tile": "$6.69$6.69"
    },
    {
        "id": 46,
        "name": "Classic Gourmet Bun",
        "price": "296 g, $1.52/100g",
        "brand": "ACE",
        "image_url": "https://assets.shop.loblaws.ca/products/21596226/b3/en/front/21596226_front_a06_@2.png",
        "image_alt": "ACE Classic Gourmet Bun 296 g, $1.52/100g",
        "price_product_tile": "$4.49$4.49"
    },
    {
        "id": 47,
        "name": "Dinner Rolls, Whole Wheat",
        "price": "855 g, $0.47/100g",
        "brand": "Old Mill",
        "image_url": "https://assets.shop.loblaws.ca/products/20807809/b3/en/front/20807809_front_a06_@2.png",
        "image_alt": "Old Mill Dinner Rolls, Whole Wheat 855 g, $0.47/100g",
        "price_product_tile": "$3.99$3.99"
    },
    {
        "id": 48,
        "name": "Vdm Roll Kaiser",
        "price": "6x18.0 g, $3.23/100g",
        "brand": "Villa Di Manno",
        "image_url": null,
        "image_alt": "Villa Di Manno Vdm Roll Kaiser 6x18.0 g, $3.23/100g",
        "price_product_tile": "$3.49$3.49"
    },
    {
        "id": 49,
        "name": "Hamburger Original Buns, 8 Pack",
        "price": "400 g, $0.90/100g",
        "brand": "Dempster",
        "image_url": "https://assets.shop.loblaws.ca/products/21311479/b3/en/front/21311479_front_a06_@2.png",
        "image_alt": "Dempster Hamburger Original Buns, 8 Pack 400 g, $0.90/100g",
        "price_product_tile": "$3.59$3.59"
    },
    {
        "id": 50,
        "name": "White Dinner Roll",
        "price": "420 g, $0.71/100g",
        "brand": "No Name",
        "image_url": "https://assets.shop.loblaws.ca/products/21431228/b3/en/front/21431228_front_a06_@2.png",
        "image_alt": "No Name White Dinner Roll 420 g, $0.71/100g",
        "price_product_tile": "$2.99$2.99"
    },
    {
        "id": 51,
        "name": "Classic Gourmet Sausage Buns",
        "price": "340 g, $1.32/100g",
        "brand": "ACE",
        "image_url": "https://assets.shop.loblaws.ca/products/21025441/b3/en/front/21025441_front_a06_@2.png",
        "image_alt": "ACE Classic Gourmet Sausage Buns 340 g, $1.32/100g",
        "price_product_tile": "$4.49$4.49"
    },
    {
        "id": 52,
        "name": "Ciabatta Piccola",
        "price": "840 g, $0.80/100g",
        "brand": "ACE",
        "image_url": "https://assets.shop.loblaws.ca/products/21596355/b3/en/front/21596355_front_a06_@2.png",
        "image_alt": "ACE Ciabatta Piccola 840 g, $0.80/100g",
        "price_product_tile": "$6.69$6.69"
    }
]