[
    {
        "id": 1,
        "name": "Oat Beverage, Original",
        "price": "1.75 l, $0.26/100ml",
        "brand": "Earths Own",
        "image_url": "https://assets.shop.loblaws.ca/products/21037796/b3/en/front/21037796_front_a06_@2.png",
        "image_alt": "Earths Own Oat Beverage, Original 1.75 l, $0.26/100ml",
        "price_product_tile": "$4.49$4.49"
    },
    {
        "id": 2,
        "name": "Almond Beverage, Unsweetened Original",
        "price": "1.89 l, $0.21/100ml",
        "brand": "Earths Own",
        "image_url": "https://assets.shop.loblaws.ca/products/20327647/b3/en/front/20327647_front_a06_@2.png",
        "image_alt": "Earths Own Almond Beverage, Unsweetened Original  1.89 l, $0.21/100ml",
        "price_product_tile": "$4.00$4.00"
    },
    {
        "id": 3,
        "name": "Almond For Coffee, Vanilla Flavour, Plant Based Dairy Free Coffee Creamer",
        "price": "890 ml, $0.62/100ml",
        "brand": "Silk",
        "image_url": "https://assets.shop.loblaws.ca/products/21245360/b3/en/front/21245360_front_a06_@2.png",
        "image_alt": "Silk Almond For Coffee, Vanilla Flavour, Plant Based Dairy Free Coffee Creamer 890 ml, $0.62/100ml",
        "price_product_tile": "$5.49$5.49"
    },
    {
        "id": 4,
        "name": "Oat Zero Sugar Beverage, Unsweetened Original",
        "price": "1.75 l, $0.26/100ml",
        "brand": "Earths Own",
        "image_url": "https://assets.shop.loblaws.ca/products/21517729/b3/en/front/21517729_front_a06_@2.png",
        "image_alt": "Earths Own  Oat Zero Sugar Beverage, Unsweetened Original 1.75 l, $0.26/100ml",
        "price_product_tile": "$4.49$4.49"
    },
    {
        "id": 5,
        "name": "Oat Beverage, Vanilla",
        "price": "1.75 l, $0.26/100ml",
        "brand": "Earths Own",
        "image_url": "https://assets.shop.loblaws.ca/products/21037799/b3/en/front/21037799_front_a06_@2.png",
        "image_alt": "Earths Own Oat Beverage, Vanilla 1.75 l, $0.26/100ml",
        "price_product_tile": "$4.49$4.49"
    },
    {
        "id": 6,
        "name": "Almond Beverage, Unsweetened Vanilla",
        "price": "1.89 l, $0.21/100ml",
        "brand": "Earths Own",
        "image_url": "https://assets.shop.loblaws.ca/products/20913872/b3/en/front/20913872_front_a06_@2.png",
        "image_alt": "Earths Own Almond Beverage, Unsweetened Vanilla 1.89 l, $0.21/100ml",
        "price_product_tile": "$4.00$4.00"
    },
    {
        "id": 7,
        "name": "Almond Beverage, Original",
        "price": "1.89 l, $0.21/100ml",
        "brand": "Earths Own",
        "image_url": "https://assets.shop.loblaws.ca/products/20299698001/b3/en/front/20299698001_front_a06_@2.png",
        "image_alt": "Earths Own Almond Beverage, Original  1.89 l, $0.21/100ml",
        "price_product_tile": "$4.00$4.00"
    },
    {
        "id": 8,
        "name": "Almond Beverage, Vanilla",
        "price": "1.89 l, $0.21/100ml",
        "brand": "Earths Own",
        "image_url": "https://assets.shop.loblaws.ca/products/20299698002/b3/en/front/20299698002_front_a06_@2.png",
        "image_alt": "Earths Own Almond Beverage, Vanilla 1.89 l, $0.21/100ml",
        "price_product_tile": "$4.00$4.00"
    },
    {
        "id": 9,
        "name": "Oat Beverage, Chocolate",
        "price": "1.75 l, $0.26/100ml",
        "brand": "Earths Own",
        "image_url": "https://assets.shop.loblaws.ca/products/21179354/b3/en/front/21179354_front_a06_@2.png",
        "image_alt": "Earths Own Oat Beverage, Chocolate 1.75 l, $0.26/100ml",
        "price_product_tile": "$4.49$4.49"
    },
    {
        "id": 10,
        "name": "Caramel Plant-Based Coffee Creamer, Limited Edition",
        "price": "450 ml, $0.73/100ml",
        "brand": "Silk",
        "image_url": "https://assets.shop.loblaws.ca/products/21400040/b3/en/front/21400040_front_a06_@2.png",
        "image_alt": "Silk Caramel Plant-Based Coffee Creamer, Limited Edition 450 ml, $0.73/100ml",
        "price_product_tile": "$3.29$3.29"
    },
    {
        "id": 11,
        "name": "Oat Barista",
        "price": "946 ml, $0.60/100ml",
        "brand": "Earths Own",
        "image_url": "https://assets.shop.loblaws.ca/products/21179478/b3/en/front/21179478_front_a06_@2.png",
        "image_alt": "Earths Own Oat Barista 946 ml, $0.60/100ml",
        "price_product_tile": "$5.69$5.69"
    },
    {
        "id": 12,
        "name": "Organic Soy Beverage, Vanilla Flavour, Dairy-Free",
        "price": "1.89 l, $0.25/100ml",
        "brand": "Silk",
        "image_url": "https://assets.shop.loblaws.ca/products/20124384002/b3/en/front/20124384002_front_a06_@2.png",
        "image_alt": "Silk Organic Soy Beverage, Vanilla Flavour, Dairy-Free 1.89 l, $0.25/100ml",
        "price_product_tile": "$4.79$4.79"
    },
    {
        "id": 13,
        "name": "Creamy Cashew Beverage, Unsweetened, Vanilla Flavour",
        "price": "1.89 l, $0.25/100ml",
        "brand": "Silk",
        "image_url": "https://assets.shop.loblaws.ca/products/20914285/b3/en/front/20914285_front_a06_@2.png",
        "image_alt": "Silk Creamy Cashew Beverage, Unsweetened, Vanilla Flavour 1.89 l, $0.25/100ml",
        "price_product_tile": "$4.79$4.79"
    },
    {
        "id": 14,
        "name": "Almond Beverage, Chocolate",
        "price": "1.89 l, $0.21/100ml",
        "brand": "Earths Own",
        "image_url": "https://assets.shop.loblaws.ca/products/20299698003/b3/en/front/20299698003_front_a06_@2.png",
        "image_alt": "Earths Own Almond Beverage, Chocolate 1.89 l, $0.21/100ml",
        "price_product_tile": "$4.00$4.00"
    },
    {
        "id": 15,
        "name": "Soy For Coffee, Original Coffee Creamer",
        "price": "890 ml, $0.62/100ml",
        "brand": "Silk",
        "image_url": "https://assets.shop.loblaws.ca/products/21423292/b3/en/front/21423292_front_a06_@2.png",
        "image_alt": "Silk Soy For Coffee, Original Coffee Creamer 890 ml, $0.62/100ml",
        "price_product_tile": "$5.49$5.49"
    },
    {
        "id": 16,
        "name": "Almond Breeze Natural Almond, Unsweetened",
        "price": "946 ml, $0.37/100ml",
        "brand": "Blue Diamond",
        "image_url": "https://assets.shop.loblaws.ca/products/20107219004/b3/en/front/20107219004_front_a06_@2.png",
        "image_alt": "Blue Diamond Almond Breeze Natural Almond, Unsweetened 946 ml, $0.37/100ml",
        "price_product_tile": "$3.49$3.49"
    },
    {
        "id": 17,
        "name": "Almond Coffee Creamer Creamy Maple Flavoured",
        "price": "450 ml, $0.73/100ml",
        "brand": "Silk",
        "image_url": "https://assets.shop.loblaws.ca/products/21589691/b3/en/front/21589691_front_a06_@2.png",
        "image_alt": "Silk Almond Coffee Creamer Creamy Maple Flavoured 450 ml, $0.73/100ml",
        "price_product_tile": "$3.29$3.29"
    },
    {
        "id": 18,
        "name": "Almond Beverage, Unsweetened, Dairy-Free, Shelf Stable",
        "price": "946 ml, $0.32/100ml",
        "brand": "Silk",
        "image_url": "https://assets.shop.loblaws.ca/products/20555265002/b3/en/front/20555265002_front_a06_@2.png",
        "image_alt": "Silk Almond Beverage, Unsweetened, Dairy-Free, Shelf Stable 946 ml, $0.32/100ml",
        "price_product_tile": "$2.99$2.99"
    },
    {
        "id": 19,
        "name": "Yorkshire Valley Farms Organic Grade A Eggs, Large",
        "price": "12 ea, $0.67/1ea",
        "brand": "No brand",
        "image_url": "https://assets.shop.loblaws.ca/products/20982570001/b3/en/front/20982570001_front_a06_@2.png",
        "image_alt": "null Yorkshire Valley Farms Organic Grade A Eggs, Large 12 ea, $0.67/1ea",
        "price_product_tile": "$8.09$8.09"
    },
    {
        "id": 20,
        "name": "Organic Chocolate Milk 2% M.F.",
        "price": "250 ml, $2.32/100ml",
        "brand": "Organic Meadow",
        "image_url": "https://assets.shop.loblaws.ca/products/21054984/b3/en/front/21054984_front_a06_@2.png",
        "image_alt": "Organic Meadow Organic Chocolate Milk 2% M.F. 250 ml, $2.32/100ml",
        "price_product_tile": "$5.79$5.79"
    },
    {
        "id": 21,
        "name": "Organic Homogenized Milk",
        "price": "1 l, $0.43/100ml",
        "brand": "PC Organics",
        "image_url": "https://assets.shop.loblaws.ca/products/20305664/b3/en/front/20305664_front_a06_@2.png",
        "image_alt": "PC Organics Organic Homogenized Milk 1 l, $0.43/100ml",
        "price_product_tile": "$4.29$4.29"
    },
    {
        "id": 22,
        "name": "Organic 2% Milk",
        "price": "1 l, $0.43/100ml",
        "brand": "PC Organics",
        "image_url": "https://assets.shop.loblaws.ca/products/20296180001/b3/en/front/20296180001_front_a06_@2.png",
        "image_alt": "PC Organics Organic 2% Milk 1 l, $0.43/100ml",
        "price_product_tile": "$4.29$4.29"
    },
    {
        "id": 23,
        "name": "Oat Beverage, Original",
        "price": "946 ml, $0.29/100ml",
        "brand": "So Fresh",
        "image_url": "https://assets.shop.loblaws.ca/products/21109025/b3/en/front/21109025_front_a06_@2.png",
        "image_alt": "So Fresh Oat Beverage, Original 946 ml, $0.29/100ml",
        "price_product_tile": "$2.79$2.79$3.29$3.29SAVE $0.50"
    },
    {
        "id": 24,
        "name": "Almond Beverage, Unsweetened Original, Dairy-Free",
        "price": "6x946.0 ml, $0.23/100g",
        "brand": "Silk",
        "image_url": "https://assets.shop.loblaws.ca/products/21309855/b3/en/front/21309855_front_a06_@2.png",
        "image_alt": "Silk Almond Beverage, Unsweetened Original, Dairy-Free 6x946.0 ml, $0.23/100g",
        "price_product_tile": "$12.99$12.99"
    },
    {
        "id": 25,
        "name": "Cheddar Style Slices",
        "price": "200 g, $3.00/100g",
        "brand": "Violife",
        "image_url": "https://assets.shop.loblaws.ca/products/21339330/b3/en/front/21339330_front_a06_@2.png",
        "image_alt": "Violife Cheddar Style Slices  200 g, $3.00/100g",
        "price_product_tile": "$5.99$5.99"
    },
    {
        "id": 26,
        "name": "Goat Milk 3.25% M.F",
        "price": "1 l, $0.50/100ml",
        "brand": "Liberte",
        "image_url": "https://assets.shop.loblaws.ca/products/20975190/b3/en/front/20975190_front_a06_@2.png",
        "image_alt": "Liberte Goat Milk 3.25% M.F 1 l, $0.50/100ml",
        "price_product_tile": "$4.99$4.99"
    },
    {
        "id": 27,
        "name": "Mozzarella Style Shreds",
        "price": "200 g, $3.00/100g",
        "brand": "Violife",
        "image_url": "https://assets.shop.loblaws.ca/products/21591969/b3/en/front/21591969_front_a06_@2.png",
        "image_alt": "Violife Mozzarella Style Shreds 200 g, $3.00/100g",
        "price_product_tile": "$5.99$5.99"
    },
    {
        "id": 28,
        "name": "Unsweetened Enrich",
        "price": "946 ml, $0.29/100ml",
        "brand": "Natura",
        "image_url": "https://assets.shop.loblaws.ca/products/20311173006/b3/en/front/20311173006_front_a06_@2.png",
        "image_alt": "Natura Unsweetened Enrich      946 ml, $0.29/100ml",
        "price_product_tile": "$2.79$2.79"
    },
    {
        "id": 29,
        "name": "Organics Salted Butter Churned",
        "price": "250 g, $2.60/100g",
        "brand": "PC Organics",
        "image_url": "https://assets.shop.loblaws.ca/products/21588708/b3/en/front/21588708_front_a06_@2.png",
        "image_alt": "PC Organics Organics Salted Butter Churned 250 g, $2.60/100g",
        "price_product_tile": "$6.49$6.49"
    },
    {
        "id": 30,
        "name": "Organic Homogenized Milk",
        "price": "2 l, $0.36/100ml",
        "brand": "PC Organics",
        "image_url": "https://assets.shop.loblaws.ca/products/20354144/b3/en/front/20354144_front_a06_@2.png",
        "image_alt": "PC Organics Organic Homogenized Milk 2 l, $0.36/100ml",
        "price_product_tile": "$7.14$7.14"
    },
    {
        "id": 31,
        "name": "Organic Cheese, Old Cheddar",
        "price": "200 g, $3.50/100g",
        "brand": "PC Organics",
        "image_url": "https://assets.shop.loblaws.ca/products/20324449/b3/en/front/20324449_front_a06_@2.png",
        "image_alt": "PC Organics Organic Cheese, Old Cheddar 200 g, $3.50/100g",
        "price_product_tile": "$6.99$6.99"
    },
    {
        "id": 32,
        "name": "Organic Greek Yogurt, Plain",
        "price": "500 g, $1.20/100g",
        "brand": "PC Organics",
        "image_url": "https://assets.shop.loblaws.ca/products/20774037001/b3/en/front/20774037001_front_a06_@2.png",
        "image_alt": "PC Organics Organic Greek Yogurt, Plain 500 g, $1.20/100g",
        "price_product_tile": "$5.99$5.99"
    },
    {
        "id": 33,
        "name": "Smoke Flavoured Provolone Style Slices",
        "price": "200 g, $3.00/100g",
        "brand": "Violife",
        "image_url": "https://assets.shop.loblaws.ca/products/21339317/b3/en/front/21339317_front_a06_@2.png",
        "image_alt": "Violife Smoke Flavoured Provolone Style Slices 200 g, $3.00/100g",
        "price_product_tile": "$5.99$5.99"
    },
    {
        "id": 34,
        "name": "Free-Range Large Brown Eggs, Club Pack (30 Count)",
        "price": "30 ea, $0.56/1ea",
        "brand": "PC Organics",
        "image_url": "https://assets.shop.loblaws.ca/products/21205224001/b3/en/front/21205224001_front_a06_@2.png",
        "image_alt": "PC Organics Free-Range Large Brown Eggs, Club Pack (30 Count) 30 ea, $0.56/1ea",
        "price_product_tile": "$16.72$16.72"
    },
    {
        "id": 35,
        "name": "Goat Yogurt, Plain 4.9%",
        "price": "500 g, $1.30/100ml",
        "brand": "Riviera",
        "image_url": "https://assets.shop.loblaws.ca/products/20977480/b3/en/front/20977480_front_a06_@2.png",
        "image_alt": "Riviera Goat Yogurt, Plain 4.9% 500 g, $1.30/100ml",
        "price_product_tile": "$6.49$6.49"
    },
    {
        "id": 36,
        "name": "Krema Yogurt, Plain 10%",
        "price": "650 g, $0.92/100g",
        "brand": "Olympic",
        "image_url": "https://assets.shop.loblaws.ca/products/20588372002/b3/en/front/20588372002_front_a06_@2.png",
        "image_alt": "Olympic Krema Yogurt, Plain 10% 650 g, $0.92/100g",
        "price_product_tile": "$5.99$5.99"
    },
    {
        "id": 37,
        "name": "Organic Partly Skimmed 1% Milk",
        "price": "4 l, $0.25/100ml",
        "brand": "PC Organics",
        "image_url": "https://assets.shop.loblaws.ca/products/20308534002/b3/en/front/20308534002_front_a06_@2.png",
        "image_alt": "PC Organics Organic Partly Skimmed 1% Milk 4 l, $0.25/100ml",
        "price_product_tile": "$10.19$10.19"
    },
    {
        "id": 38,
        "name": "Soy Barista",
        "price": "946 ml, $0.35/100ml",
        "brand": "So Nice",
        "image_url": "https://assets.shop.loblaws.ca/products/20666187/b3/en/front/20666187_front_a06_@2.png",
        "image_alt": "So Nice  Soy Barista  946 ml, $0.35/100ml",
        "price_product_tile": "$3.29$3.29"
    },
    {
        "id": 39,
        "name": "Organic Yogurt, Plain 3.5%",
        "price": "650 g, $0.92/100g",
        "brand": "Olympic",
        "image_url": "https://assets.shop.loblaws.ca/products/20316485005/b3/en/front/20316485005_front_a06_@2.png",
        "image_alt": "Olympic Organic Yogurt, Plain 3.5% 650 g, $0.92/100g",
        "price_product_tile": "$5.99$5.99"
    },
    {
        "id": 40,
        "name": "Fortified Gluten-Free Oat Beverage Zero Sugar Unsweetened Vanilla",
        "price": "1.75 l, $0.26/100ml",
        "brand": "Earths Own",
        "image_url": "https://assets.shop.loblaws.ca/products/21546544/b3/en/front/21546544_front_a06_@2.png",
        "image_alt": "Earths Own Fortified Gluten-Free Oat Beverage Zero Sugar Unsweetened Vanilla 1.75 l, $0.26/100ml",
        "price_product_tile": "$4.49$4.49"
    },
    {
        "id": 41,
        "name": "Medium Size Free-Range Brown Eggs",
        "price": "12 eggs, $0.64/1ea",
        "brand": "PC Organics",
        "image_url": "https://assets.shop.loblaws.ca/products/20818960001/b3/en/front/20818960001_front_a06_@2.png",
        "image_alt": "PC Organics Medium Size Free-Range Brown Eggs  12 eggs, $0.64/1ea",
        "price_product_tile": "$7.68$7.68"
    },
    {
        "id": 42,
        "name": "Organic Homogenized Milk 3.25% M.F.",
        "price": "4 l, $0.26/100ml",
        "brand": "PC Organics",
        "image_url": "https://assets.shop.loblaws.ca/products/20054844/b3/en/front/20054844_front_a06_@2.png",
        "image_alt": "PC Organics Organic Homogenized Milk 3.25% M.F. 4 l, $0.26/100ml",
        "price_product_tile": "$10.49$10.49"
    },
    {
        "id": 43,
        "name": "Organic Soy Beverage, Enriched Vanilla",
        "price": "946 ml, $0.29/100ml",
        "brand": "Natura",
        "image_url": "https://assets.shop.loblaws.ca/products/20311173003/b3/en/front/20311173003_front_a06_@2.png",
        "image_alt": "Natura Organic Soy Beverage, Enriched Vanilla 946 ml, $0.29/100ml",
        "price_product_tile": "$2.79$2.79"
    },
    {
        "id": 44,
        "name": "Natur-A  Rice Original",
        "price": "946 ml, $0.29/100ml",
        "brand": "Natura",
        "image_url": "https://assets.shop.loblaws.ca/products/20122818001/b3/en/front/20122818001_front_a06_@2.png",
        "image_alt": "Natura Natur-A  Rice Original 946 ml, $0.29/100ml",
        "price_product_tile": "$2.79$2.79"
    },
    {
        "id": 45,
        "name": "Organic 14% M.F. Sour Cream",
        "price": "500 g, $1.10/100g",
        "brand": "PC Organics",
        "image_url": "https://assets.shop.loblaws.ca/products/21021374/b3/en/front/21021374_front_a06_@2.png",
        "image_alt": "PC Organics Organic 14% M.F. Sour Cream 500 g, $1.10/100g",
        "price_product_tile": "$5.49$5.49"
    },
    {
        "id": 46,
        "name": "Oat Drink, Extra Creamy",
        "price": "946 ml, $0.58/100ml",
        "brand": "Oatly",
        "image_url": "https://assets.shop.loblaws.ca/products/21561135/b3/en/front/21561135_front_a06_@2.png",
        "image_alt": "Oatly Oat Drink, Extra Creamy 946 ml, $0.58/100ml",
        "price_product_tile": "$5.49$5.49"
    },
    {
        "id": 47,
        "name": "Dairy-Free Whipping Cream Alternative, Coconut based",
        "price": "473 ml, $1.16/100ml",
        "brand": "Silk",
        "image_url": "https://assets.shop.loblaws.ca/products/21337504/b3/en/front/21337504_front_a06_@2.png",
        "image_alt": "Silk Dairy-Free Whipping Cream Alternative, Coconut based 473 ml, $1.16/100ml",
        "price_product_tile": "$5.49$5.49"
    },
    {
        "id": 48,
        "name": "Free Range Large Brown Eggs",
        "price": "12 eggs, $0.65/1ea",
        "brand": "PC Organics",
        "image_url": "https://assets.shop.loblaws.ca/products/20813711001/b3/en/front/20813711001_front_a06_@2.png",
        "image_alt": "PC Organics Free Range Large Brown Eggs 12 eggs, $0.65/1ea",
        "price_product_tile": "$7.79$7.79"
    },
    {
        "id": 49,
        "name": "Free Range Large Brown Eggs",
        "price": "12 eggs, $0.65/1ea",
        "brand": "PC Organics",
        "image_url": "https://assets.shop.loblaws.ca/products/20813711001/b3/en/front/20813711001_front_a06_@2.png",
        "image_alt": "PC Organics Free Range Large Brown Eggs 12 eggs, $0.65/1ea",
        "price_product_tile": "$7.79$7.79"
    },
    {
        "id": 50,
        "name": "Oat Beverage, Chocolate",
        "price": "946 ml, $0.29/100ml",
        "brand": "Earths Own",
        "image_url": "https://assets.shop.loblaws.ca/products/21312346/b3/en/front/21312346_front_a06_@2.png",
        "image_alt": "Earths Own Oat Beverage, Chocolate 946 ml, $0.29/100ml",
        "price_product_tile": "$2.79$2.79$3.29$3.29SAVE $0.50"
    },
    {
        "id": 51,
        "name": "Protein Plant-Based Yogurt, Key Lime Flavoured",
        "price": "500 g, $1.20/100g",
        "brand": "Silk",
        "image_url": "https://assets.shop.loblaws.ca/products/21588714/b3/en/front/21588714_front_a06_@2.png",
        "image_alt": "Silk Protein Plant-Based Yogurt, Key Lime Flavoured 500 g, $1.20/100g",
        "price_product_tile": "$5.99$5.99"
    },
    {
        "id": 52,
        "name": "NextMilk Whole Plant-Based Beverage",
        "price": "1.74 l, $0.28/100ml",
        "brand": "Silk",
        "image_url": "https://assets.shop.loblaws.ca/products/21518871/b3/en/front/21518871_front_a06_@2.png",
        "image_alt": "Silk NextMilk Whole Plant-Based Beverage 1.74 l, $0.28/100ml",
        "price_product_tile": "$4.79$4.79"
    },
    {
        "id": 53,
        "name": "Organic Milk 1%",
        "price": "1 l, $0.43/100ml",
        "brand": "PC Organics",
        "image_url": "https://assets.shop.loblaws.ca/products/20296180003/b3/en/front/20296180003_front_a06_@2.png",
        "image_alt": "PC Organics Organic Milk 1% 1 l, $0.43/100ml",
        "price_product_tile": "$4.29$4.29"
    },
    {
        "id": 54,
        "name": "Almond Plant Based Yogurt, Plain, Unsweetened, Dairy-Free",
        "price": "640 g, $0.94/100g",
        "brand": "Silk",
        "image_url": "https://assets.shop.loblaws.ca/products/21245214/b3/en/front/21245214_front_a06_@2.png",
        "image_alt": "Silk Almond Plant Based Yogurt, Plain, Unsweetened, Dairy-Free 640 g, $0.94/100g",
        "price_product_tile": "$5.99$5.99"
    },
    {
        "id": 55,
        "name": "Vegan Yogurt, Vanilla Coconut",
        "price": "650 g, $1.00/100g",
        "brand": "Riviera",
        "image_url": "https://assets.shop.loblaws.ca/products/21184636/b3/en/front/21184636_front_a06_@2.png",
        "image_alt": "Riviera Vegan Yogurt, Vanilla Coconut 650 g, $1.00/100g",
        "price_product_tile": "$6.49$6.49"
    },
    {
        "id": 56,
        "name": "Soy Beverage, Chocolate Flavour, Dairy-Free",
        "price": "1.89 l, $0.25/100ml",
        "brand": "Silk",
        "image_url": "https://assets.shop.loblaws.ca/products/20124384003/b3/en/front/20124384003_front_a06_@2.png",
        "image_alt": "Silk Soy Beverage, Chocolate Flavour, Dairy-Free 1.89 l, $0.25/100ml",
        "price_product_tile": "$4.79$4.79"
    },
    {
        "id": 57,
        "name": "Vanilla Protein Plant-Based Yogurt",
        "price": "500 g, $1.20/100g",
        "brand": "Silk",
        "image_url": "https://assets.shop.loblaws.ca/products/21588707/b3/en/front/21588707_front_a06_@2.png",
        "image_alt": "Silk Vanilla Protein Plant-Based Yogurt 500 g, $1.20/100g",
        "price_product_tile": "$5.99$5.99"
    },
    {
        "id": 58,
        "name": "Organic Partly Skimmed 1% Milk",
        "price": "2 l, $0.36/100ml",
        "brand": "PC Organics",
        "image_url": "https://assets.shop.loblaws.ca/products/20354536/b3/en/front/20354536_front_a06_@2.png",
        "image_alt": "PC Organics Organic Partly Skimmed 1% Milk 2 l, $0.36/100ml",
        "price_product_tile": "$7.14$7.14"
    },
    {
        "id": 59,
        "name": "Almond Breeze, Unsweetened Vanilla",
        "price": "946 ml, $0.37/100ml",
        "brand": "Blue Diamond",
        "image_url": "https://assets.shop.loblaws.ca/products/20264273/b3/en/front/20264273_front_a06_@2.png",
        "image_alt": "Blue Diamond Almond Breeze, Unsweetened Vanilla 946 ml, $0.37/100ml",
        "price_product_tile": "$3.49$3.49"
    },
    {
        "id": 60,
        "name": "Extra Large Size Free-Range Brown Eggs",
        "price": "12 eggs, $0.67/1ea",
        "brand": "PC Organics",
        "image_url": "https://assets.shop.loblaws.ca/products/20813389001/b3/en/front/20813389001_front_a06_@2.png",
        "image_alt": "PC Organics Extra Large Size Free-Range Brown Eggs 12 eggs, $0.67/1ea",
        "price_product_tile": "$8.08$8.08"
    },
    {
        "id": 61,
        "name": "Organics Unsalted Butter Churned",
        "price": "250 g, $2.60/100g",
        "brand": "PC Organics",
        "image_url": "https://assets.shop.loblaws.ca/products/21588696/b3/en/front/21588696_front_a06_@2.png",
        "image_alt": "PC Organics Organics Unsalted Butter Churned 250 g, $2.60/100g",
        "price_product_tile": "$6.49$6.49"
    },
    {
        "id": 62,
        "name": "Oat Based Vegan Delight Plain",
        "price": "650 g, $1.00/100g",
        "brand": "Riviera",
        "image_url": "https://assets.shop.loblaws.ca/products/21497497/b3/en/front/21497497_front_a06_@2.png",
        "image_alt": "Riviera Oat Based Vegan Delight Plain 650 g, $1.00/100g",
        "price_product_tile": "$6.49$6.49"
    },
    {
        "id": 63,
        "name": "Plant-Based Coconut Yogurt Unsweetened Plain",
        "price": "650 g, $0.92/100g",
        "brand": "Silk",
        "image_url": "https://assets.shop.loblaws.ca/products/21588784/b3/en/front/21588784_front_a06_@2.png",
        "image_alt": "Silk Plant-Based Coconut Yogurt Unsweetened Plain 650 g, $0.92/100g",
        "price_product_tile": "$5.99$5.99"
    },
    {
        "id": 64,
        "name": "Organic Cheese, Marble Cheddar",
        "price": "200 g, $3.50/100g",
        "brand": "PC Organics",
        "image_url": "https://assets.shop.loblaws.ca/products/20320775001/b3/en/front/20320775001_front_a06_@2.png",
        "image_alt": "PC Organics Organic Cheese, Marble Cheddar 200 g, $3.50/100g",
        "price_product_tile": "$6.99$6.99"
    },
    {
        "id": 65,
        "name": "Dairy-Free Coconut Milk Kefir",
        "price": "1000 ml, $0.65/100ml",
        "brand": "PC Organics",
        "image_url": "https://assets.shop.loblaws.ca/products/21105766/b3/en/front/21105766_front_a06_@2.png",
        "image_alt": "PC Organics Dairy-Free Coconut Milk Kefir 1000 ml, $0.65/100ml",
        "price_product_tile": "$6.49$6.49"
    },
    {
        "id": 66,
        "name": "Dairy Free Plant Based Almond Yogurt, Vanilla Flavour",
        "price": "640 g, $0.94/100g",
        "brand": "Silk",
        "image_url": "https://assets.shop.loblaws.ca/products/21196118/b3/en/front/21196118_front_a06_@2.png",
        "image_alt": "Silk Dairy Free Plant Based Almond Yogurt, Vanilla Flavour 640 g, $0.94/100g",
        "price_product_tile": "$5.99$5.99"
    },
    {
        "id": 67,
        "name": "Almond Breeze, Vanilla",
        "price": "946 ml, $0.37/100ml",
        "brand": "Blue Diamond",
        "image_url": "https://assets.shop.loblaws.ca/products/20107219001/b3/en/front/20107219001_front_a06_@2.png",
        "image_alt": "Blue Diamond Almond Breeze, Vanilla 946 ml, $0.37/100ml",
        "price_product_tile": "$3.49$3.49"
    },
    {
        "id": 68,
        "name": "Oat Beverage, Vanilla",
        "price": "946 ml, $0.29/100ml",
        "brand": "So Fresh",
        "image_url": "https://assets.shop.loblaws.ca/products/21108254/b3/en/front/21108254_front_a06_@2.png",
        "image_alt": "So Fresh Oat Beverage, Vanilla 946 ml, $0.29/100ml",
        "price_product_tile": "$2.79$2.79$3.29$3.29SAVE $0.50"
    },
    {
        "id": 69,
        "name": "Organic Skim Milk",
        "price": "4 l, $0.25/100ml",
        "brand": "PC Organics",
        "image_url": "https://assets.shop.loblaws.ca/products/20308534001/b3/en/front/20308534001_front_a06_@2.png",
        "image_alt": "PC Organics Organic Skim Milk 4 l, $0.25/100ml",
        "price_product_tile": "$10.19$10.19"
    },
    {
        "id": 70,
        "name": "Organic Partly Skimmed 2% Milk",
        "price": "2 l, $0.36/100ml",
        "brand": "PC Organics",
        "image_url": "https://assets.shop.loblaws.ca/products/20354310/b3/en/front/20354310_front_a06_@2.png",
        "image_alt": "PC Organics Organic Partly Skimmed 2% Milk 2 l, $0.36/100ml",
        "price_product_tile": "$7.14$7.14"
    },
    {
        "id": 71,
        "name": "Mature Cheddar Style Slices",
        "price": "200 g, $3.00/100g",
        "brand": "Violife",
        "image_url": "https://assets.shop.loblaws.ca/products/21339319/b3/en/front/21339319_front_a06_@2.png",
        "image_alt": "Violife Mature Cheddar Style Slices 200 g, $3.00/100g",
        "price_product_tile": "$5.99$5.99"
    },
    {
        "id": 72,
        "name": "Cheddar Style Shreds",
        "price": "200 g, $3.00/100g",
        "brand": "Violife",
        "image_url": "https://assets.shop.loblaws.ca/products/21592030/b3/en/front/21592030_front_a06_@2.png",
        "image_alt": "Violife Cheddar Style Shreds 200 g, $3.00/100g",
        "price_product_tile": "$5.99$5.99"
    },
    {
        "id": 73,
        "name": "Organic Partly Skimmed 2% Milk",
        "price": "4 l, $0.25/100ml",
        "brand": "PC Organics",
        "image_url": "https://assets.shop.loblaws.ca/products/20304385/b3/en/front/20304385_front_a06_@2.png",
        "image_alt": "PC Organics Organic Partly Skimmed 2% Milk 4 l, $0.25/100ml",
        "price_product_tile": "$10.19$10.19"
    },
    {
        "id": 74,
        "name": "Organic Yogurt, Blueberry 3%",
        "price": "650 g, $0.92/100g",
        "brand": "Olympic",
        "image_url": "https://assets.shop.loblaws.ca/products/20316485007/b3/en/front/20316485007_front_a06_@2.png",
        "image_alt": "Olympic Organic Yogurt, Blueberry 3% 650 g, $0.92/100g",
        "price_product_tile": "$5.99$5.99"
    },
    {
        "id": 75,
        "name": "Barista Oat Drink, Original",
        "price": "946 ml, $0.63/100ml",
        "brand": "Oatly",
        "image_url": "https://assets.shop.loblaws.ca/products/21561119/b3/en/front/21561119_front_a06_@2.png",
        "image_alt": "Oatly Barista Oat Drink, Original 946 ml, $0.63/100ml",
        "price_product_tile": "$5.99$5.99"
    },
    {
        "id": 76,
        "name": "Organic Fresh Skim Milk",
        "price": "2 l, $0.36/100ml",
        "brand": "PC Organics",
        "image_url": "https://assets.shop.loblaws.ca/products/20354309/b3/en/front/20354309_front_a06_@2.png",
        "image_alt": "PC Organics Organic Fresh Skim Milk 2 l, $0.36/100ml",
        "price_product_tile": "$7.14$7.14"
    },
    {
        "id": 77,
        "name": "Coconut Milk Vegan Yogurt - Raspberry Blackcurrant",
        "price": "500 g, $1.30/100g",
        "brand": "Riviera",
        "image_url": "https://assets.shop.loblaws.ca/products/21201434/b3/en/front/21201434_front_a06_@2.png",
        "image_alt": "Riviera Coconut Milk Vegan Yogurt - Raspberry Blackcurrant 500 g, $1.30/100g",
        "price_product_tile": "$6.49$6.49"
    },
    {
        "id": 78,
        "name": "Krema Yogurt, Vanilla 10%",
        "price": "650 g, $0.92/100g",
        "brand": "Olympic",
        "image_url": "https://assets.shop.loblaws.ca/products/20588372001/b3/en/front/20588372001_front_a06_@2.png",
        "image_alt": "Olympic Krema Yogurt, Vanilla 10% 650 g, $0.92/100g",
        "price_product_tile": "$5.99$5.99"
    },
    {
        "id": 79,
        "name": "Organic Plain Kefir Probiotic Fermented 1% M.F. Milk",
        "price": "1 l, $0.65/100ml",
        "brand": "PC Organics",
        "image_url": "https://assets.shop.loblaws.ca/products/20944278/b3/en/front/20944278_front_a06_@2.png",
        "image_alt": "PC Organics Organic Plain Kefir Probiotic Fermented 1% M.F. Milk 1 l, $0.65/100ml",
        "price_product_tile": "$6.49$6.49"
    },
    {
        "id": 80,
        "name": "Coconut Milk Vegan Yogurt - Mango And Passion Fruit",
        "price": "500 g, $1.30/100g",
        "brand": "Riviera",
        "image_url": "https://assets.shop.loblaws.ca/products/21201523/b3/en/front/21201523_front_a06_@2.png",
        "image_alt": "Riviera Coconut Milk Vegan Yogurt - Mango And Passion Fruit 500 g, $1.30/100g",
        "price_product_tile": "$6.49$6.49"
    },
    {
        "id": 81,
        "name": "Almond Breeze, Original",
        "price": "946 ml, $0.37/100ml",
        "brand": "Blue Diamond",
        "image_url": "https://assets.shop.loblaws.ca/products/20107219003/b3/en/front/20107219003_front_a06_@2.png",
        "image_alt": "Blue Diamond Almond Breeze, Original 946 ml, $0.37/100ml",
        "price_product_tile": "$3.49$3.49"
    },
    {
        "id": 82,
        "name": "Oat Based Vegan Delight Vanilla",
        "price": "650 g, $1.00/100g",
        "brand": "Riviera",
        "image_url": "https://assets.shop.loblaws.ca/products/21497492/b3/en/front/21497492_front_a06_@2.png",
        "image_alt": "Riviera Oat Based Vegan Delight Vanilla 650 g, $1.00/100g",
        "price_product_tile": "$6.49$6.49"
    },
    {
        "id": 83,
        "name": "Vegan Yogurt, Plain Coconut",
        "price": "650 g, $1.00/100g",
        "brand": "Riviera",
        "image_url": "https://assets.shop.loblaws.ca/products/21184634/b3/en/front/21184634_front_a06_@2.png",
        "image_alt": "Riviera Vegan Yogurt, Plain Coconut 650 g, $1.00/100g",
        "price_product_tile": "$6.49$6.49"
    },
    {
        "id": 84,
        "name": "Almond Beverage, Unsweetened, Vanilla Flavour, Dairy-Free, Shelf Stable",
        "price": "946 ml, $0.32/100ml",
        "brand": "Silk",
        "image_url": "https://assets.shop.loblaws.ca/products/20555265001/b3/en/front/20555265001_front_a06_@2.png",
        "image_alt": "Silk Almond Beverage, Unsweetened, Vanilla Flavour, Dairy-Free, Shelf Stable 946 ml, $0.32/100ml",
        "price_product_tile": "$2.99$2.99"
    },
    {
        "id": 85,
        "name": "Plain Skyr Icelandic Style 0% MF Yogurt",
        "price": "500 g, $1.20/100g",
        "brand": "PC Organics",
        "image_url": "https://assets.shop.loblaws.ca/products/21170510/b3/en/front/21170510_front_a06_@2.png",
        "image_alt": "PC Organics Plain Skyr Icelandic Style 0% MF Yogurt 500 g, $1.20/100g",
        "price_product_tile": "$5.99$5.99"
    },
    {
        "id": 86,
        "name": "Organic Kefir Milk, Strawberry",
        "price": "1000 ml, $0.65/100ml",
        "brand": "PC Organics",
        "image_url": "https://assets.shop.loblaws.ca/products/20941529/b3/en/front/20941529_front_a06_@2.png",
        "image_alt": "PC Organics Organic Kefir Milk, Strawberry 1000 ml, $0.65/100ml",
        "price_product_tile": "$6.49$6.49"
    },
    {
        "id": 87,
        "name": "Organic Yogurt, Vanilla 3%",
        "price": "650 g, $0.92/100g",
        "brand": "Olympic",
        "image_url": "https://assets.shop.loblaws.ca/products/20316485006/b3/en/front/20316485006_front_a06_@2.png",
        "image_alt": "Olympic Organic Yogurt, Vanilla 3% 650 g, $0.92/100g",
        "price_product_tile": "$5.99$5.99"
    },
    {
        "id": 88,
        "name": "Oat Zero Sugar Beverage Original",
        "price": "946 ml, $0.29/100ml",
        "brand": "Earths Own",
        "image_url": "https://assets.shop.loblaws.ca/products/21547996/b3/en/front/21547996_front_a06_@2.png",
        "image_alt": "Earths Own Oat Zero Sugar Beverage Original 946 ml, $0.29/100ml",
        "price_product_tile": "$2.79$2.79$3.29$3.29SAVE $0.50"
    }
]