<div data-testid="product-grid" class="css-epcqr3"><div class="css-0"><div class="css-f5i5wc"><div class="chakra-linkbox css-vhnn8v"><div data-testid="product-image" class="css-16dr4ly"><img alt="Christie Ritz Original Crackers 180 g, $1.94/100g" src="https://assets.shop.loblaws.ca/products/21547034/b3/en/front/21547034_front_a06_@2.png" srcset="https://assets.shop.loblaws.ca/products/21547034/b3/en/front/21547034_front_a06_@2.png 1x, https://assets.shop.loblaws.ca/products/21547034/b3/en/front/21547034_front_a06_@2.png 2x" loading="lazy" class="chakra-image css-oguq8l" aria-hidden="true"></div><div class="css-qoklea"><div class="css-12dchmx"></div><div data-testid="price-product-tile" class="css-8atqhb"><p class="chakra-text css-0"><span class="chakra-text css-pwnbcb" data-testid="regular-price"><span class="css-idkz9h">$3.49</span>$3.49</span></p></div><a href="/ritz-original-crackers/p/21547034_EA?source=nspt" class="chakra-linkbox__overlay css-1hnz6hu"><div class="css-0"><p class="chakra-text css-1ecdp9w" data-testid="product-brand">Christie</p><h3 class="chakra-heading css-6qrhwc" id="21547034_EA" data-testid="product-title">Ritz Original Crackers</h3><p class="chakra-text css-1yftjin" data-testid="product-package-size">180 g, $1.94/100g</p></div></a><div class="css-8keand"></div></div><div class="css-1q5omjq"><div class="css-fcebb8"><div data-testid="atc-compact" class="css-y94ivq" style="width: 45px;"><button type="button" class="chakra-button css-mudsm6" data-testid="atc-button"><svg stroke="currentColor" fill="currentColor" stroke-width="0" viewBox="0 0 24 24" focusable="false" class="chakra-icon css-1g3sp7a" data-testid="btn-icon" aria-hidden="true" height="1em" width="1em" xmlns="http://www.w3.org/2000/svg"><path d="M19 13h-6v6h-2v-6H5v-2h6V5h2v6h6v2z"></path></svg><span class="css-idkz9h">Add Ritz Original Crackers to cart</span></button></div></div></div></div></div></div><div class="css-0"><div class="css-f5i5wc"><div class="chakra-linkbox css-vhnn8v"><div data-testid="product-image" class="css-16dr4ly"><img alt="The Snack Factory Pretzel Crisps, Original 200 g, $2.50/100g" src="https://assets.shop.loblaws.ca/products/20948940/b3/en/front/20948940_front_a06_@2.png" srcset="https://assets.shop.loblaws.ca/products/20948940/b3/en/front/20948940_front_a06_@2.png 1x, https://assets.shop.loblaws.ca/products/20948940/b3/en/front/20948940_front_a06_@2.png 2x" loading="lazy" class="chakra-image css-oguq8l" aria-hidden="true"></div><div class="css-qoklea"><div class="css-12dchmx"></div><div data-testid="price-product-tile" class="css-8atqhb"><p class="chakra-text css-0"><span class="chakra-text css-o93gbd" data-testid="sale-price"><span class="css-idkz9h">$4.99</span>$4.99</span><span class="chakra-text css-623q5h" data-testid="was-price"><span class="css-idkz9h">$5.99</span>$5.99</span></p><p class="chakra-text css-1m5a6y8" data-testid="price-descriptor">SAVE $1.00</p></div><a href="/pretzel-crisps-original/p/20948940_EA?source=nspt" class="chakra-linkbox__overlay css-1hnz6hu"><div class="css-0"><p class="chakra-text css-1ecdp9w" data-testid="product-brand">The Snack Factory</p><h3 class="chakra-heading css-6qrhwc" id="20948940_EA" data-testid="product-title">Pretzel Crisps, Original</h3><p class="chakra-text css-1yftjin" data-testid="product-package-size">200 g, $2.50/100g</p></div></a><div class="css-8keand"></div></div><div class="css-1q5omjq"><div class="css-fcebb8"><div data-testid="atc-compact" class="css-y94ivq" style="width: 45px;"><button type="button" class="chakra-button css-mudsm6" data-testid="atc-button"><svg stroke="currentColor" fill="currentColor" stroke-width="0" viewBox="0 0 24 24" focusable="false" class="chakra-icon css-1g3sp7a" data-testid="btn-icon" aria-hidden="true" height="1em" width="1em" xmlns="http://www.w3.org/2000/svg"><path d="M19 13h-6v6h-2v-6H5v-2h6V5h2v6h6v2z"></path></svg><span class="css-idkz9h">Add Pretzel Crisps, Original to cart</span></button></div></div></div></div></div></div><div class="css-0"><div class="css-f5i5wc"><div class="chakra-linkbox css-vhnn8v"><div data-testid="product-image" class="css-16dr4ly"><img alt="President's Choice Sea Salt Crackers 185 g, $1.62/100g" src="https://assets.shop.loblaws.ca/products/20603888003/b3/en/front/20603888003_front_a06_@2.png" srcset="https://assets.shop.loblaws.ca/products/20603888003/b3/en/front/20603888003_front_a06_@2.png 1x, https://assets.shop.loblaws.ca/products/20603888003/b3/en/front/20603888003_front_a06_@2.png 2x" loading="lazy" class="chakra-image css-oguq8l" aria-hidden="true"></div><div class="css-qoklea"><div class="css-12dchmx"></div><div data-testid="price-product-tile" class="css-8atqhb"><p class="chakra-text css-0"><span class="chakra-text css-pwnbcb" data-testid="regular-price"><span class="css-idkz9h">$2.99</span>$2.99</span></p></div><a href="/sea-salt-crackers/p/20603888003_EA?source=nspt" class="chakra-linkbox__overlay css-1hnz6hu"><div class="css-0"><p class="chakra-text css-1ecdp9w" data-testid="product-brand">President's Choice</p><h3 class="chakra-heading css-6qrhwc" id="20603888003_EA" data-testid="product-title">Sea Salt Crackers</h3><p class="chakra-text css-1yftjin" data-testid="product-package-size">185 g, $1.62/100g</p></div></a><div class="css-8keand"></div></div><div class="css-1q5omjq"><div class="css-fcebb8"><div data-testid="atc-compact" class="css-y94ivq" style="width: 45px;"><button type="button" class="chakra-button css-mudsm6" data-testid="atc-button"><svg stroke="currentColor" fill="currentColor" stroke-width="0" viewBox="0 0 24 24" focusable="false" class="chakra-icon css-1g3sp7a" data-testid="btn-icon" aria-hidden="true" height="1em" width="1em" xmlns="http://www.w3.org/2000/svg"><path d="M19 13h-6v6h-2v-6H5v-2h6V5h2v6h6v2z"></path></svg><span class="css-idkz9h">Add Sea Salt Crackers to cart</span></button></div></div></div></div></div></div><div class="css-0"><div class="css-f5i5wc"><div class="chakra-linkbox css-vhnn8v"><div data-testid="product-image" class="css-16dr4ly"><img alt="President's Choice Traditional Naan Dippers 200 g, $2.00/100g" src="https://assets.shop.loblaws.ca/products/21092033/b3/en/front/21092033_front_a06_@2.png" srcset="https://assets.shop.loblaws.ca/products/21092033/b3/en/front/21092033_front_a06_@2.png 1x, https://assets.shop.loblaws.ca/products/21092033/b3/en/front/21092033_front_a06_@2.png 2x" loading="lazy" class="chakra-image css-oguq8l" aria-hidden="true"></div><div class="css-qoklea"><div class="css-12dchmx"></div><div data-testid="price-product-tile" class="css-8atqhb"><p class="chakra-text css-0"><span class="chakra-text css-o93gbd" data-testid="sale-price"><span class="css-idkz9h">$3.99</span>$3.99</span><span class="chakra-text css-623q5h" data-testid="was-price"><span class="css-idkz9h">$4.79</span>$4.79</span></p><p class="chakra-text css-1m5a6y8" data-testid="price-descriptor">SAVE $0.80</p></div><a href="/traditional-naan-dippers/p/21092033_EA?source=nspt" class="chakra-linkbox__overlay css-1hnz6hu"><div class="css-0"><p class="chakra-text css-1ecdp9w" data-testid="product-brand">President's Choice</p><h3 class="chakra-heading css-6qrhwc" id="21092033_EA" data-testid="product-title">Traditional Naan Dippers</h3><p class="chakra-text css-1yftjin" data-testid="product-package-size">200 g, $2.00/100g</p></div></a><div class="css-8keand"></div></div><div class="css-1q5omjq"><div class="css-fcebb8"><div data-testid="atc-compact" class="css-y94ivq" style="width: 45px;"><button type="button" class="chakra-button css-mudsm6" data-testid="atc-button"><svg stroke="currentColor" fill="currentColor" stroke-width="0" viewBox="0 0 24 24" focusable="false" class="chakra-icon css-1g3sp7a" data-testid="btn-icon" aria-hidden="true" height="1em" width="1em" xmlns="http://www.w3.org/2000/svg"><path d="M19 13h-6v6h-2v-6H5v-2h6V5h2v6h6v2z"></path></svg><span class="css-idkz9h">Add Traditional Naan Dippers to cart</span></button></div></div></div></div></div></div><div class="css-0"><div class="css-f5i5wc"><div class="chakra-linkbox css-vhnn8v"><div data-testid="product-image" class="css-16dr4ly"><img alt="Christie Toppables Crackers 386 g, $0.90/100g" src="https://assets.shop.loblaws.ca/products/21449871/b3/en/front/21449871_front_a06_@2.png" srcset="https://assets.shop.loblaws.ca/products/21449871/b3/en/front/21449871_front_a06_@2.png 1x, https://assets.shop.loblaws.ca/products/21449871/b3/en/front/21449871_front_a06_@2.png 2x" loading="lazy" class="chakra-image css-oguq8l" aria-hidden="true"></div><div class="css-qoklea"><div class="css-12dchmx"></div><div data-testid="price-product-tile" class="css-8atqhb"><p class="chakra-text css-0"><span class="chakra-text css-pwnbcb" data-testid="regular-price"><span class="css-idkz9h">$3.49</span>$3.49</span></p></div><a href="/toppables-crackers/p/21449871_EA?source=nspt" class="chakra-linkbox__overlay css-1hnz6hu"><div class="css-0"><p class="chakra-text css-1ecdp9w" data-testid="product-brand">Christie</p><h3 class="chakra-heading css-6qrhwc" id="21449871_EA" data-testid="product-title">Toppables Crackers</h3><p class="chakra-text css-1yftjin" data-testid="product-package-size">386 g, $0.90/100g</p></div></a><div class="css-8keand"></div></div><div class="css-1q5omjq"><div class="css-fcebb8"><div data-testid="atc-compact" class="css-y94ivq" style="width: 45px;"><button type="button" class="chakra-button css-mudsm6" data-testid="atc-button"><svg stroke="currentColor" fill="currentColor" stroke-width="0" viewBox="0 0 24 24" focusable="false" class="chakra-icon css-1g3sp7a" data-testid="btn-icon" aria-hidden="true" height="1em" width="1em" xmlns="http://www.w3.org/2000/svg"><path d="M19 13h-6v6h-2v-6H5v-2h6V5h2v6h6v2z"></path></svg><span class="css-idkz9h">Add Toppables Crackers to cart</span></button></div></div></div></div></div></div><div class="css-0"><div class="css-f5i5wc"><div class="chakra-linkbox css-vhnn8v"><div data-testid="product-image" class="css-16dr4ly"><img alt="Christie Wheat Thins Multigrain Crackers 180 g, $1.38/100g" src="https://assets.shop.loblaws.ca/products/21547048/b3/en/front/21547048_front_a06_@2.png" srcset="https://assets.shop.loblaws.ca/products/21547048/b3/en/front/21547048_front_a06_@2.png 1x, https://assets.shop.loblaws.ca/products/21547048/b3/en/front/21547048_front_a06_@2.png 2x" loading="lazy" class="chakra-image css-oguq8l" aria-hidden="true"></div><div class="css-qoklea"><div class="css-12dchmx"><div class="chakra-badge css-1esrteb" data-testid="product-badge"><div class="css-u4p24i">Hit of the Month</div></div></div><div data-testid="price-product-tile" class="css-8atqhb"><p class="chakra-text css-0"><span class="chakra-text css-o93gbd" data-testid="sale-price"><span class="css-idkz9h">$1.88</span>$1.88</span><span class="chakra-text css-623q5h" data-testid="was-price"><span class="css-idkz9h"></span></span></p><p class="chakra-text css-1m5a6y8" data-testid="price-descriptor">Limit 6, after limit $2.49</p></div><a href="/wheat-thins-multigrain-crackers/p/21547048_EA?source=nspt" class="chakra-linkbox__overlay css-1hnz6hu"><div class="css-0"><p class="chakra-text css-1ecdp9w" data-testid="product-brand">Christie</p><h3 class="chakra-heading css-6qrhwc" id="21547048_EA" data-testid="product-title">Wheat Thins Multigrain Crackers</h3><p class="chakra-text css-1yftjin" data-testid="product-package-size">180 g, $1.38/100g</p></div></a><div class="css-8keand"></div></div><div class="css-1q5omjq"><div class="css-fcebb8"><div data-testid="atc-compact" class="css-y94ivq" style="width: 45px;"><button type="button" class="chakra-button css-mudsm6" data-testid="atc-button"><svg stroke="currentColor" fill="currentColor" stroke-width="0" viewBox="0 0 24 24" focusable="false" class="chakra-icon css-1g3sp7a" data-testid="btn-icon" aria-hidden="true" height="1em" width="1em" xmlns="http://www.w3.org/2000/svg"><path d="M19 13h-6v6h-2v-6H5v-2h6V5h2v6h6v2z"></path></svg><span class="css-idkz9h">Add Wheat Thins Multigrain Crackers to cart</span></button></div></div></div></div></div></div><div class="css-0"><div class="css-f5i5wc"><div class="chakra-linkbox css-vhnn8v"><div data-testid="product-image" class="css-16dr4ly"><img alt="President's Choice Rosemary Crackers 185 g, $1.62/100g" src="https://assets.shop.loblaws.ca/products/20603888002/b3/en/front/20603888002_front_a06_@2.png" srcset="https://assets.shop.loblaws.ca/products/20603888002/b3/en/front/20603888002_front_a06_@2.png 1x, https://assets.shop.loblaws.ca/products/20603888002/b3/en/front/20603888002_front_a06_@2.png 2x" loading="lazy" class="chakra-image css-oguq8l" aria-hidden="true"></div><div class="css-qoklea"><div class="css-12dchmx"></div><div data-testid="price-product-tile" class="css-8atqhb"><p class="chakra-text css-0"><span class="chakra-text css-pwnbcb" data-testid="regular-price"><span class="css-idkz9h">$2.99</span>$2.99</span></p></div><a href="/rosemary-crackers/p/20603888002_EA?source=nspt" class="chakra-linkbox__overlay css-1hnz6hu"><div class="css-0"><p class="chakra-text css-1ecdp9w" data-testid="product-brand">President's Choice</p><h3 class="chakra-heading css-6qrhwc" id="20603888002_EA" data-testid="product-title">Rosemary Crackers</h3><p class="chakra-text css-1yftjin" data-testid="product-package-size">185 g, $1.62/100g</p></div></a><div class="css-8keand"></div></div><div class="css-1q5omjq"><div class="css-fcebb8"><div data-testid="atc-compact" class="css-y94ivq" style="width: 45px;"><button type="button" class="chakra-button css-mudsm6" data-testid="atc-button"><svg stroke="currentColor" fill="currentColor" stroke-width="0" viewBox="0 0 24 24" focusable="false" class="chakra-icon css-1g3sp7a" data-testid="btn-icon" aria-hidden="true" height="1em" width="1em" xmlns="http://www.w3.org/2000/svg"><path d="M19 13h-6v6h-2v-6H5v-2h6V5h2v6h6v2z"></path></svg><span class="css-idkz9h">Add Rosemary Crackers to cart</span></button></div></div></div></div></div></div><div class="css-0"><div class="css-f5i5wc"><div class="chakra-linkbox css-vhnn8v"><div data-testid="product-image" class="css-16dr4ly"><img alt="The Snack Factory Pretzel Crisps, Garlic Parmesan     200 g, $2.50/100g" src="https://assets.shop.loblaws.ca/products/20948939/b3/en/front/20948939_front_a06_@2.png" srcset="https://assets.shop.loblaws.ca/products/20948939/b3/en/front/20948939_front_a06_@2.png 1x, https://assets.shop.loblaws.ca/products/20948939/b3/en/front/20948939_front_a06_@2.png 2x" loading="lazy" class="chakra-image css-oguq8l" aria-hidden="true"></div><div class="css-qoklea"><div class="css-12dchmx"></div><div data-testid="price-product-tile" class="css-8atqhb"><p class="chakra-text css-0"><span class="chakra-text css-o93gbd" data-testid="sale-price"><span class="css-idkz9h">$4.99</span>$4.99</span><span class="chakra-text css-623q5h" data-testid="was-price"><span class="css-idkz9h">$5.99</span>$5.99</span></p><p class="chakra-text css-1m5a6y8" data-testid="price-descriptor">SAVE $1.00</p></div><a href="/pretzel-crisps-garlic-parmesan/p/20948939_EA?source=nspt" class="chakra-linkbox__overlay css-1hnz6hu"><div class="css-0"><p class="chakra-text css-1ecdp9w" data-testid="product-brand">The Snack Factory</p><h3 class="chakra-heading css-6qrhwc" id="20948939_EA" data-testid="product-title">Pretzel Crisps, Garlic Parmesan    </h3><p class="chakra-text css-1yftjin" data-testid="product-package-size">200 g, $2.50/100g</p></div></a><div class="css-8keand"></div></div><div class="css-1q5omjq"><div class="css-fcebb8"><div data-testid="atc-compact" class="css-y94ivq" style="width: 45px;"><button type="button" class="chakra-button css-mudsm6" data-testid="atc-button"><svg stroke="currentColor" fill="currentColor" stroke-width="0" viewBox="0 0 24 24" focusable="false" class="chakra-icon css-1g3sp7a" data-testid="btn-icon" aria-hidden="true" height="1em" width="1em" xmlns="http://www.w3.org/2000/svg"><path d="M19 13h-6v6h-2v-6H5v-2h6V5h2v6h6v2z"></path></svg><span class="css-idkz9h">Add Pretzel Crisps, Garlic Parmesan     to cart</span></button></div></div></div></div></div></div><div class="css-0"><div class="css-f5i5wc"><div class="chakra-linkbox css-vhnn8v"><div data-testid="product-image" class="css-16dr4ly"><img alt="Christie Wheat Thins Original Crackers 180 g, $1.38/100g" src="https://assets.shop.loblaws.ca/products/21547049/b3/en/front/21547049_front_a06_@2.png" srcset="https://assets.shop.loblaws.ca/products/21547049/b3/en/front/21547049_front_a06_@2.png 1x, https://assets.shop.loblaws.ca/products/21547049/b3/en/front/21547049_front_a06_@2.png 2x" loading="lazy" class="chakra-image css-oguq8l" aria-hidden="true"></div><div class="css-qoklea"><div class="css-12dchmx"><div class="chakra-badge css-1esrteb" data-testid="product-badge"><div class="css-u4p24i">Hit of the Month</div></div></div><div data-testid="price-product-tile" class="css-8atqhb"><p class="chakra-text css-0"><span class="chakra-text css-o93gbd" data-testid="sale-price"><span class="css-idkz9h">$1.88</span>$1.88</span><span class="chakra-text css-623q5h" data-testid="was-price"><span class="css-idkz9h"></span></span></p><p class="chakra-text css-1m5a6y8" data-testid="price-descriptor">Limit 6, after limit $2.49</p></div><a href="/wheat-thins-original-crackers/p/21547049_EA?source=nspt" class="chakra-linkbox__overlay css-1hnz6hu"><div class="css-0"><p class="chakra-text css-1ecdp9w" data-testid="product-brand">Christie</p><h3 class="chakra-heading css-6qrhwc" id="21547049_EA" data-testid="product-title">Wheat Thins Original Crackers</h3><p class="chakra-text css-1yftjin" data-testid="product-package-size">180 g, $1.38/100g</p></div></a><div class="css-8keand"></div></div><div class="css-1q5omjq"><div class="css-fcebb8"><div data-testid="atc-compact" class="css-y94ivq" style="width: 45px;"><button type="button" class="chakra-button css-mudsm6" data-testid="atc-button"><svg stroke="currentColor" fill="currentColor" stroke-width="0" viewBox="0 0 24 24" focusable="false" class="chakra-icon css-1g3sp7a" data-testid="btn-icon" aria-hidden="true" height="1em" width="1em" xmlns="http://www.w3.org/2000/svg"><path d="M19 13h-6v6h-2v-6H5v-2h6V5h2v6h6v2z"></path></svg><span class="css-idkz9h">Add Wheat Thins Original Crackers to cart</span></button></div></div></div></div></div></div><div class="css-0"><div class="css-f5i5wc"><div class="chakra-linkbox css-vhnn8v"><div data-testid="product-image" class="css-16dr4ly"><img alt="The Snack Factory Pretzel Crisps, Everything     200 g, $2.50/100g" src="https://assets.shop.loblaws.ca/products/20948904/b3/en/front/20948904_front_a06_@2.png" srcset="https://assets.shop.loblaws.ca/products/20948904/b3/en/front/20948904_front_a06_@2.png 1x, https://assets.shop.loblaws.ca/products/20948904/b3/en/front/20948904_front_a06_@2.png 2x" loading="lazy" class="chakra-image css-oguq8l" aria-hidden="true"></div><div class="css-qoklea"><div class="css-12dchmx"></div><div data-testid="price-product-tile" class="css-8atqhb"><p class="chakra-text css-0"><span class="chakra-text css-o93gbd" data-testid="sale-price"><span class="css-idkz9h">$4.99</span>$4.99</span><span class="chakra-text css-623q5h" data-testid="was-price"><span class="css-idkz9h">$5.99</span>$5.99</span></p><p class="chakra-text css-1m5a6y8" data-testid="price-descriptor">SAVE $1.00</p></div><a href="/pretzel-crisps-everything/p/20948904_EA?source=nspt" class="chakra-linkbox__overlay css-1hnz6hu"><div class="css-0"><p class="chakra-text css-1ecdp9w" data-testid="product-brand">The Snack Factory</p><h3 class="chakra-heading css-6qrhwc" id="20948904_EA" data-testid="product-title">Pretzel Crisps, Everything    </h3><p class="chakra-text css-1yftjin" data-testid="product-package-size">200 g, $2.50/100g</p></div></a><div class="css-8keand"></div></div><div class="css-1q5omjq"><div class="css-fcebb8"><div data-testid="atc-compact" class="css-y94ivq" style="width: 45px;"><button type="button" class="chakra-button css-mudsm6" data-testid="atc-button"><svg stroke="currentColor" fill="currentColor" stroke-width="0" viewBox="0 0 24 24" focusable="false" class="chakra-icon css-1g3sp7a" data-testid="btn-icon" aria-hidden="true" height="1em" width="1em" xmlns="http://www.w3.org/2000/svg"><path d="M19 13h-6v6h-2v-6H5v-2h6V5h2v6h6v2z"></path></svg><span class="css-idkz9h">Add Pretzel Crisps, Everything     to cart</span></button></div></div></div></div></div></div><div class="css-0"><div class="css-f5i5wc"><div class="chakra-linkbox css-vhnn8v"><div data-testid="product-image" class="css-16dr4ly"><img alt="Christie Vegetable Thins Original Crackers 180 g, $1.38/100g" src="https://assets.shop.loblaws.ca/products/21547047/b3/en/front/21547047_front_a06_@2.png" srcset="https://assets.shop.loblaws.ca/products/21547047/b3/en/front/21547047_front_a06_@2.png 1x, https://assets.shop.loblaws.ca/products/21547047/b3/en/front/21547047_front_a06_@2.png 2x" loading="lazy" class="chakra-image css-oguq8l" aria-hidden="true"></div><div class="css-qoklea"><div class="css-12dchmx"><div class="chakra-badge css-1esrteb" data-testid="product-badge"><div class="css-u4p24i">Hit of the Month</div></div></div><div data-testid="price-product-tile" class="css-8atqhb"><p class="chakra-text css-0"><span class="chakra-text css-o93gbd" data-testid="sale-price"><span class="css-idkz9h">$1.88</span>$1.88</span><span class="chakra-text css-623q5h" data-testid="was-price"><span class="css-idkz9h"></span></span></p><p class="chakra-text css-1m5a6y8" data-testid="price-descriptor">Limit 6, after limit $2.49</p></div><a href="/vegetable-thins-original-crackers/p/21547047_EA?source=nspt" class="chakra-linkbox__overlay css-1hnz6hu"><div class="css-0"><p class="chakra-text css-1ecdp9w" data-testid="product-brand">Christie</p><h3 class="chakra-heading css-6qrhwc" id="21547047_EA" data-testid="product-title">Vegetable Thins Original Crackers</h3><p class="chakra-text css-1yftjin" data-testid="product-package-size">180 g, $1.38/100g</p></div></a><div class="css-8keand"></div></div><div class="css-1q5omjq"><div class="css-fcebb8"><div data-testid="atc-compact" class="css-y94ivq" style="width: 45px;"><button type="button" class="chakra-button css-mudsm6" data-testid="atc-button"><svg stroke="currentColor" fill="currentColor" stroke-width="0" viewBox="0 0 24 24" focusable="false" class="chakra-icon css-1g3sp7a" data-testid="btn-icon" aria-hidden="true" height="1em" width="1em" xmlns="http://www.w3.org/2000/svg"><path d="M19 13h-6v6h-2v-6H5v-2h6V5h2v6h6v2z"></path></svg><span class="css-idkz9h">Add Vegetable Thins Original Crackers to cart</span></button></div></div></div></div></div></div><div class="css-0"><div class="css-f5i5wc"><div class="chakra-linkbox css-vhnn8v"><div data-testid="product-image" class="css-16dr4ly"><img alt="Pepperidge Farm Mega Bites Sharp Cheddar 167 g, $2.27/100g" src="https://assets.shop.loblaws.ca/products/21472373/b3/en/front/21472373_front_a06_@2.png" srcset="https://assets.shop.loblaws.ca/products/21472373/b3/en/front/21472373_front_a06_@2.png 1x, https://assets.shop.loblaws.ca/products/21472373/b3/en/front/21472373_front_a06_@2.png 2x" loading="lazy" class="chakra-image css-oguq8l" aria-hidden="true"></div><div class="css-qoklea"><div class="css-12dchmx"></div><div data-testid="price-product-tile" class="css-8atqhb"><p class="chakra-text css-0"><span class="chakra-text css-pwnbcb" data-testid="regular-price"><span class="css-idkz9h">$3.79</span>$3.79</span></p></div><a href="/mega-bites-sharp-cheddar/p/21472373_EA?source=nspt" class="chakra-linkbox__overlay css-1hnz6hu"><div class="css-0"><p class="chakra-text css-1ecdp9w" data-testid="product-brand">Pepperidge Farm</p><h3 class="chakra-heading css-6qrhwc" id="21472373_EA" data-testid="product-title">Mega Bites Sharp Cheddar</h3><p class="chakra-text css-1yftjin" data-testid="product-package-size">167 g, $2.27/100g</p></div></a><div class="css-8keand"></div></div><div class="css-1q5omjq"><div class="css-fcebb8"><div data-testid="atc-compact" class="css-y94ivq" style="width: 45px;"><button type="button" class="chakra-button css-mudsm6" data-testid="atc-button"><svg stroke="currentColor" fill="currentColor" stroke-width="0" viewBox="0 0 24 24" focusable="false" class="chakra-icon css-1g3sp7a" data-testid="btn-icon" aria-hidden="true" height="1em" width="1em" xmlns="http://www.w3.org/2000/svg"><path d="M19 13h-6v6h-2v-6H5v-2h6V5h2v6h6v2z"></path></svg><span class="css-idkz9h">Add Mega Bites Sharp Cheddar to cart</span></button></div></div></div></div></div></div><div class="css-0"><div class="css-f5i5wc"><div class="chakra-linkbox css-vhnn8v"><div data-testid="product-image" class="css-16dr4ly"><img alt="Dare Breton Garden Vegetable Crackers 200 g, $1.40/100g" src="https://assets.shop.loblaws.ca/products/21520682/b3/en/front/21520682_front_a06_@2.png" srcset="https://assets.shop.loblaws.ca/products/21520682/b3/en/front/21520682_front_a06_@2.png 1x, https://assets.shop.loblaws.ca/products/21520682/b3/en/front/21520682_front_a06_@2.png 2x" loading="lazy" class="chakra-image css-oguq8l" aria-hidden="true"></div><div class="css-qoklea"><div class="css-12dchmx"></div><div data-testid="price-product-tile" class="css-8atqhb"><p class="chakra-text css-0"><span class="chakra-text css-pwnbcb" data-testid="regular-price"><span class="css-idkz9h">$2.79</span>$2.79</span></p></div><a href="/breton-garden-vegetable-crackers/p/21520682_EA?source=nspt" class="chakra-linkbox__overlay css-1hnz6hu"><div class="css-0"><p class="chakra-text css-1ecdp9w" data-testid="product-brand">Dare</p><h3 class="chakra-heading css-6qrhwc" id="21520682_EA" data-testid="product-title">Breton Garden Vegetable Crackers</h3><p class="chakra-text css-1yftjin" data-testid="product-package-size">200 g, $1.40/100g</p></div></a><div class="css-8keand"></div></div><div class="css-1q5omjq"><div class="css-fcebb8"><div data-testid="atc-compact" class="css-y94ivq" style="width: 45px;"><button type="button" class="chakra-button css-mudsm6" data-testid="atc-button"><svg stroke="currentColor" fill="currentColor" stroke-width="0" viewBox="0 0 24 24" focusable="false" class="chakra-icon css-1g3sp7a" data-testid="btn-icon" aria-hidden="true" height="1em" width="1em" xmlns="http://www.w3.org/2000/svg"><path d="M19 13h-6v6h-2v-6H5v-2h6V5h2v6h6v2z"></path></svg><span class="css-idkz9h">Add Breton Garden Vegetable Crackers to cart</span></button></div></div></div></div></div></div><div class="css-0"><div class="css-f5i5wc"><div class="chakra-linkbox css-vhnn8v"><div data-testid="product-image" class="css-16dr4ly"><img alt="Dare Breton Original Crackers 200 g, $1.40/100g" src="https://assets.shop.loblaws.ca/products/21520666/b3/en/front/21520666_front_a06_@2.png" srcset="https://assets.shop.loblaws.ca/products/21520666/b3/en/front/21520666_front_a06_@2.png 1x, https://assets.shop.loblaws.ca/products/21520666/b3/en/front/21520666_front_a06_@2.png 2x" loading="lazy" class="chakra-image css-oguq8l" aria-hidden="true"></div><div class="css-qoklea"><div class="css-12dchmx"></div><div data-testid="price-product-tile" class="css-8atqhb"><p class="chakra-text css-0"><span class="chakra-text css-pwnbcb" data-testid="regular-price"><span class="css-idkz9h">$2.79</span>$2.79</span></p></div><a href="/breton-original-crackers/p/21520666_EA?source=nspt" class="chakra-linkbox__overlay css-1hnz6hu"><div class="css-0"><p class="chakra-text css-1ecdp9w" data-testid="product-brand">Dare</p><h3 class="chakra-heading css-6qrhwc" id="21520666_EA" data-testid="product-title">Breton Original Crackers</h3><p class="chakra-text css-1yftjin" data-testid="product-package-size">200 g, $1.40/100g</p></div></a><div class="css-8keand"></div></div><div class="css-1q5omjq"><div class="css-fcebb8"><div data-testid="atc-compact" class="css-y94ivq" style="width: 45px;"><button type="button" class="chakra-button css-mudsm6" data-testid="atc-button"><svg stroke="currentColor" fill="currentColor" stroke-width="0" viewBox="0 0 24 24" focusable="false" class="chakra-icon css-1g3sp7a" data-testid="btn-icon" aria-hidden="true" height="1em" width="1em" xmlns="http://www.w3.org/2000/svg"><path d="M19 13h-6v6h-2v-6H5v-2h6V5h2v6h6v2z"></path></svg><span class="css-idkz9h">Add Breton Original Crackers to cart</span></button></div></div></div></div></div></div><div class="css-0"><div class="css-f5i5wc"><div class="chakra-linkbox css-vhnn8v"><div data-testid="product-image" class="css-16dr4ly"><img alt="Pepperidge Farm Baked Graham Snacks Hello Kitty Strawberry Shortcake Flavoured Grahams Limited Edition 180 g, $1.94/100g" src="https://assets.shop.loblaws.ca/products/21574954/b3/en/front/21574954_front_a06_@2.png" srcset="https://assets.shop.loblaws.ca/products/21574954/b3/en/front/21574954_front_a06_@2.png 1x, https://assets.shop.loblaws.ca/products/21574954/b3/en/front/21574954_front_a06_@2.png 2x" loading="lazy" class="chakra-image css-oguq8l" aria-hidden="true"></div><div class="css-qoklea"><div class="css-12dchmx"></div><div data-testid="price-product-tile" class="css-8atqhb"><p class="chakra-text css-0"><span class="chakra-text css-pwnbcb" data-testid="regular-price"><span class="css-idkz9h">$3.49</span>$3.49</span></p></div><a href="/baked-graham-snacks-hello-kitty-strawberry-shortca/p/21574954_EA?source=nspt" class="chakra-linkbox__overlay css-1hnz6hu"><div class="css-0"><p class="chakra-text css-1ecdp9w" data-testid="product-brand">Pepperidge Farm</p><h3 class="chakra-heading css-6qrhwc" id="21574954_EA" data-testid="product-title">Baked Graham Snacks Hello Kitty Strawberry Shortcake Flavoured Grahams Limited Edition</h3><p class="chakra-text css-1yftjin" data-testid="product-package-size">180 g, $1.94/100g</p></div></a><div class="css-8keand"></div></div><div class="css-1q5omjq"><div class="css-fcebb8"><div data-testid="atc-compact" class="css-y94ivq" style="width: 45px;"><button disabled="" type="button" class="chakra-button css-mudsm6" data-testid="atc-button"><svg stroke="currentColor" fill="currentColor" stroke-width="0" viewBox="0 0 24 24" focusable="false" class="chakra-icon css-1g3sp7a" data-testid="btn-icon" aria-hidden="true" height="1em" width="1em" xmlns="http://www.w3.org/2000/svg"><path d="M19 13h-6v6h-2v-6H5v-2h6V5h2v6h6v2z"></path></svg><span class="css-idkz9h">Add Baked Graham Snacks Hello Kitty Strawberry Shortcake Flavoured Grahams Limited Edition to cart</span></button></div></div><div class="css-4saf4a"><p class="chakra-text css-py8788" data-testid="inventory-badge-text">Out of Stock</p></div></div></div></div></div><div class="css-0"><div class="css-f5i5wc"><div class="chakra-linkbox css-vhnn8v"><div data-testid="product-image" class="css-16dr4ly"><img alt="Christie Ritz Lows Sodium Crackers 180 g, $1.94/100g" src="https://assets.shop.loblaws.ca/products/21547040/b3/en/front/21547040_front_a06_@2.png" srcset="https://assets.shop.loblaws.ca/products/21547040/b3/en/front/21547040_front_a06_@2.png 1x, https://assets.shop.loblaws.ca/products/21547040/b3/en/front/21547040_front_a06_@2.png 2x" loading="lazy" class="chakra-image css-oguq8l" aria-hidden="true"></div><div class="css-qoklea"><div class="css-12dchmx"></div><div data-testid="price-product-tile" class="css-8atqhb"><p class="chakra-text css-0"><span class="chakra-text css-pwnbcb" data-testid="regular-price"><span class="css-idkz9h">$3.49</span>$3.49</span></p></div><a href="/ritz-lows-sodium-crackers/p/21547040_EA?source=nspt" class="chakra-linkbox__overlay css-1hnz6hu"><div class="css-0"><p class="chakra-text css-1ecdp9w" data-testid="product-brand">Christie</p><h3 class="chakra-heading css-6qrhwc" id="21547040_EA" data-testid="product-title">Ritz Lows Sodium Crackers</h3><p class="chakra-text css-1yftjin" data-testid="product-package-size">180 g, $1.94/100g</p></div></a><div class="css-8keand"></div></div><div class="css-1q5omjq"><div class="css-fcebb8"><div data-testid="atc-compact" class="css-y94ivq" style="width: 45px;"><button type="button" class="chakra-button css-mudsm6" data-testid="atc-button"><svg stroke="currentColor" fill="currentColor" stroke-width="0" viewBox="0 0 24 24" focusable="false" class="chakra-icon css-1g3sp7a" data-testid="btn-icon" aria-hidden="true" height="1em" width="1em" xmlns="http://www.w3.org/2000/svg"><path d="M19 13h-6v6h-2v-6H5v-2h6V5h2v6h6v2z"></path></svg><span class="css-idkz9h">Add Ritz Lows Sodium Crackers to cart</span></button></div></div></div></div></div></div><div class="css-0"><div class="css-f5i5wc"><div class="chakra-linkbox css-vhnn8v"><div data-testid="product-image" class="css-16dr4ly"><img alt="Christie Vegetable Thins 40% Less Fat Snacking Crackers 180 g, $1.38/100g" src="https://assets.shop.loblaws.ca/products/21547046/b3/en/front/21547046_front_a06_@2.png" srcset="https://assets.shop.loblaws.ca/products/21547046/b3/en/front/21547046_front_a06_@2.png 1x, https://assets.shop.loblaws.ca/products/21547046/b3/en/front/21547046_front_a06_@2.png 2x" loading="lazy" class="chakra-image css-oguq8l" aria-hidden="true"></div><div class="css-qoklea"><div class="css-12dchmx"><div class="chakra-badge css-1esrteb" data-testid="product-badge"><div class="css-u4p24i">Hit of the Month</div></div></div><div data-testid="price-product-tile" class="css-8atqhb"><p class="chakra-text css-0"><span class="chakra-text css-o93gbd" data-testid="sale-price"><span class="css-idkz9h">$1.88</span>$1.88</span><span class="chakra-text css-623q5h" data-testid="was-price"><span class="css-idkz9h"></span></span></p><p class="chakra-text css-1m5a6y8" data-testid="price-descriptor">Limit 6, after limit $2.49</p></div><a href="/vegetable-thins-40-less-fat-snacking-crackers/p/21547046_EA?source=nspt" class="chakra-linkbox__overlay css-1hnz6hu"><div class="css-0"><p class="chakra-text css-1ecdp9w" data-testid="product-brand">Christie</p><h3 class="chakra-heading css-6qrhwc" id="21547046_EA" data-testid="product-title">Vegetable Thins 40% Less Fat Snacking Crackers</h3><p class="chakra-text css-1yftjin" data-testid="product-package-size">180 g, $1.38/100g</p></div></a><div class="css-8keand"></div></div><div class="css-1q5omjq"><div class="css-fcebb8"><div data-testid="atc-compact" class="css-y94ivq" style="width: 45px;"><button type="button" class="chakra-button css-mudsm6" data-testid="atc-button"><svg stroke="currentColor" fill="currentColor" stroke-width="0" viewBox="0 0 24 24" focusable="false" class="chakra-icon css-1g3sp7a" data-testid="btn-icon" aria-hidden="true" height="1em" width="1em" xmlns="http://www.w3.org/2000/svg"><path d="M19 13h-6v6h-2v-6H5v-2h6V5h2v6h6v2z"></path></svg><span class="css-idkz9h">Add Vegetable Thins 40% Less Fat Snacking Crackers to cart</span></button></div></div></div></div></div></div><div class="css-0"><div class="css-f5i5wc"><div class="chakra-linkbox css-vhnn8v"><div data-testid="product-image" class="css-16dr4ly"><img alt="Christie Ritz Swiss Cheese Crackers 180 g, $1.94/100g" src="https://assets.shop.loblaws.ca/products/21547021/b3/en/front/21547021_front_a06_@2.png" srcset="https://assets.shop.loblaws.ca/products/21547021/b3/en/front/21547021_front_a06_@2.png 1x, https://assets.shop.loblaws.ca/products/21547021/b3/en/front/21547021_front_a06_@2.png 2x" loading="lazy" class="chakra-image css-oguq8l" aria-hidden="true"></div><div class="css-qoklea"><div class="css-12dchmx"></div><div data-testid="price-product-tile" class="css-8atqhb"><p class="chakra-text css-0"><span class="chakra-text css-pwnbcb" data-testid="regular-price"><span class="css-idkz9h">$3.49</span>$3.49</span></p></div><a href="/ritz-swiss-cheese-crackers/p/21547021_EA?source=nspt" class="chakra-linkbox__overlay css-1hnz6hu"><div class="css-0"><p class="chakra-text css-1ecdp9w" data-testid="product-brand">Christie</p><h3 class="chakra-heading css-6qrhwc" id="21547021_EA" data-testid="product-title">Ritz Swiss Cheese Crackers</h3><p class="chakra-text css-1yftjin" data-testid="product-package-size">180 g, $1.94/100g</p></div></a><div class="css-8keand"></div></div><div class="css-1q5omjq"><div class="css-fcebb8"><div data-testid="atc-compact" class="css-y94ivq" style="width: 45px;"><button type="button" class="chakra-button css-mudsm6" data-testid="atc-button"><svg stroke="currentColor" fill="currentColor" stroke-width="0" viewBox="0 0 24 24" focusable="false" class="chakra-icon css-1g3sp7a" data-testid="btn-icon" aria-hidden="true" height="1em" width="1em" xmlns="http://www.w3.org/2000/svg"><path d="M19 13h-6v6h-2v-6H5v-2h6V5h2v6h6v2z"></path></svg><span class="css-idkz9h">Add Ritz Swiss Cheese Crackers to cart</span></button></div></div></div></div></div></div><div class="css-0"><div class="css-f5i5wc"><div class="chakra-linkbox css-vhnn8v"><div data-testid="product-image" class="css-16dr4ly"><img alt="President's Choice Water Crackers 125 g, $1.99/100g" src="https://assets.shop.loblaws.ca/products/20431236/b3/en/front/20431236_front_a06_@2.png" srcset="https://assets.shop.loblaws.ca/products/20431236/b3/en/front/20431236_front_a06_@2.png 1x, https://assets.shop.loblaws.ca/products/20431236/b3/en/front/20431236_front_a06_@2.png 2x" loading="lazy" class="chakra-image css-oguq8l" aria-hidden="true"></div><div class="css-qoklea"><div class="css-12dchmx"></div><div data-testid="price-product-tile" class="css-8atqhb"><p class="chakra-text css-0"><span class="chakra-text css-pwnbcb" data-testid="regular-price"><span class="css-idkz9h">$2.49</span>$2.49</span></p></div><a href="/water-crackers/p/20431236_EA?source=nspt" class="chakra-linkbox__overlay css-1hnz6hu"><div class="css-0"><p class="chakra-text css-1ecdp9w" data-testid="product-brand">President's Choice</p><h3 class="chakra-heading css-6qrhwc" id="20431236_EA" data-testid="product-title">Water Crackers</h3><p class="chakra-text css-1yftjin" data-testid="product-package-size">125 g, $1.99/100g</p></div></a><div class="css-8keand"></div></div><div class="css-1q5omjq"><div class="css-fcebb8"><div data-testid="atc-compact" class="css-y94ivq" style="width: 45px;"><button type="button" class="chakra-button css-mudsm6" data-testid="atc-button"><svg stroke="currentColor" fill="currentColor" stroke-width="0" viewBox="0 0 24 24" focusable="false" class="chakra-icon css-1g3sp7a" data-testid="btn-icon" aria-hidden="true" height="1em" width="1em" xmlns="http://www.w3.org/2000/svg"><path d="M19 13h-6v6h-2v-6H5v-2h6V5h2v6h6v2z"></path></svg><span class="css-idkz9h">Add Water Crackers to cart</span></button></div></div></div></div></div></div><div class="css-0"><div class="css-f5i5wc"><div class="chakra-linkbox css-vhnn8v"><div data-testid="product-image" class="css-16dr4ly"><img alt="Christie Ritz Cheese Nibs Crackers 180 g, $1.94/100g" src="https://assets.shop.loblaws.ca/products/21547043/b3/en/front/21547043_front_a06_@2.png" srcset="https://assets.shop.loblaws.ca/products/21547043/b3/en/front/21547043_front_a06_@2.png 1x, https://assets.shop.loblaws.ca/products/21547043/b3/en/front/21547043_front_a06_@2.png 2x" loading="lazy" class="chakra-image css-oguq8l" aria-hidden="true"></div><div class="css-qoklea"><div class="css-12dchmx"></div><div data-testid="price-product-tile" class="css-8atqhb"><p class="chakra-text css-0"><span class="chakra-text css-pwnbcb" data-testid="regular-price"><span class="css-idkz9h">$3.49</span>$3.49</span></p></div><a href="/ritz-cheese-nibs-crackers/p/21547043_EA?source=nspt" class="chakra-linkbox__overlay css-1hnz6hu"><div class="css-0"><p class="chakra-text css-1ecdp9w" data-testid="product-brand">Christie</p><h3 class="chakra-heading css-6qrhwc" id="21547043_EA" data-testid="product-title">Ritz Cheese Nibs Crackers</h3><p class="chakra-text css-1yftjin" data-testid="product-package-size">180 g, $1.94/100g</p></div></a><div class="css-8keand"></div></div><div class="css-1q5omjq"><div class="css-fcebb8"><div data-testid="atc-compact" class="css-y94ivq" style="width: 45px;"><button type="button" class="chakra-button css-mudsm6" data-testid="atc-button"><svg stroke="currentColor" fill="currentColor" stroke-width="0" viewBox="0 0 24 24" focusable="false" class="chakra-icon css-1g3sp7a" data-testid="btn-icon" aria-hidden="true" height="1em" width="1em" xmlns="http://www.w3.org/2000/svg"><path d="M19 13h-6v6h-2v-6H5v-2h6V5h2v6h6v2z"></path></svg><span class="css-idkz9h">Add Ritz Cheese Nibs Crackers to cart</span></button></div></div></div></div></div></div><div class="css-0"><div class="css-f5i5wc"><div class="chakra-linkbox css-vhnn8v"><div data-testid="product-image" class="css-16dr4ly"><img alt="Christie Ritz Real Cheddar Cheese Crackers 180 g, $1.94/100g" src="https://assets.shop.loblaws.ca/products/21547023/b3/en/front/21547023_front_a06_@2.png" srcset="https://assets.shop.loblaws.ca/products/21547023/b3/en/front/21547023_front_a06_@2.png 1x, https://assets.shop.loblaws.ca/products/21547023/b3/en/front/21547023_front_a06_@2.png 2x" loading="lazy" class="chakra-image css-oguq8l" aria-hidden="true"></div><div class="css-qoklea"><div class="css-12dchmx"></div><div data-testid="price-product-tile" class="css-8atqhb"><p class="chakra-text css-0"><span class="chakra-text css-pwnbcb" data-testid="regular-price"><span class="css-idkz9h">$3.49</span>$3.49</span></p></div><a href="/ritz-real-cheddar-cheese-crackers/p/21547023_EA?source=nspt" class="chakra-linkbox__overlay css-1hnz6hu"><div class="css-0"><p class="chakra-text css-1ecdp9w" data-testid="product-brand">Christie</p><h3 class="chakra-heading css-6qrhwc" id="21547023_EA" data-testid="product-title">Ritz Real Cheddar Cheese Crackers</h3><p class="chakra-text css-1yftjin" data-testid="product-package-size">180 g, $1.94/100g</p></div></a><div class="css-8keand"></div></div><div class="css-1q5omjq"><div class="css-fcebb8"><div data-testid="atc-compact" class="css-y94ivq" style="width: 45px;"><button type="button" class="chakra-button css-mudsm6" data-testid="atc-button"><svg stroke="currentColor" fill="currentColor" stroke-width="0" viewBox="0 0 24 24" focusable="false" class="chakra-icon css-1g3sp7a" data-testid="btn-icon" aria-hidden="true" height="1em" width="1em" xmlns="http://www.w3.org/2000/svg"><path d="M19 13h-6v6h-2v-6H5v-2h6V5h2v6h6v2z"></path></svg><span class="css-idkz9h">Add Ritz Real Cheddar Cheese Crackers to cart</span></button></div></div></div></div></div></div><div class="css-0"><div class="css-f5i5wc"><div class="chakra-linkbox css-vhnn8v"><div data-testid="product-image" class="css-16dr4ly"><img alt="President's Choice Crisp &amp; Thin Vegetable Crackers 225 g, $1.33/100g" src="https://assets.shop.loblaws.ca/products/20185144001/b3/en/front/20185144001_front_a06_@2.png" srcset="https://assets.shop.loblaws.ca/products/20185144001/b3/en/front/20185144001_front_a06_@2.png 1x, https://assets.shop.loblaws.ca/products/20185144001/b3/en/front/20185144001_front_a06_@2.png 2x" loading="lazy" class="chakra-image css-oguq8l" aria-hidden="true"></div><div class="css-qoklea"><div class="css-12dchmx"></div><div data-testid="price-product-tile" class="css-8atqhb"><p class="chakra-text css-0"><span class="chakra-text css-pwnbcb" data-testid="regular-price"><span class="css-idkz9h">$2.99</span>$2.99</span></p></div><a href="/crisp-thin-vegetable-crackers/p/20185144001_EA?source=nspt" class="chakra-linkbox__overlay css-1hnz6hu"><div class="css-0"><p class="chakra-text css-1ecdp9w" data-testid="product-brand">President's Choice</p><h3 class="chakra-heading css-6qrhwc" id="20185144001_EA" data-testid="product-title">Crisp &amp; Thin Vegetable Crackers</h3><p class="chakra-text css-1yftjin" data-testid="product-package-size">225 g, $1.33/100g</p></div></a><div class="css-8keand"></div></div><div class="css-1q5omjq"><div class="css-fcebb8"><div data-testid="atc-compact" class="css-y94ivq" style="width: 45px;"><button type="button" class="chakra-button css-mudsm6" data-testid="atc-button"><svg stroke="currentColor" fill="currentColor" stroke-width="0" viewBox="0 0 24 24" focusable="false" class="chakra-icon css-1g3sp7a" data-testid="btn-icon" aria-hidden="true" height="1em" width="1em" xmlns="http://www.w3.org/2000/svg"><path d="M19 13h-6v6h-2v-6H5v-2h6V5h2v6h6v2z"></path></svg><span class="css-idkz9h">Add Crisp &amp; Thin Vegetable Crackers to cart</span></button></div></div></div></div></div></div><div class="css-0"><div class="css-f5i5wc"><div class="chakra-linkbox css-vhnn8v"><div data-testid="product-image" class="css-16dr4ly"><img alt="Pepperidge Farm Mega Bites Cheddar Jalapeno 167 g, $2.27/100g" src="https://assets.shop.loblaws.ca/products/21472420/b3/en/front/21472420_front_a06_@2.png" srcset="https://assets.shop.loblaws.ca/products/21472420/b3/en/front/21472420_front_a06_@2.png 1x, https://assets.shop.loblaws.ca/products/21472420/b3/en/front/21472420_front_a06_@2.png 2x" loading="lazy" class="chakra-image css-oguq8l" aria-hidden="true"></div><div class="css-qoklea"><div class="css-12dchmx"></div><div data-testid="price-product-tile" class="css-8atqhb"><p class="chakra-text css-0"><span class="chakra-text css-pwnbcb" data-testid="regular-price"><span class="css-idkz9h">$3.79</span>$3.79</span></p></div><a href="/mega-bites-cheddar-jalapeno/p/21472420_EA?source=nspt" class="chakra-linkbox__overlay css-1hnz6hu"><div class="css-0"><p class="chakra-text css-1ecdp9w" data-testid="product-brand">Pepperidge Farm</p><h3 class="chakra-heading css-6qrhwc" id="21472420_EA" data-testid="product-title">Mega Bites Cheddar Jalapeno</h3><p class="chakra-text css-1yftjin" data-testid="product-package-size">167 g, $2.27/100g</p></div></a><div class="css-8keand"></div></div><div class="css-1q5omjq"><div class="css-fcebb8"><div data-testid="atc-compact" class="css-y94ivq" style="width: 45px;"><button type="button" class="chakra-button css-mudsm6" data-testid="atc-button"><svg stroke="currentColor" fill="currentColor" stroke-width="0" viewBox="0 0 24 24" focusable="false" class="chakra-icon css-1g3sp7a" data-testid="btn-icon" aria-hidden="true" height="1em" width="1em" xmlns="http://www.w3.org/2000/svg"><path d="M19 13h-6v6h-2v-6H5v-2h6V5h2v6h6v2z"></path></svg><span class="css-idkz9h">Add Mega Bites Cheddar Jalapeno to cart</span></button></div></div></div></div></div></div><div class="css-0"><div class="css-f5i5wc"><div class="chakra-linkbox css-vhnn8v"><div data-testid="product-image" class="css-16dr4ly"><img alt="Christie Cheese Bits, Cheddar 180 g, $1.94/100g" src="https://assets.shop.loblaws.ca/products/21547029/b3/en/front/21547029_front_a06_@2.png" srcset="https://assets.shop.loblaws.ca/products/21547029/b3/en/front/21547029_front_a06_@2.png 1x, https://assets.shop.loblaws.ca/products/21547029/b3/en/front/21547029_front_a06_@2.png 2x" loading="lazy" class="chakra-image css-oguq8l" aria-hidden="true"></div><div class="css-qoklea"><div class="css-12dchmx"></div><div data-testid="price-product-tile" class="css-8atqhb"><p class="chakra-text css-0"><span class="chakra-text css-pwnbcb" data-testid="regular-price"><span class="css-idkz9h">$3.49</span>$3.49</span></p></div><a href="/cheese-bits-cheddar/p/21547029_EA?source=nspt" class="chakra-linkbox__overlay css-1hnz6hu"><div class="css-0"><p class="chakra-text css-1ecdp9w" data-testid="product-brand">Christie</p><h3 class="chakra-heading css-6qrhwc" id="21547029_EA" data-testid="product-title">Cheese Bits, Cheddar</h3><p class="chakra-text css-1yftjin" data-testid="product-package-size">180 g, $1.94/100g</p></div></a><div class="css-8keand"></div></div><div class="css-1q5omjq"><div class="css-fcebb8"><div data-testid="atc-compact" class="css-y94ivq" style="width: 45px;"><button type="button" class="chakra-button css-mudsm6" data-testid="atc-button"><svg stroke="currentColor" fill="currentColor" stroke-width="0" viewBox="0 0 24 24" focusable="false" class="chakra-icon css-1g3sp7a" data-testid="btn-icon" aria-hidden="true" height="1em" width="1em" xmlns="http://www.w3.org/2000/svg"><path d="M19 13h-6v6h-2v-6H5v-2h6V5h2v6h6v2z"></path></svg><span class="css-idkz9h">Add Cheese Bits, Cheddar to cart</span></button></div></div></div></div></div></div><div class="css-0"><div class="css-f5i5wc"><div class="chakra-linkbox css-vhnn8v"><div data-testid="product-image" class="css-16dr4ly"><img alt="Dare Veggie Crisps Cracker Chips All Dressed 100 g, $2.79/100g" src="https://assets.shop.loblaws.ca/products/21520207/b3/en/front/21520207_front_a06_@2.png" srcset="https://assets.shop.loblaws.ca/products/21520207/b3/en/front/21520207_front_a06_@2.png 1x, https://assets.shop.loblaws.ca/products/21520207/b3/en/front/21520207_front_a06_@2.png 2x" loading="lazy" class="chakra-image css-oguq8l" aria-hidden="true"></div><div class="css-qoklea"><div class="css-12dchmx"></div><div data-testid="price-product-tile" class="css-8atqhb"><p class="chakra-text css-0"><span class="chakra-text css-pwnbcb" data-testid="regular-price"><span class="css-idkz9h">$2.79</span>$2.79</span></p></div><a href="/veggie-crisps-cracker-chips-all-dressed/p/21520207_EA?source=nspt" class="chakra-linkbox__overlay css-1hnz6hu"><div class="css-0"><p class="chakra-text css-1ecdp9w" data-testid="product-brand">Dare</p><h3 class="chakra-heading css-6qrhwc" id="21520207_EA" data-testid="product-title">Veggie Crisps Cracker Chips All Dressed</h3><p class="chakra-text css-1yftjin" data-testid="product-package-size">100 g, $2.79/100g</p></div></a><div class="css-8keand"></div></div><div class="css-1q5omjq"><div class="css-fcebb8"><div data-testid="atc-compact" class="css-y94ivq" style="width: 45px;"><button type="button" class="chakra-button css-mudsm6" data-testid="atc-button"><svg stroke="currentColor" fill="currentColor" stroke-width="0" viewBox="0 0 24 24" focusable="false" class="chakra-icon css-1g3sp7a" data-testid="btn-icon" aria-hidden="true" height="1em" width="1em" xmlns="http://www.w3.org/2000/svg"><path d="M19 13h-6v6h-2v-6H5v-2h6V5h2v6h6v2z"></path></svg><span class="css-idkz9h">Add Veggie Crisps Cracker Chips All Dressed to cart</span></button></div></div></div></div></div></div><div class="css-0"><div class="css-f5i5wc"><div class="chakra-linkbox css-vhnn8v"><div data-testid="product-image" class="css-16dr4ly"><img alt="Dare Breton Basil and Olive Oil Crackers 200 g, $1.40/100g" src="https://assets.shop.loblaws.ca/products/21520698/b3/en/front/21520698_front_a06_@2.png" srcset="https://assets.shop.loblaws.ca/products/21520698/b3/en/front/21520698_front_a06_@2.png 1x, https://assets.shop.loblaws.ca/products/21520698/b3/en/front/21520698_front_a06_@2.png 2x" loading="lazy" class="chakra-image css-oguq8l" aria-hidden="true"></div><div class="css-qoklea"><div class="css-12dchmx"></div><div data-testid="price-product-tile" class="css-8atqhb"><p class="chakra-text css-0"><span class="chakra-text css-pwnbcb" data-testid="regular-price"><span class="css-idkz9h">$2.79</span>$2.79</span></p></div><a href="/breton-basil-and-olive-oil-crackers/p/21520698_EA?source=nspt" class="chakra-linkbox__overlay css-1hnz6hu"><div class="css-0"><p class="chakra-text css-1ecdp9w" data-testid="product-brand">Dare</p><h3 class="chakra-heading css-6qrhwc" id="21520698_EA" data-testid="product-title">Breton Basil and Olive Oil Crackers</h3><p class="chakra-text css-1yftjin" data-testid="product-package-size">200 g, $1.40/100g</p></div></a><div class="css-8keand"></div></div><div class="css-1q5omjq"><div class="css-fcebb8"><div data-testid="atc-compact" class="css-y94ivq" style="width: 45px;"><button type="button" class="chakra-button css-mudsm6" data-testid="atc-button"><svg stroke="currentColor" fill="currentColor" stroke-width="0" viewBox="0 0 24 24" focusable="false" class="chakra-icon css-1g3sp7a" data-testid="btn-icon" aria-hidden="true" height="1em" width="1em" xmlns="http://www.w3.org/2000/svg"><path d="M19 13h-6v6h-2v-6H5v-2h6V5h2v6h6v2z"></path></svg><span class="css-idkz9h">Add Breton Basil and Olive Oil Crackers to cart</span></button></div></div></div></div></div></div><div class="css-0"><div class="css-f5i5wc"><div class="chakra-linkbox css-vhnn8v"><div data-testid="product-image" class="css-16dr4ly"><img alt="Skyflakes M.Y Sans Crackers 800 g, $0.87/100g" src="https://assets.shop.loblaws.ca/products/21176798/b3/en/front/21176798_front_a06_@2.png" srcset="https://assets.shop.loblaws.ca/products/21176798/b3/en/front/21176798_front_a06_@2.png 1x, https://assets.shop.loblaws.ca/products/21176798/b3/en/front/21176798_front_a06_@2.png 2x" loading="lazy" class="chakra-image css-oguq8l" aria-hidden="true"></div><div class="css-qoklea"><div class="css-12dchmx"></div><div data-testid="price-product-tile" class="css-8atqhb"><p class="chakra-text css-0"><span class="chakra-text css-pwnbcb" data-testid="regular-price"><span class="css-idkz9h">$6.99</span>$6.99</span></p></div><a href="/m-y-sans-crackers/p/21176798_EA?source=nspt" class="chakra-linkbox__overlay css-1hnz6hu"><div class="css-0"><p class="chakra-text css-1ecdp9w" data-testid="product-brand">Skyflakes</p><h3 class="chakra-heading css-6qrhwc" id="21176798_EA" data-testid="product-title">M.Y Sans Crackers</h3><p class="chakra-text css-1yftjin" data-testid="product-package-size">800 g, $0.87/100g</p></div></a><div class="css-8keand"></div></div><div class="css-1q5omjq"><div class="css-fcebb8"><div data-testid="atc-compact" class="css-y94ivq" style="width: 45px;"><button type="button" class="chakra-button css-mudsm6" data-testid="atc-button"><svg stroke="currentColor" fill="currentColor" stroke-width="0" viewBox="0 0 24 24" focusable="false" class="chakra-icon css-1g3sp7a" data-testid="btn-icon" aria-hidden="true" height="1em" width="1em" xmlns="http://www.w3.org/2000/svg"><path d="M19 13h-6v6h-2v-6H5v-2h6V5h2v6h6v2z"></path></svg><span class="css-idkz9h">Add M.Y Sans Crackers to cart</span></button></div></div></div></div></div></div><div class="css-0"><div class="css-f5i5wc"><div class="chakra-linkbox css-vhnn8v"><div data-testid="product-image" class="css-16dr4ly"><img alt="President's Choice Fine Cracker Assortment 250 g, $1.92/100g" src="https://assets.shop.loblaws.ca/products/20162130/b3/en/front/20162130_front_a06_@2.png" srcset="https://assets.shop.loblaws.ca/products/20162130/b3/en/front/20162130_front_a06_@2.png 1x, https://assets.shop.loblaws.ca/products/20162130/b3/en/front/20162130_front_a06_@2.png 2x" loading="lazy" class="chakra-image css-oguq8l" aria-hidden="true"></div><div class="css-qoklea"><div class="css-12dchmx"></div><div data-testid="price-product-tile" class="css-8atqhb"><p class="chakra-text css-0"><span class="chakra-text css-pwnbcb" data-testid="regular-price"><span class="css-idkz9h">$4.79</span>$4.79</span></p></div><a href="/fine-cracker-assortment/p/20162130_EA?source=nspt" class="chakra-linkbox__overlay css-1hnz6hu"><div class="css-0"><p class="chakra-text css-1ecdp9w" data-testid="product-brand">President's Choice</p><h3 class="chakra-heading css-6qrhwc" id="20162130_EA" data-testid="product-title">Fine Cracker Assortment</h3><p class="chakra-text css-1yftjin" data-testid="product-package-size">250 g, $1.92/100g</p></div></a><div class="css-8keand"></div></div><div class="css-1q5omjq"><div class="css-fcebb8"><div data-testid="atc-compact" class="css-y94ivq" style="width: 45px;"><button type="button" class="chakra-button css-mudsm6" data-testid="atc-button"><svg stroke="currentColor" fill="currentColor" stroke-width="0" viewBox="0 0 24 24" focusable="false" class="chakra-icon css-1g3sp7a" data-testid="btn-icon" aria-hidden="true" height="1em" width="1em" xmlns="http://www.w3.org/2000/svg"><path d="M19 13h-6v6h-2v-6H5v-2h6V5h2v6h6v2z"></path></svg><span class="css-idkz9h">Add Fine Cracker Assortment to cart</span></button></div></div></div></div></div></div><div class="css-0"><div class="css-f5i5wc"><div class="chakra-linkbox css-vhnn8v"><div data-testid="product-image" class="css-16dr4ly"><img alt="Triscuit Thin Crisps Jalapeno Crackers 200 g, $1.25/100g" src="https://assets.shop.loblaws.ca/products/21433485/b3/en/front/21433485_front_a06_@2.png" srcset="https://assets.shop.loblaws.ca/products/21433485/b3/en/front/21433485_front_a06_@2.png 1x, https://assets.shop.loblaws.ca/products/21433485/b3/en/front/21433485_front_a06_@2.png 2x" loading="lazy" class="chakra-image css-oguq8l" aria-hidden="true"></div><div class="css-qoklea"><div class="css-12dchmx"><div class="chakra-badge css-1esrteb" data-testid="product-badge"><div class="css-u4p24i">Hit of the Month</div></div></div><div data-testid="price-product-tile" class="css-8atqhb"><p class="chakra-text css-0"><span class="chakra-text css-o93gbd" data-testid="sale-price"><span class="css-idkz9h">$1.88</span>$1.88</span><span class="chakra-text css-623q5h" data-testid="was-price"><span class="css-idkz9h"></span></span></p><p class="chakra-text css-1m5a6y8" data-testid="price-descriptor">Limit 6, after limit $2.49</p></div><a href="/thin-crisps-jalapeno-crackers/p/21433485_EA?source=nspt" class="chakra-linkbox__overlay css-1hnz6hu"><div class="css-0"><p class="chakra-text css-1ecdp9w" data-testid="product-brand">Triscuit</p><h3 class="chakra-heading css-6qrhwc" id="21433485_EA" data-testid="product-title">Thin Crisps Jalapeno Crackers</h3><p class="chakra-text css-1yftjin" data-testid="product-package-size">200 g, $1.25/100g</p></div></a><div class="css-8keand"></div></div><div class="css-1q5omjq"><div class="css-fcebb8"><div data-testid="atc-compact" class="css-y94ivq" style="width: 45px;"><button type="button" class="chakra-button css-mudsm6" data-testid="atc-button"><svg stroke="currentColor" fill="currentColor" stroke-width="0" viewBox="0 0 24 24" focusable="false" class="chakra-icon css-1g3sp7a" data-testid="btn-icon" aria-hidden="true" height="1em" width="1em" xmlns="http://www.w3.org/2000/svg"><path d="M19 13h-6v6h-2v-6H5v-2h6V5h2v6h6v2z"></path></svg><span class="css-idkz9h">Add Thin Crisps Jalapeno Crackers to cart</span></button></div></div></div></div></div></div><div class="css-0"><div class="css-f5i5wc"><div class="chakra-linkbox css-vhnn8v"><div data-testid="product-image" class="css-16dr4ly"><img alt="Christie Mini Cheese Crackers 6x30.0 g, $1.94/100g" src="https://assets.shop.loblaws.ca/products/21500649/b3/en/front/21500649_front_a06_@2.png" srcset="https://assets.shop.loblaws.ca/products/21500649/b3/en/front/21500649_front_a06_@2.png 1x, https://assets.shop.loblaws.ca/products/21500649/b3/en/front/21500649_front_a06_@2.png 2x" loading="lazy" class="chakra-image css-oguq8l" aria-hidden="true"></div><div class="css-qoklea"><div class="css-12dchmx"></div><div data-testid="price-product-tile" class="css-8atqhb"><p class="chakra-text css-0"><span class="chakra-text css-pwnbcb" data-testid="regular-price"><span class="css-idkz9h">$3.49</span>$3.49</span></p></div><a href="/mini-cheese-crackers/p/21500649_EA?source=nspt" class="chakra-linkbox__overlay css-1hnz6hu"><div class="css-0"><p class="chakra-text css-1ecdp9w" data-testid="product-brand">Christie</p><h3 class="chakra-heading css-6qrhwc" id="21500649_EA" data-testid="product-title">Mini Cheese Crackers</h3><p class="chakra-text css-1yftjin" data-testid="product-package-size">6x30.0 g, $1.94/100g</p></div></a><div class="css-8keand"></div></div><div class="css-1q5omjq"><div class="css-fcebb8"><div data-testid="atc-compact" class="css-y94ivq" style="width: 45px;"><button type="button" class="chakra-button css-mudsm6" data-testid="atc-button"><svg stroke="currentColor" fill="currentColor" stroke-width="0" viewBox="0 0 24 24" focusable="false" class="chakra-icon css-1g3sp7a" data-testid="btn-icon" aria-hidden="true" height="1em" width="1em" xmlns="http://www.w3.org/2000/svg"><path d="M19 13h-6v6h-2v-6H5v-2h6V5h2v6h6v2z"></path></svg><span class="css-idkz9h">Add Mini Cheese Crackers to cart</span></button></div></div></div></div></div></div><div class="css-0"><div class="css-f5i5wc"><div class="chakra-linkbox css-vhnn8v"><div data-testid="product-image" class="css-16dr4ly"><img alt="President's Choice Mini Crisp &amp; Thin Multigrain Crackers 200 g, $1.65/100g" src="https://assets.shop.loblaws.ca/products/21295601/b3/en/front/21295601_front_a06_@2.png" srcset="https://assets.shop.loblaws.ca/products/21295601/b3/en/front/21295601_front_a06_@2.png 1x, https://assets.shop.loblaws.ca/products/21295601/b3/en/front/21295601_front_a06_@2.png 2x" loading="lazy" class="chakra-image css-oguq8l" aria-hidden="true"></div><div class="css-qoklea"><div class="css-12dchmx"></div><div data-testid="price-product-tile" class="css-8atqhb"><p class="chakra-text css-0"><span class="chakra-text css-pwnbcb" data-testid="regular-price"><span class="css-idkz9h">$3.29</span>$3.29</span></p></div><a href="/mini-crisp-thin-multigrain-crackers/p/21295601_EA?source=nspt" class="chakra-linkbox__overlay css-1hnz6hu"><div class="css-0"><p class="chakra-text css-1ecdp9w" data-testid="product-brand">President's Choice</p><h3 class="chakra-heading css-6qrhwc" id="21295601_EA" data-testid="product-title">Mini Crisp &amp; Thin Multigrain Crackers</h3><p class="chakra-text css-1yftjin" data-testid="product-package-size">200 g, $1.65/100g</p></div></a><div class="css-8keand"></div></div><div class="css-1q5omjq"><div class="css-fcebb8"><div data-testid="atc-compact" class="css-y94ivq" style="width: 45px;"><button type="button" class="chakra-button css-mudsm6" data-testid="atc-button"><svg stroke="currentColor" fill="currentColor" stroke-width="0" viewBox="0 0 24 24" focusable="false" class="chakra-icon css-1g3sp7a" data-testid="btn-icon" aria-hidden="true" height="1em" width="1em" xmlns="http://www.w3.org/2000/svg"><path d="M19 13h-6v6h-2v-6H5v-2h6V5h2v6h6v2z"></path></svg><span class="css-idkz9h">Add Mini Crisp &amp; Thin Multigrain Crackers to cart</span></button></div></div></div></div></div></div><div class="css-0"><div class="css-f5i5wc"><div class="chakra-linkbox css-vhnn8v"><div data-testid="product-image" class="css-16dr4ly"><img alt="Ryvita Thins Three Cheese Flatbreads 125 g, $3.83/100g" src="https://assets.shop.loblaws.ca/products/21124906/b3/en/front/21124906_front_a06_@2.png" srcset="https://assets.shop.loblaws.ca/products/21124906/b3/en/front/21124906_front_a06_@2.png 1x, https://assets.shop.loblaws.ca/products/21124906/b3/en/front/21124906_front_a06_@2.png 2x" loading="lazy" class="chakra-image css-oguq8l" aria-hidden="true"></div><div class="css-qoklea"><div class="css-12dchmx"></div><div data-testid="price-product-tile" class="css-8atqhb"><p class="chakra-text css-0"><span class="chakra-text css-pwnbcb" data-testid="regular-price"><span class="css-idkz9h">$4.79</span>$4.79</span></p></div><a href="/thins-three-cheese-flatbreads/p/21124906_EA?source=nspt" class="chakra-linkbox__overlay css-1hnz6hu"><div class="css-0"><p class="chakra-text css-1ecdp9w" data-testid="product-brand">Ryvita</p><h3 class="chakra-heading css-6qrhwc" id="21124906_EA" data-testid="product-title">Thins Three Cheese Flatbreads</h3><p class="chakra-text css-1yftjin" data-testid="product-package-size">125 g, $3.83/100g</p></div></a><div class="css-8keand"></div></div><div class="css-1q5omjq"><div class="css-fcebb8"><div data-testid="atc-compact" class="css-y94ivq" style="width: 45px;"><button type="button" class="chakra-button css-mudsm6" data-testid="atc-button"><svg stroke="currentColor" fill="currentColor" stroke-width="0" viewBox="0 0 24 24" focusable="false" class="chakra-icon css-1g3sp7a" data-testid="btn-icon" aria-hidden="true" height="1em" width="1em" xmlns="http://www.w3.org/2000/svg"><path d="M19 13h-6v6h-2v-6H5v-2h6V5h2v6h6v2z"></path></svg><span class="css-idkz9h">Add Thins Three Cheese Flatbreads to cart</span></button></div></div></div></div></div></div><div class="css-0"><div class="css-f5i5wc"><div class="chakra-linkbox css-vhnn8v"><div data-testid="product-image" class="css-16dr4ly"><img alt="Dare Breton Reduced Fat and Salt Crackers 200 g, $1.40/100g" src="https://assets.shop.loblaws.ca/products/21520707/b3/en/front/21520707_front_a06_@2.png" srcset="https://assets.shop.loblaws.ca/products/21520707/b3/en/front/21520707_front_a06_@2.png 1x, https://assets.shop.loblaws.ca/products/21520707/b3/en/front/21520707_front_a06_@2.png 2x" loading="lazy" class="chakra-image css-oguq8l" aria-hidden="true"></div><div class="css-qoklea"><div class="css-12dchmx"></div><div data-testid="price-product-tile" class="css-8atqhb"><p class="chakra-text css-0"><span class="chakra-text css-pwnbcb" data-testid="regular-price"><span class="css-idkz9h">$2.79</span>$2.79</span></p></div><a href="/breton-reduced-fat-and-salt-crackers/p/21520707_EA?source=nspt" class="chakra-linkbox__overlay css-1hnz6hu"><div class="css-0"><p class="chakra-text css-1ecdp9w" data-testid="product-brand">Dare</p><h3 class="chakra-heading css-6qrhwc" id="21520707_EA" data-testid="product-title">Breton Reduced Fat and Salt Crackers</h3><p class="chakra-text css-1yftjin" data-testid="product-package-size">200 g, $1.40/100g</p></div></a><div class="css-8keand"></div></div><div class="css-1q5omjq"><div class="css-fcebb8"><div data-testid="atc-compact" class="css-y94ivq" style="width: 45px;"><button type="button" class="chakra-button css-mudsm6" data-testid="atc-button"><svg stroke="currentColor" fill="currentColor" stroke-width="0" viewBox="0 0 24 24" focusable="false" class="chakra-icon css-1g3sp7a" data-testid="btn-icon" aria-hidden="true" height="1em" width="1em" xmlns="http://www.w3.org/2000/svg"><path d="M19 13h-6v6h-2v-6H5v-2h6V5h2v6h6v2z"></path></svg><span class="css-idkz9h">Add Breton Reduced Fat and Salt Crackers to cart</span></button></div></div></div></div></div></div><div class="css-0"><div class="css-f5i5wc"><div class="chakra-linkbox css-vhnn8v"><div data-testid="product-image" class="css-16dr4ly"><img alt="Cheez-It Crackers jalapeño Jack Flavour Snack  213 g, $2.01/100g" src="https://assets.shop.loblaws.ca/products/21449840/b3/en/front/21449840_front_a06_@2.png" srcset="https://assets.shop.loblaws.ca/products/21449840/b3/en/front/21449840_front_a06_@2.png 1x, https://assets.shop.loblaws.ca/products/21449840/b3/en/front/21449840_front_a06_@2.png 2x" loading="lazy" class="chakra-image css-oguq8l" aria-hidden="true"></div><div class="css-qoklea"><div class="css-12dchmx"></div><div data-testid="price-product-tile" class="css-8atqhb"><p class="chakra-text css-0"><span class="chakra-text css-pwnbcb" data-testid="regular-price"><span class="css-idkz9h">$4.29</span>$4.29</span></p></div><a href="/crackers-jalape-o-jack-flavour-snack/p/21449840_EA?source=nspt" class="chakra-linkbox__overlay css-1hnz6hu"><div class="css-0"><p class="chakra-text css-1ecdp9w" data-testid="product-brand">Cheez-It</p><h3 class="chakra-heading css-6qrhwc" id="21449840_EA" data-testid="product-title">Crackers jalapeño Jack Flavour Snack </h3><p class="chakra-text css-1yftjin" data-testid="product-package-size">213 g, $2.01/100g</p></div></a><div class="css-8keand"></div></div><div class="css-1q5omjq"><div class="css-fcebb8"><div data-testid="atc-compact" class="css-y94ivq" style="width: 45px;"><button disabled="" type="button" class="chakra-button css-mudsm6" data-testid="atc-button"><svg stroke="currentColor" fill="currentColor" stroke-width="0" viewBox="0 0 24 24" focusable="false" class="chakra-icon css-1g3sp7a" data-testid="btn-icon" aria-hidden="true" height="1em" width="1em" xmlns="http://www.w3.org/2000/svg"><path d="M19 13h-6v6h-2v-6H5v-2h6V5h2v6h6v2z"></path></svg><span class="css-idkz9h">Add Crackers jalapeño Jack Flavour Snack  to cart</span></button></div></div><div class="css-4saf4a"><p class="chakra-text css-py8788" data-testid="inventory-badge-text">Out of Stock</p></div></div></div></div></div><div class="css-0"><div class="css-f5i5wc"><div class="chakra-linkbox css-vhnn8v"><div data-testid="product-image" class="css-16dr4ly"><img alt="President's Choice Mini Crisp &amp; Thin Vegetable Crackers 200 g, $1.65/100g" src="https://assets.shop.loblaws.ca/products/21295605/b3/en/front/21295605_front_a06_@2.png" srcset="https://assets.shop.loblaws.ca/products/21295605/b3/en/front/21295605_front_a06_@2.png 1x, https://assets.shop.loblaws.ca/products/21295605/b3/en/front/21295605_front_a06_@2.png 2x" loading="lazy" class="chakra-image css-oguq8l" aria-hidden="true"></div><div class="css-qoklea"><div class="css-12dchmx"></div><div data-testid="price-product-tile" class="css-8atqhb"><p class="chakra-text css-0"><span class="chakra-text css-pwnbcb" data-testid="regular-price"><span class="css-idkz9h">$3.29</span>$3.29</span></p></div><a href="/mini-crisp-thin-vegetable-crackers/p/21295605_EA?source=nspt" class="chakra-linkbox__overlay css-1hnz6hu"><div class="css-0"><p class="chakra-text css-1ecdp9w" data-testid="product-brand">President's Choice</p><h3 class="chakra-heading css-6qrhwc" id="21295605_EA" data-testid="product-title">Mini Crisp &amp; Thin Vegetable Crackers</h3><p class="chakra-text css-1yftjin" data-testid="product-package-size">200 g, $1.65/100g</p></div></a><div class="css-8keand"></div></div><div class="css-1q5omjq"><div class="css-fcebb8"><div data-testid="atc-compact" class="css-y94ivq" style="width: 45px;"><button type="button" class="chakra-button css-mudsm6" data-testid="atc-button"><svg stroke="currentColor" fill="currentColor" stroke-width="0" viewBox="0 0 24 24" focusable="false" class="chakra-icon css-1g3sp7a" data-testid="btn-icon" aria-hidden="true" height="1em" width="1em" xmlns="http://www.w3.org/2000/svg"><path d="M19 13h-6v6h-2v-6H5v-2h6V5h2v6h6v2z"></path></svg><span class="css-idkz9h">Add Mini Crisp &amp; Thin Vegetable Crackers to cart</span></button></div></div></div></div></div></div><div class="css-0"><div class="css-f5i5wc"><div class="chakra-linkbox css-vhnn8v"><div data-testid="product-image" class="css-16dr4ly"><img alt="Christie Cheese Nibs Cheddar/Jalapeno Crackers 200 g, $1.75/100g" src="https://assets.shop.loblaws.ca/products/21522300/b3/en/front/21522300_front_a06_@2.png" srcset="https://assets.shop.loblaws.ca/products/21522300/b3/en/front/21522300_front_a06_@2.png 1x, https://assets.shop.loblaws.ca/products/21522300/b3/en/front/21522300_front_a06_@2.png 2x" loading="lazy" class="chakra-image css-oguq8l" aria-hidden="true"></div><div class="css-qoklea"><div class="css-12dchmx"></div><div data-testid="price-product-tile" class="css-8atqhb"><p class="chakra-text css-0"><span class="chakra-text css-pwnbcb" data-testid="regular-price"><span class="css-idkz9h">$3.49</span>$3.49</span></p></div><a href="/cheese-nibs-cheddar-jalapeno-crackers/p/21522300_EA?source=nspt" class="chakra-linkbox__overlay css-1hnz6hu"><div class="css-0"><p class="chakra-text css-1ecdp9w" data-testid="product-brand">Christie</p><h3 class="chakra-heading css-6qrhwc" id="21522300_EA" data-testid="product-title">Cheese Nibs Cheddar/Jalapeno Crackers</h3><p class="chakra-text css-1yftjin" data-testid="product-package-size">200 g, $1.75/100g</p></div></a><div class="css-8keand"></div></div><div class="css-1q5omjq"><div class="css-fcebb8"><div data-testid="atc-compact" class="css-y94ivq" style="width: 45px;"><button type="button" class="chakra-button css-mudsm6" data-testid="atc-button"><svg stroke="currentColor" fill="currentColor" stroke-width="0" viewBox="0 0 24 24" focusable="false" class="chakra-icon css-1g3sp7a" data-testid="btn-icon" aria-hidden="true" height="1em" width="1em" xmlns="http://www.w3.org/2000/svg"><path d="M19 13h-6v6h-2v-6H5v-2h6V5h2v6h6v2z"></path></svg><span class="css-idkz9h">Add Cheese Nibs Cheddar/Jalapeno Crackers to cart</span></button></div></div></div></div></div></div><div class="css-0"><div class="css-f5i5wc"><div class="chakra-linkbox css-vhnn8v"><div data-testid="product-image" class="css-16dr4ly"><img alt="Excelsior Jamaican Water Crackers 300 g, $0.60/100g" src="https://assets.shop.loblaws.ca/products/20040825/b3/en/front/20040825_front_a06_@2.png" srcset="https://assets.shop.loblaws.ca/products/20040825/b3/en/front/20040825_front_a06_@2.png 1x, https://assets.shop.loblaws.ca/products/20040825/b3/en/front/20040825_front_a06_@2.png 2x" loading="lazy" class="chakra-image css-oguq8l" aria-hidden="true"></div><div class="css-qoklea"><div class="css-12dchmx"></div><div data-testid="price-product-tile" class="css-8atqhb"><p class="chakra-text css-0"><span class="chakra-text css-o93gbd" data-testid="sale-price"><span class="css-idkz9h">$1.79</span>$1.79</span><span class="chakra-text css-623q5h" data-testid="was-price"><span class="css-idkz9h">$1.99</span>$1.99</span></p><p class="chakra-text css-1m5a6y8" data-testid="price-descriptor">SAVE $0.20</p></div><a href="/jamaican-water-crackers/p/20040825_EA?source=nspt" class="chakra-linkbox__overlay css-1hnz6hu"><div class="css-0"><p class="chakra-text css-1ecdp9w" data-testid="product-brand">Excelsior</p><h3 class="chakra-heading css-6qrhwc" id="20040825_EA" data-testid="product-title">Jamaican Water Crackers</h3><p class="chakra-text css-1yftjin" data-testid="product-package-size">300 g, $0.60/100g</p></div></a><div class="css-8keand"></div></div><div class="css-1q5omjq"><div class="css-fcebb8"><div data-testid="atc-compact" class="css-y94ivq" style="width: 45px;"><button type="button" class="chakra-button css-mudsm6" data-testid="atc-button"><svg stroke="currentColor" fill="currentColor" stroke-width="0" viewBox="0 0 24 24" focusable="false" class="chakra-icon css-1g3sp7a" data-testid="btn-icon" aria-hidden="true" height="1em" width="1em" xmlns="http://www.w3.org/2000/svg"><path d="M19 13h-6v6h-2v-6H5v-2h6V5h2v6h6v2z"></path></svg><span class="css-idkz9h">Add Jamaican Water Crackers to cart</span></button></div></div></div></div></div></div><div class="css-0"><div class="css-f5i5wc"><div class="chakra-linkbox css-vhnn8v"><div data-testid="product-image" class="css-16dr4ly"><img alt="Dare Crackers Everything 200 g, $1.40/100g" src="https://assets.shop.loblaws.ca/products/21589303/b3/en/front/21589303_front_a06_@2.png" srcset="https://assets.shop.loblaws.ca/products/21589303/b3/en/front/21589303_front_a06_@2.png 1x, https://assets.shop.loblaws.ca/products/21589303/b3/en/front/21589303_front_a06_@2.png 2x" loading="lazy" class="chakra-image css-oguq8l" aria-hidden="true"></div><div class="css-qoklea"><div class="css-12dchmx"></div><div data-testid="price-product-tile" class="css-8atqhb"><p class="chakra-text css-0"><span class="chakra-text css-pwnbcb" data-testid="regular-price"><span class="css-idkz9h">$2.79</span>$2.79</span></p></div><a href="/crackers-everything/p/21589303_EA?source=nspt" class="chakra-linkbox__overlay css-1hnz6hu"><div class="css-0"><p class="chakra-text css-1ecdp9w" data-testid="product-brand">Dare</p><h3 class="chakra-heading css-6qrhwc" id="21589303_EA" data-testid="product-title">Crackers Everything</h3><p class="chakra-text css-1yftjin" data-testid="product-package-size">200 g, $1.40/100g</p></div></a><div class="css-8keand"></div></div><div class="css-1q5omjq"><div class="css-fcebb8"><div data-testid="atc-compact" class="css-y94ivq" style="width: 45px;"><button type="button" class="chakra-button css-mudsm6" data-testid="atc-button"><svg stroke="currentColor" fill="currentColor" stroke-width="0" viewBox="0 0 24 24" focusable="false" class="chakra-icon css-1g3sp7a" data-testid="btn-icon" aria-hidden="true" height="1em" width="1em" xmlns="http://www.w3.org/2000/svg"><path d="M19 13h-6v6h-2v-6H5v-2h6V5h2v6h6v2z"></path></svg><span class="css-idkz9h">Add Crackers Everything to cart</span></button></div></div></div></div></div></div><div class="css-0"><div class="css-f5i5wc"><div class="chakra-linkbox css-vhnn8v"><div data-testid="product-image" class="css-16dr4ly"><img alt="Maple Leaf Sauce Original Recipe 350 ml, $1.71/100ml" src="https://assets.shop.loblaws.ca/products/20097148/b3/en/front/20097148_front_a06_@2.png" srcset="https://assets.shop.loblaws.ca/products/20097148/b3/en/front/20097148_front_a06_@2.png 1x, https://assets.shop.loblaws.ca/products/20097148/b3/en/front/20097148_front_a06_@2.png 2x" loading="lazy" class="chakra-image css-oguq8l" aria-hidden="true"></div><div class="css-qoklea"><div class="css-12dchmx"></div><div data-testid="price-product-tile" class="css-8atqhb"><p class="chakra-text css-0"><span class="chakra-text css-pwnbcb" data-testid="regular-price"><span class="css-idkz9h">$5.99</span>$5.99</span></p></div><a href="/sauce-original-recipe/p/20097148_EA?source=nspt" class="chakra-linkbox__overlay css-1hnz6hu"><div class="css-0"><p class="chakra-text css-1ecdp9w" data-testid="product-brand">Maple Leaf</p><h3 class="chakra-heading css-6qrhwc" id="20097148_EA" data-testid="product-title">Sauce Original Recipe</h3><p class="chakra-text css-1yftjin" data-testid="product-package-size">350 ml, $1.71/100ml</p></div></a><div class="css-8keand"></div></div><div class="css-1q5omjq"><div class="css-fcebb8"><div data-testid="atc-compact" class="css-y94ivq" style="width: 45px;"><button type="button" class="chakra-button css-mudsm6" data-testid="atc-button"><svg stroke="currentColor" fill="currentColor" stroke-width="0" viewBox="0 0 24 24" focusable="false" class="chakra-icon css-1g3sp7a" data-testid="btn-icon" aria-hidden="true" height="1em" width="1em" xmlns="http://www.w3.org/2000/svg"><path d="M19 13h-6v6h-2v-6H5v-2h6V5h2v6h6v2z"></path></svg><span class="css-idkz9h">Add Sauce Original Recipe to cart</span></button></div></div></div></div></div></div><div class="css-0"><div class="css-f5i5wc"><div class="chakra-linkbox css-vhnn8v"><div data-testid="product-image" class="css-16dr4ly"><img alt="No Name Thin Vegetable Crackers 200 g, $1.65/100g" src="https://assets.shop.loblaws.ca/products/21295604/b3/en/front/21295604_front_a06_@2.png" srcset="https://assets.shop.loblaws.ca/products/21295604/b3/en/front/21295604_front_a06_@2.png 1x, https://assets.shop.loblaws.ca/products/21295604/b3/en/front/21295604_front_a06_@2.png 2x" loading="lazy" class="chakra-image css-oguq8l" aria-hidden="true"></div><div class="css-qoklea"><div class="css-12dchmx"></div><div data-testid="price-product-tile" class="css-8atqhb"><p class="chakra-text css-0"><span class="chakra-text css-pwnbcb" data-testid="regular-price"><span class="css-idkz9h">$3.29</span>$3.29</span></p></div><a href="/thin-vegetable-crackers/p/21295604_EA?source=nspt" class="chakra-linkbox__overlay css-1hnz6hu"><div class="css-0"><p class="chakra-text css-1ecdp9w" data-testid="product-brand">No Name</p><h3 class="chakra-heading css-6qrhwc" id="21295604_EA" data-testid="product-title">Thin Vegetable Crackers</h3><p class="chakra-text css-1yftjin" data-testid="product-package-size">200 g, $1.65/100g</p></div></a><div class="css-8keand"></div></div><div class="css-1q5omjq"><div class="css-fcebb8"><div data-testid="atc-compact" class="css-y94ivq" style="width: 45px;"><button type="button" class="chakra-button css-mudsm6" data-testid="atc-button"><svg stroke="currentColor" fill="currentColor" stroke-width="0" viewBox="0 0 24 24" focusable="false" class="chakra-icon css-1g3sp7a" data-testid="btn-icon" aria-hidden="true" height="1em" width="1em" xmlns="http://www.w3.org/2000/svg"><path d="M19 13h-6v6h-2v-6H5v-2h6V5h2v6h6v2z"></path></svg><span class="css-idkz9h">Add Thin Vegetable Crackers to cart</span></button></div></div></div></div></div></div><div class="css-0"><div class="css-f5i5wc"><div class="chakra-linkbox css-vhnn8v"><div data-testid="product-image" class="css-16dr4ly"><img alt="Cheez-It Crackers Double Cheese Flavour Snack 213 g, $2.01/100g" src="https://assets.shop.loblaws.ca/products/21451181/b3/en/front/21451181_front_a06_@2.png" srcset="https://assets.shop.loblaws.ca/products/21451181/b3/en/front/21451181_front_a06_@2.png 1x, https://assets.shop.loblaws.ca/products/21451181/b3/en/front/21451181_front_a06_@2.png 2x" loading="lazy" class="chakra-image css-oguq8l" aria-hidden="true"></div><div class="css-qoklea"><div class="css-12dchmx"></div><div data-testid="price-product-tile" class="css-8atqhb"><p class="chakra-text css-0"><span class="chakra-text css-pwnbcb" data-testid="regular-price"><span class="css-idkz9h">$4.29</span>$4.29</span></p></div><a href="/crackers-double-cheese-flavour-snack/p/21451181_EA?source=nspt" class="chakra-linkbox__overlay css-1hnz6hu"><div class="css-0"><p class="chakra-text css-1ecdp9w" data-testid="product-brand">Cheez-It</p><h3 class="chakra-heading css-6qrhwc" id="21451181_EA" data-testid="product-title">Crackers Double Cheese Flavour Snack</h3><p class="chakra-text css-1yftjin" data-testid="product-package-size">213 g, $2.01/100g</p></div></a><div class="css-8keand"></div></div><div class="css-1q5omjq"><div class="css-fcebb8"><div data-testid="atc-compact" class="css-y94ivq" style="width: 45px;"><button type="button" class="chakra-button css-mudsm6" data-testid="atc-button"><svg stroke="currentColor" fill="currentColor" stroke-width="0" viewBox="0 0 24 24" focusable="false" class="chakra-icon css-1g3sp7a" data-testid="btn-icon" aria-hidden="true" height="1em" width="1em" xmlns="http://www.w3.org/2000/svg"><path d="M19 13h-6v6h-2v-6H5v-2h6V5h2v6h6v2z"></path></svg><span class="css-idkz9h">Add Crackers Double Cheese Flavour Snack to cart</span></button></div></div><div class="css-4saf4a"><p class="chakra-text css-py8788" data-testid="inventory-badge-text">Low Stock</p></div></div></div></div></div><div class="css-0"><div class="css-f5i5wc"><div class="chakra-linkbox css-vhnn8v"><div data-testid="product-image" class="css-16dr4ly"><img alt="Christie 37% Less Fat Crackers 180 g, $1.38/100g" src="https://assets.shop.loblaws.ca/products/21547045/b3/en/front/21547045_front_a06_@2.png" srcset="https://assets.shop.loblaws.ca/products/21547045/b3/en/front/21547045_front_a06_@2.png 1x, https://assets.shop.loblaws.ca/products/21547045/b3/en/front/21547045_front_a06_@2.png 2x" loading="lazy" class="chakra-image css-oguq8l" aria-hidden="true"></div><div class="css-qoklea"><div class="css-12dchmx"><div class="chakra-badge css-1esrteb" data-testid="product-badge"><div class="css-u4p24i">Hit of the Month</div></div></div><div data-testid="price-product-tile" class="css-8atqhb"><p class="chakra-text css-0"><span class="chakra-text css-o93gbd" data-testid="sale-price"><span class="css-idkz9h">$1.88</span>$1.88</span><span class="chakra-text css-623q5h" data-testid="was-price"><span class="css-idkz9h"></span></span></p><p class="chakra-text css-1m5a6y8" data-testid="price-descriptor">Limit 6, after limit $2.49</p></div><a href="/37-less-fat-crackers/p/21547045_EA?source=nspt" class="chakra-linkbox__overlay css-1hnz6hu"><div class="css-0"><p class="chakra-text css-1ecdp9w" data-testid="product-brand">Christie</p><h3 class="chakra-heading css-6qrhwc" id="21547045_EA" data-testid="product-title">37% Less Fat Crackers</h3><p class="chakra-text css-1yftjin" data-testid="product-package-size">180 g, $1.38/100g</p></div></a><div class="css-8keand"></div></div><div class="css-1q5omjq"><div class="css-fcebb8"><div data-testid="atc-compact" class="css-y94ivq" style="width: 45px;"><button type="button" class="chakra-button css-mudsm6" data-testid="atc-button"><svg stroke="currentColor" fill="currentColor" stroke-width="0" viewBox="0 0 24 24" focusable="false" class="chakra-icon css-1g3sp7a" data-testid="btn-icon" aria-hidden="true" height="1em" width="1em" xmlns="http://www.w3.org/2000/svg"><path d="M19 13h-6v6h-2v-6H5v-2h6V5h2v6h6v2z"></path></svg><span class="css-idkz9h">Add 37% Less Fat Crackers to cart</span></button></div></div></div></div></div></div><div class="css-0"><div class="css-f5i5wc"><div class="chakra-linkbox css-vhnn8v"><div data-testid="product-image" class="css-16dr4ly"><img alt="Grissol Melba Toast Sourdough Flavour 400 g, $1.25/100g" src="https://assets.shop.loblaws.ca/products/21520208/b3/en/front/21520208_front_a06_@2.png" srcset="https://assets.shop.loblaws.ca/products/21520208/b3/en/front/21520208_front_a06_@2.png 1x, https://assets.shop.loblaws.ca/products/21520208/b3/en/front/21520208_front_a06_@2.png 2x" loading="lazy" class="chakra-image css-oguq8l" aria-hidden="true"></div><div class="css-qoklea"><div class="css-12dchmx"></div><div data-testid="price-product-tile" class="css-8atqhb"><p class="chakra-text css-0"><span class="chakra-text css-pwnbcb" data-testid="regular-price"><span class="css-idkz9h">$4.99</span>$4.99</span></p></div><a href="/melba-toast-sourdough-flavour/p/21520208_EA?source=nspt" class="chakra-linkbox__overlay css-1hnz6hu"><div class="css-0"><p class="chakra-text css-1ecdp9w" data-testid="product-brand">Grissol</p><h3 class="chakra-heading css-6qrhwc" id="21520208_EA" data-testid="product-title">Melba Toast Sourdough Flavour</h3><p class="chakra-text css-1yftjin" data-testid="product-package-size">400 g, $1.25/100g</p></div></a><div class="css-8keand"><p class="chakra-text css-wytexo" data-testid="product-pco-badge">500 PC Optimum Points</p></div></div><div class="css-1q5omjq"><div class="css-fcebb8"><div data-testid="atc-compact" class="css-y94ivq" style="width: 45px;"><button type="button" class="chakra-button css-mudsm6" data-testid="atc-button"><svg stroke="currentColor" fill="currentColor" stroke-width="0" viewBox="0 0 24 24" focusable="false" class="chakra-icon css-1g3sp7a" data-testid="btn-icon" aria-hidden="true" height="1em" width="1em" xmlns="http://www.w3.org/2000/svg"><path d="M19 13h-6v6h-2v-6H5v-2h6V5h2v6h6v2z"></path></svg><span class="css-idkz9h">Add Melba Toast Sourdough Flavour to cart</span></button></div></div></div></div></div></div><div class="css-0"><div class="css-f5i5wc"><div class="chakra-linkbox css-vhnn8v"><div data-testid="product-image" class="css-16dr4ly"><img alt="President's Choice Crisp &amp; Thin Crackers with Flax &amp; Honey 225 g, $1.33/100g" src="https://assets.shop.loblaws.ca/products/20185144004/b3/en/front/20185144004_front_a06_@2.png" srcset="https://assets.shop.loblaws.ca/products/20185144004/b3/en/front/20185144004_front_a06_@2.png 1x, https://assets.shop.loblaws.ca/products/20185144004/b3/en/front/20185144004_front_a06_@2.png 2x" loading="lazy" class="chakra-image css-oguq8l" aria-hidden="true"></div><div class="css-qoklea"><div class="css-12dchmx"></div><div data-testid="price-product-tile" class="css-8atqhb"><p class="chakra-text css-0"><span class="chakra-text css-pwnbcb" data-testid="regular-price"><span class="css-idkz9h">$2.99</span>$2.99</span></p></div><a href="/crisp-thin-crackers-with-flax-honey/p/20185144004_EA?source=nspt" class="chakra-linkbox__overlay css-1hnz6hu"><div class="css-0"><p class="chakra-text css-1ecdp9w" data-testid="product-brand">President's Choice</p><h3 class="chakra-heading css-6qrhwc" id="20185144004_EA" data-testid="product-title">Crisp &amp; Thin Crackers with Flax &amp; Honey</h3><p class="chakra-text css-1yftjin" data-testid="product-package-size">225 g, $1.33/100g</p></div></a><div class="css-8keand"></div></div><div class="css-1q5omjq"><div class="css-fcebb8"><div data-testid="atc-compact" class="css-y94ivq" style="width: 45px;"><button type="button" class="chakra-button css-mudsm6" data-testid="atc-button"><svg stroke="currentColor" fill="currentColor" stroke-width="0" viewBox="0 0 24 24" focusable="false" class="chakra-icon css-1g3sp7a" data-testid="btn-icon" aria-hidden="true" height="1em" width="1em" xmlns="http://www.w3.org/2000/svg"><path d="M19 13h-6v6h-2v-6H5v-2h6V5h2v6h6v2z"></path></svg><span class="css-idkz9h">Add Crisp &amp; Thin Crackers with Flax &amp; Honey to cart</span></button></div></div></div></div></div></div><div class="css-0"><div class="css-f5i5wc"><div class="chakra-linkbox css-vhnn8v"><div data-testid="product-image" class="css-16dr4ly"><img alt="President's Choice Mini Pita Crackers, White Cheddar Flavour 142 g, $2.11/100g" src="https://assets.shop.loblaws.ca/products/21380337/b3/en/front/21380337_front_a06_@2.png" srcset="https://assets.shop.loblaws.ca/products/21380337/b3/en/front/21380337_front_a06_@2.png 1x, https://assets.shop.loblaws.ca/products/21380337/b3/en/front/21380337_front_a06_@2.png 2x" loading="lazy" class="chakra-image css-oguq8l" aria-hidden="true"></div><div class="css-qoklea"><div class="css-12dchmx"></div><div data-testid="price-product-tile" class="css-8atqhb"><p class="chakra-text css-0"><span class="chakra-text css-pwnbcb" data-testid="regular-price"><span class="css-idkz9h">$2.99</span>$2.99</span></p></div><a href="/mini-pita-crackers-white-cheddar-flavour/p/21380337_EA?source=nspt" class="chakra-linkbox__overlay css-1hnz6hu"><div class="css-0"><p class="chakra-text css-1ecdp9w" data-testid="product-brand">President's Choice</p><h3 class="chakra-heading css-6qrhwc" id="21380337_EA" data-testid="product-title">Mini Pita Crackers, White Cheddar Flavour</h3><p class="chakra-text css-1yftjin" data-testid="product-package-size">142 g, $2.11/100g</p></div></a><div class="css-8keand"></div></div><div class="css-1q5omjq"><div class="css-fcebb8"><div data-testid="atc-compact" class="css-y94ivq" style="width: 45px;"><button type="button" class="chakra-button css-mudsm6" data-testid="atc-button"><svg stroke="currentColor" fill="currentColor" stroke-width="0" viewBox="0 0 24 24" focusable="false" class="chakra-icon css-1g3sp7a" data-testid="btn-icon" aria-hidden="true" height="1em" width="1em" xmlns="http://www.w3.org/2000/svg"><path d="M19 13h-6v6h-2v-6H5v-2h6V5h2v6h6v2z"></path></svg><span class="css-idkz9h">Add Mini Pita Crackers, White Cheddar Flavour to cart</span></button></div></div></div></div></div></div><div class="css-0"><div class="css-f5i5wc"><div class="chakra-linkbox css-vhnn8v"><div data-testid="product-image" class="css-16dr4ly"><img alt="Christie Cheese Nibs Sweet Chili &amp; Sour Cream Crackers 200 g, $1.75/100g" src="https://assets.shop.loblaws.ca/products/21522564/b3/en/front/21522564_front_a06_@2.png" srcset="https://assets.shop.loblaws.ca/products/21522564/b3/en/front/21522564_front_a06_@2.png 1x, https://assets.shop.loblaws.ca/products/21522564/b3/en/front/21522564_front_a06_@2.png 2x" loading="lazy" class="chakra-image css-oguq8l" aria-hidden="true"></div><div class="css-qoklea"><div class="css-12dchmx"></div><div data-testid="price-product-tile" class="css-8atqhb"><p class="chakra-text css-0"><span class="chakra-text css-pwnbcb" data-testid="regular-price"><span class="css-idkz9h">$3.49</span>$3.49</span></p></div><a href="/cheese-nibs-sweet-chili-sour-cream-crackers/p/21522564_EA?source=nspt" class="chakra-linkbox__overlay css-1hnz6hu"><div class="css-0"><p class="chakra-text css-1ecdp9w" data-testid="product-brand">Christie</p><h3 class="chakra-heading css-6qrhwc" id="21522564_EA" data-testid="product-title">Cheese Nibs Sweet Chili &amp; Sour Cream Crackers</h3><p class="chakra-text css-1yftjin" data-testid="product-package-size">200 g, $1.75/100g</p></div></a><div class="css-8keand"></div></div><div class="css-1q5omjq"><div class="css-fcebb8"><div data-testid="atc-compact" class="css-y94ivq" style="width: 45px;"><button type="button" class="chakra-button css-mudsm6" data-testid="atc-button"><svg stroke="currentColor" fill="currentColor" stroke-width="0" viewBox="0 0 24 24" focusable="false" class="chakra-icon css-1g3sp7a" data-testid="btn-icon" aria-hidden="true" height="1em" width="1em" xmlns="http://www.w3.org/2000/svg"><path d="M19 13h-6v6h-2v-6H5v-2h6V5h2v6h6v2z"></path></svg><span class="css-idkz9h">Add Cheese Nibs Sweet Chili &amp; Sour Cream Crackers to cart</span></button></div></div></div></div></div></div><div class="css-0"><div class="css-f5i5wc"><div class="chakra-linkbox css-vhnn8v"><div data-testid="product-image" class="css-16dr4ly"><img alt="Paris Toasts Paris Toasts 80 g, $3.49/100g" src="https://assets.shop.loblaws.ca/products/20501050/b3/en/front/20501050_front_a06_@2.png" srcset="https://assets.shop.loblaws.ca/products/20501050/b3/en/front/20501050_front_a06_@2.png 1x, https://assets.shop.loblaws.ca/products/20501050/b3/en/front/20501050_front_a06_@2.png 2x" loading="lazy" class="chakra-image css-oguq8l" aria-hidden="true"></div><div class="css-qoklea"><div class="css-12dchmx"></div><div data-testid="price-product-tile" class="css-8atqhb"><p class="chakra-text css-0"><span class="chakra-text css-pwnbcb" data-testid="regular-price"><span class="css-idkz9h">$2.79</span>$2.79</span></p></div><a href="/paris-toasts/p/20501050_EA?source=nspt" class="chakra-linkbox__overlay css-1hnz6hu"><div class="css-0"><p class="chakra-text css-1ecdp9w" data-testid="product-brand">Paris Toasts</p><h3 class="chakra-heading css-6qrhwc" id="20501050_EA" data-testid="product-title">Paris Toasts</h3><p class="chakra-text css-1yftjin" data-testid="product-package-size">80 g, $3.49/100g</p></div></a><div class="css-8keand"></div></div><div class="css-1q5omjq"><div class="css-fcebb8"><div data-testid="atc-compact" class="css-y94ivq" style="width: 45px;"><button type="button" class="chakra-button css-mudsm6" data-testid="atc-button"><svg stroke="currentColor" fill="currentColor" stroke-width="0" viewBox="0 0 24 24" focusable="false" class="chakra-icon css-1g3sp7a" data-testid="btn-icon" aria-hidden="true" height="1em" width="1em" xmlns="http://www.w3.org/2000/svg"><path d="M19 13h-6v6h-2v-6H5v-2h6V5h2v6h6v2z"></path></svg><span class="css-idkz9h">Add Paris Toasts to cart</span></button></div></div></div></div></div></div><div class="css-0"><div class="css-f5i5wc"><div class="chakra-linkbox css-vhnn8v"><div data-testid="product-image" class="css-16dr4ly"><img alt="Cheez-It Crackers Cheddar Sour Cream &amp; Onion Flavour Snack  213 g, $2.01/100g" src="https://assets.shop.loblaws.ca/products/21449846/b3/en/front/21449846_front_a06_@2.png" srcset="https://assets.shop.loblaws.ca/products/21449846/b3/en/front/21449846_front_a06_@2.png 1x, https://assets.shop.loblaws.ca/products/21449846/b3/en/front/21449846_front_a06_@2.png 2x" loading="lazy" class="chakra-image css-oguq8l" aria-hidden="true"></div><div class="css-qoklea"><div class="css-12dchmx"></div><div data-testid="price-product-tile" class="css-8atqhb"><p class="chakra-text css-0"><span class="chakra-text css-pwnbcb" data-testid="regular-price"><span class="css-idkz9h">$4.29</span>$4.29</span></p></div><a href="/crackers-cheddar-sour-cream-onion-flavour-snack/p/21449846_EA?source=nspt" class="chakra-linkbox__overlay css-1hnz6hu"><div class="css-0"><p class="chakra-text css-1ecdp9w" data-testid="product-brand">Cheez-It</p><h3 class="chakra-heading css-6qrhwc" id="21449846_EA" data-testid="product-title">Crackers Cheddar Sour Cream &amp; Onion Flavour Snack </h3><p class="chakra-text css-1yftjin" data-testid="product-package-size">213 g, $2.01/100g</p></div></a><div class="css-8keand"></div></div><div class="css-1q5omjq"><div class="css-fcebb8"><div data-testid="atc-compact" class="css-y94ivq" style="width: 45px;"><button type="button" class="chakra-button css-mudsm6" data-testid="atc-button"><svg stroke="currentColor" fill="currentColor" stroke-width="0" viewBox="0 0 24 24" focusable="false" class="chakra-icon css-1g3sp7a" data-testid="btn-icon" aria-hidden="true" height="1em" width="1em" xmlns="http://www.w3.org/2000/svg"><path d="M19 13h-6v6h-2v-6H5v-2h6V5h2v6h6v2z"></path></svg><span class="css-idkz9h">Add Crackers Cheddar Sour Cream &amp; Onion Flavour Snack  to cart</span></button></div></div></div></div></div></div></div><div data-testid="product-grid" class="css-epcqr3"><div class="css-0"><div class="css-f5i5wc"><div class="chakra-linkbox css-vhnn8v"><div data-testid="product-image" class="css-16dr4ly"><img alt="Triscuit Garden Vegetable Crackers, No Artificial Colours or Flavours 185 g, $1.35/100g" src="https://assets.shop.loblaws.ca/products/21577817/b3/en/front/21577817_front_a06_@2.png" srcset="https://assets.shop.loblaws.ca/products/21577817/b3/en/front/21577817_front_a06_@2.png 1x, https://assets.shop.loblaws.ca/products/21577817/b3/en/front/21577817_front_a06_@2.png 2x" loading="lazy" class="chakra-image css-oguq8l" aria-hidden="true"></div><div class="css-qoklea"><div class="css-12dchmx"><div class="chakra-badge css-1esrteb" data-testid="product-badge"><div class="css-u4p24i">Hit of the Month</div></div></div><div data-testid="price-product-tile" class="css-8atqhb"><p class="chakra-text css-0"><span class="chakra-text css-o93gbd" data-testid="sale-price"><span class="css-idkz9h">$1.88</span>$1.88</span><span class="chakra-text css-623q5h" data-testid="was-price"><span class="css-idkz9h"></span></span></p><p class="chakra-text css-1m5a6y8" data-testid="price-descriptor">Limit 6, after limit $2.49</p></div><a href="/garden-vegetable-crackers-no-artificial-colours-or/p/21577817_EA?source=nspt" class="chakra-linkbox__overlay css-1hnz6hu"><div class="css-0"><p class="chakra-text css-1ecdp9w" data-testid="product-brand">Triscuit</p><h3 class="chakra-heading css-6qrhwc" id="21577817_EA" data-testid="product-title">Garden Vegetable Crackers, No Artificial Colours or Flavours</h3><p class="chakra-text css-1yftjin" data-testid="product-package-size">185 g, $1.35/100g</p></div></a><div class="css-8keand"></div></div><div class="css-1q5omjq"><div class="css-fcebb8"><div data-testid="atc-compact" class="css-y94ivq" style="width: 45px;"><button type="button" class="chakra-button css-mudsm6" data-testid="atc-button"><svg stroke="currentColor" fill="currentColor" stroke-width="0" viewBox="0 0 24 24" focusable="false" class="chakra-icon css-1g3sp7a" data-testid="btn-icon" aria-hidden="true" height="1em" width="1em" xmlns="http://www.w3.org/2000/svg"><path d="M19 13h-6v6h-2v-6H5v-2h6V5h2v6h6v2z"></path></svg><span class="css-idkz9h">Add Garden Vegetable Crackers, No Artificial Colours or Flavours to cart</span></button></div></div></div></div></div></div><div class="css-0"><div class="css-f5i5wc"><div class="chakra-linkbox css-vhnn8v"><div data-testid="product-image" class="css-16dr4ly"><img alt="S&amp;F Cream Crackers 200 g, $1.15/100g" src="https://assets.shop.loblaws.ca/products/20002878/b3/en/front/20002878_front_a06_@2.png" srcset="https://assets.shop.loblaws.ca/products/20002878/b3/en/front/20002878_front_a06_@2.png 1x, https://assets.shop.loblaws.ca/products/20002878/b3/en/front/20002878_front_a06_@2.png 2x" loading="lazy" class="chakra-image css-oguq8l" aria-hidden="true"></div><div class="css-qoklea"><div class="css-12dchmx"></div><div data-testid="price-product-tile" class="css-8atqhb"><p class="chakra-text css-0"><span class="chakra-text css-pwnbcb" data-testid="regular-price"><span class="css-idkz9h">$2.29</span>$2.29</span></p></div><a href="/cream-crackers/p/20002878_EA?source=nspt" class="chakra-linkbox__overlay css-1hnz6hu"><div class="css-0"><p class="chakra-text css-1ecdp9w" data-testid="product-brand">S&amp;F</p><h3 class="chakra-heading css-6qrhwc" id="20002878_EA" data-testid="product-title">Cream Crackers</h3><p class="chakra-text css-1yftjin" data-testid="product-package-size">200 g, $1.15/100g</p></div></a><div class="css-8keand"></div></div><div class="css-1q5omjq"><div class="css-fcebb8"><div data-testid="atc-compact" class="css-y94ivq" style="width: 45px;"><button type="button" class="chakra-button css-mudsm6" data-testid="atc-button"><svg stroke="currentColor" fill="currentColor" stroke-width="0" viewBox="0 0 24 24" focusable="false" class="chakra-icon css-1g3sp7a" data-testid="btn-icon" aria-hidden="true" height="1em" width="1em" xmlns="http://www.w3.org/2000/svg"><path d="M19 13h-6v6h-2v-6H5v-2h6V5h2v6h6v2z"></path></svg><span class="css-idkz9h">Add Cream Crackers to cart</span></button></div></div></div></div></div></div><div class="css-0"><div class="css-f5i5wc"><div class="chakra-linkbox css-vhnn8v"><div data-testid="product-image" class="css-16dr4ly"><img alt="Paris Toasts Whole Wheat Paris Toasts 80 g, $4.11/100g" src="https://assets.shop.loblaws.ca/products/20500959/b3/en/front/20500959_front_a06_@2.png" srcset="https://assets.shop.loblaws.ca/products/20500959/b3/en/front/20500959_front_a06_@2.png 1x, https://assets.shop.loblaws.ca/products/20500959/b3/en/front/20500959_front_a06_@2.png 2x" loading="lazy" class="chakra-image css-oguq8l" aria-hidden="true"></div><div class="css-qoklea"><div class="css-12dchmx"></div><div data-testid="price-product-tile" class="css-8atqhb"><p class="chakra-text css-0"><span class="chakra-text css-pwnbcb" data-testid="regular-price"><span class="css-idkz9h">$3.29</span>$3.29</span></p></div><a href="/whole-wheat-paris-toasts/p/20500959_EA?source=nspt" class="chakra-linkbox__overlay css-1hnz6hu"><div class="css-0"><p class="chakra-text css-1ecdp9w" data-testid="product-brand">Paris Toasts</p><h3 class="chakra-heading css-6qrhwc" id="20500959_EA" data-testid="product-title">Whole Wheat Paris Toasts</h3><p class="chakra-text css-1yftjin" data-testid="product-package-size">80 g, $4.11/100g</p></div></a><div class="css-8keand"></div></div><div class="css-1q5omjq"><div class="css-fcebb8"><div data-testid="atc-compact" class="css-y94ivq" style="width: 45px;"><button type="button" class="chakra-button css-mudsm6" data-testid="atc-button"><svg stroke="currentColor" fill="currentColor" stroke-width="0" viewBox="0 0 24 24" focusable="false" class="chakra-icon css-1g3sp7a" data-testid="btn-icon" aria-hidden="true" height="1em" width="1em" xmlns="http://www.w3.org/2000/svg"><path d="M19 13h-6v6h-2v-6H5v-2h6V5h2v6h6v2z"></path></svg><span class="css-idkz9h">Add Whole Wheat Paris Toasts to cart</span></button></div></div></div></div></div></div></div>