[
    {
        "id": 1,
        "name": "Feta in Brine",
        "price": "200 g, $2.50/100g",
        "brand": "Saputo",
        "image_url": "https://assets.shop.loblaws.ca/products/20573975/b3/en/front/20573975_front_a06_@2.png",
        "image_alt": "Saputo Feta in Brine 200 g, $2.50/100g",
        "price_product_tile": "$5.00$5.00$6.99$6.99SAVE $1.99"
    },
    {
        "id": 2,
        "name": "Herbs Garlic Cheese",
        "price": "150 g, $4.66/100g",
        "brand": "Boursin",
        "image_url": "https://assets.shop.loblaws.ca/products/20116794/b3/en/front/20116794_front_a06_@2.png",
        "image_alt": "Boursin Herbs Garlic Cheese 150 g, $4.66/100g",
        "price_product_tile": "$6.99$6.99"
    },
    {
        "id": 3,
        "name": "Original (6 x 20g)",
        "price": "120 g, $3.08/100g",
        "brand": "Babybel",
        "image_url": "https://assets.shop.loblaws.ca/products/20574332/b3/en/front/20574332_front_a06_@2.png",
        "image_alt": "Babybel Original (6 x 20g) 120 g, $3.08/100g",
        "price_product_tile": "$3.69$3.69$4.99$4.99SAVE $1.30"
    },
    {
        "id": 4,
        "name": "Double Cream Brie Cheese",
        "price": "200 g, $3.25/100g",
        "brand": "President's Choice",
        "image_url": "https://assets.shop.loblaws.ca/products/20787327/b3/en/front/20787327_front_a06_@2.png",
        "image_alt": "President's Choice Double Cream Brie Cheese 200 g, $3.25/100g",
        "price_product_tile": "$6.49$6.49"
    },
    {
        "id": 5,
        "name": "Parmigiano Reggiano Hard Ripened Cheese Aged 24 Months",
        "price": "250 g, $4.60/100g",
        "brand": "PC Splendido",
        "image_url": "https://assets.shop.loblaws.ca/products/21053434/b3/en/front/21053434_front_a06_@2.png",
        "image_alt": "PC Splendido Parmigiano Reggiano Hard Ripened Cheese Aged 24 Months 250 g, $4.60/100g",
        "price_product_tile": "$11.49$11.49"
    },
    {
        "id": 6,
        "name": "Feta Cheese Twin Pack",
        "price": "280 g, $2.86/100g",
        "brand": "Tre Stelle",
        "image_url": "https://assets.shop.loblaws.ca/products/21100063/b3/en/front/21100063_front_a06_@2.png",
        "image_alt": "Tre Stelle Feta Cheese Twin Pack 280 g, $2.86/100g",
        "price_product_tile": "$8.00$8.00$8.49$8.49SAVE $0.49"
    },
    {
        "id": 7,
        "name": "Shallot & Chive",
        "price": "150 g, $4.66/100g",
        "brand": "Boursin",
        "image_url": "https://assets.shop.loblaws.ca/products/20591214/b3/en/front/20591214_front_a06_@2.png",
        "image_alt": "Boursin Shallot & Chive 150 g, $4.66/100g",
        "price_product_tile": "$6.99$6.99"
    },
    {
        "id": 8,
        "name": "Feta in Brine, Light",
        "price": "200 g, $2.50/100g",
        "brand": "Saputo",
        "image_url": "https://assets.shop.loblaws.ca/products/20573976/b3/en/front/20573976_front_a06_@2.png",
        "image_alt": "Saputo Feta in Brine, Light 200 g, $2.50/100g",
        "price_product_tile": "$5.00$5.00$6.99$6.99SAVE $1.99"
    },
    {
        "id": 9,
        "name": "Parmesan, Shredded",
        "price": "140 g, $5.71/100g",
        "brand": "Zerto",
        "image_url": "https://assets.shop.loblaws.ca/products/20563140/b3/en/front/20563140_front_a06_@2.png",
        "image_alt": "Zerto Parmesan, Shredded 140 g, $5.71/100g",
        "price_product_tile": "$7.99$7.99"
    },
    {
        "id": 10,
        "name": "Mozzarella Ball",
        "price": "340 g, $2.35/100g",
        "brand": "Tre Stelle",
        "image_url": "https://assets.shop.loblaws.ca/products/20189267/b3/en/front/20189267_front_a06_@2.png",
        "image_alt": "Tre Stelle Mozzarella Ball 340 g, $2.35/100g",
        "price_product_tile": "$7.99$7.99"
    },
    {
        "id": 11,
        "name": "Halloom\u00a0Semi-Soft\u00a0Unripened\u00a0Cheese",
        "price": "250 g, $3.20/100g",
        "brand": "President's Choice",
        "image_url": "https://assets.shop.loblaws.ca/products/20563213/b3/en/front/20563213_front_a06_@2.png",
        "image_alt": "President's Choice Halloom\u00a0Semi-Soft\u00a0Unripened\u00a0Cheese\u00a0 250 g, $3.20/100g",
        "price_product_tile": "$7.99$7.99"
    },
    {
        "id": 12,
        "name": "Feta",
        "price": "400 g, $2.37/100g",
        "brand": "Ziggy's",
        "image_url": "https://assets.shop.loblaws.ca/products/20592952/b3/en/front/20592952_front_a06_@2.png",
        "image_alt": "Ziggy's Feta 400 g, $2.37/100g",
        "price_product_tile": "$9.49$9.49"
    },
    {
        "id": 13,
        "name": "Provolone Sliced Cheese",
        "price": "150 g, $4.00/100g",
        "brand": "President's Choice",
        "image_url": "https://assets.shop.loblaws.ca/products/20217853/b3/en/front/20217853_front_a06_@2.png",
        "image_alt": "President's Choice Provolone Sliced Cheese 150 g, $4.00/100g",
        "price_product_tile": "$6.00$6.00$6.99$6.99SAVE $0.99"
    },
    {
        "id": 14,
        "name": "Bocconcini, Mini",
        "price": "200 g, $3.90/100g",
        "brand": "Tre Stelle",
        "image_url": "https://assets.shop.loblaws.ca/products/20024992/b3/en/front/20024992_front_a06_@2.png",
        "image_alt": "Tre Stelle Bocconcini, Mini 200 g, $3.90/100g",
        "price_product_tile": "$7.79$7.79"
    },
    {
        "id": 15,
        "name": "Cheddar Cheese Sliced Medium 33% M.F. Club Pack",
        "price": "500 g, $3.10/100g",
        "brand": "President's Choice",
        "image_url": "https://assets.shop.loblaws.ca/products/20249826/b3/en/front/20249826_front_a06_@2.png",
        "image_alt": "President's Choice Cheddar Cheese Sliced Medium 33% M.F. Club Pack 500 g, $3.10/100g",
        "price_product_tile": "$15.49$15.49"
    },
    {
        "id": 16,
        "name": "Original Semi-soft Ripened Cheese 12 x 20g",
        "price": "240 g, $4.37/100g",
        "brand": "Babybel",
        "image_url": "https://assets.shop.loblaws.ca/products/20300620/b3/en/front/20300620_front_a06_@2.png",
        "image_alt": "Babybel Original Semi-soft Ripened Cheese 12 x 20g 240 g, $4.37/100g",
        "price_product_tile": "$10.49$10.49"
    },
    {
        "id": 17,
        "name": "Ricotta",
        "price": "475 g, $1.68/100g",
        "brand": "Tre Stelle",
        "image_url": "https://assets.shop.loblaws.ca/products/20093652/b3/en/front/20093652_front_a06_@2.png",
        "image_alt": "Tre Stelle Ricotta 475 g, $1.68/100g",
        "price_product_tile": "$7.99$7.99"
    },
    {
        "id": 18,
        "name": "Mozzarella Fresca",
        "price": "190 g, $2.63/100g",
        "brand": "Saputo",
        "image_url": "https://assets.shop.loblaws.ca/products/21184247/b3/en/front/21184247_front_a06_@2.png",
        "image_alt": "Saputo Mozzarella Fresca 190 g, $2.63/100g",
        "price_product_tile": "$5.00$5.00$5.79$5.79SAVE $0.79"
    },
    {
        "id": 19,
        "name": "Cheese, Spreadable",
        "price": "133 g, $2.77/100g",
        "brand": "The Laughing Cow",
        "image_url": "https://assets.shop.loblaws.ca/products/20319107/b3/en/front/20319107_front_a06_@2.png",
        "image_alt": "The Laughing Cow Cheese, Spreadable 133 g, $2.77/100g",
        "price_product_tile": "$3.69$3.69$4.49$4.49SAVE $0.80"
    },
    {
        "id": 20,
        "name": "Crumbled Goat's Milk F\u00e9ta Cheese",
        "price": "175 g, $4.45/100g",
        "brand": "President's Choice",
        "image_url": "https://assets.shop.loblaws.ca/products/20862068/b3/en/front/20862068_front_a06_@2.png",
        "image_alt": "President's Choice Crumbled Goat's Milk F\u00e9ta Cheese 175 g, $4.45/100g",
        "price_product_tile": "$7.79$7.79"
    },
    {
        "id": 21,
        "name": "Sliced Medium Cheddar Cheese",
        "price": "170 g, $3.53/100g",
        "brand": "President's Choice",
        "image_url": "https://assets.shop.loblaws.ca/products/20216643/b3/en/front/20216643_front_a06_@2.png",
        "image_alt": "President's Choice Sliced Medium Cheddar Cheese 170 g, $3.53/100g",
        "price_product_tile": "$6.00$6.00$6.99$6.99SAVE $0.99"
    },
    {
        "id": 22,
        "name": "Goat Cheese",
        "price": "140 g, $4.49/100g",
        "brand": "President's Choice",
        "image_url": "https://assets.shop.loblaws.ca/products/20000584/b3/en/front/20000584_front_a06_@2.png",
        "image_alt": "President's Choice Goat Cheese 140 g, $4.49/100g",
        "price_product_tile": "$6.29$6.29"
    },
    {
        "id": 23,
        "name": "Light",
        "price": "120 g, $3.08/100g",
        "brand": "Babybel",
        "image_url": "https://assets.shop.loblaws.ca/products/20575904/b3/en/front/20575904_front_a06_@2.png",
        "image_alt": "Babybel Light 120 g, $3.08/100g",
        "price_product_tile": "$3.69$3.69$4.99$4.99SAVE $1.30"
    },
    {
        "id": 24,
        "name": "Semi-Soft Ripened Cheese Mini Gouda Taste 24% M.F.",
        "price": "120 g, $3.08/100g",
        "brand": "Babybel",
        "image_url": "https://assets.shop.loblaws.ca/products/21542431/b3/en/front/21542431_front_a06_@2.png",
        "image_alt": "Babybel Semi-Soft Ripened Cheese Mini Gouda Taste 24% M.F. 120 g, $3.08/100g",
        "price_product_tile": "$3.69$3.69$5.29$5.29SAVE $1.60"
    },
    {
        "id": 25,
        "name": "Cranberry & Pepper",
        "price": "150 g, $4.66/100g",
        "brand": "Boursin",
        "image_url": "https://assets.shop.loblaws.ca/products/20591219/b3/en/front/20591219_front_a06_@2.png",
        "image_alt": "Boursin Cranberry & Pepper 150 g, $4.66/100g",
        "price_product_tile": "$6.99$6.99"
    },
    {
        "id": 26,
        "name": "Lactose Free Feta Cheese",
        "price": "200 g, $3.50/100g",
        "brand": "Tre Stelle",
        "image_url": "https://assets.shop.loblaws.ca/products/21364404/b3/en/front/21364404_front_a06_@2.png",
        "image_alt": "Tre Stelle Lactose Free Feta Cheese 200 g, $3.50/100g",
        "price_product_tile": "$6.99$6.99"
    },
    {
        "id": 27,
        "name": "Soft Unripened Goat's Milk Cheese",
        "price": "140 g, $4.49/100g",
        "brand": "PC Blue Menu",
        "image_url": "https://assets.shop.loblaws.ca/products/20330259/b3/en/front/20330259_front_a06_@2.png",
        "image_alt": "PC Blue Menu Soft Unripened Goat's Milk Cheese 140 g, $4.49/100g",
        "price_product_tile": "$6.29$6.29"
    },
    {
        "id": 28,
        "name": "Cheddar Cheese Extra Old 35% M.F.",
        "price": "250 g, $4.00/100g",
        "brand": "Balderson",
        "image_url": "https://assets.shop.loblaws.ca/products/21495455/b3/en/front/21495455_front_a06_@2.png",
        "image_alt": "Balderson Cheddar Cheese Extra Old 35% M.F. 250 g, $4.00/100g",
        "price_product_tile": "$9.99$9.99"
    },
    {
        "id": 29,
        "name": "Sliced Swiss Cheese",
        "price": "150 g, $4.00/100g",
        "brand": "President's Choice",
        "image_url": "https://assets.shop.loblaws.ca/products/20250947/b3/en/front/20250947_front_a06_@2.png",
        "image_alt": "President's Choice Sliced Swiss Cheese 150 g, $4.00/100g",
        "price_product_tile": "$6.00$6.00$6.99$6.99SAVE $0.99"
    },
    {
        "id": 30,
        "name": "Feta, Cubes",
        "price": "200 g, $4.25/100g",
        "brand": "Tre Stelle",
        "image_url": "https://assets.shop.loblaws.ca/products/20599157/b3/en/front/20599157_front_a06_@2.png",
        "image_alt": "Tre Stelle Feta, Cubes 200 g, $4.25/100g",
        "price_product_tile": "$8.49$8.49"
    },
    {
        "id": 31,
        "name": "Double Cream Brie Cheese",
        "price": "450 g, $2.44/100g",
        "brand": "Ziggy's",
        "image_url": "https://assets.shop.loblaws.ca/products/21561839/b3/en/front/21561839_front_a06_@2.png",
        "image_alt": "Ziggy's Double Cream Brie Cheese 450 g, $2.44/100g",
        "price_product_tile": "$11.00$11.00"
    },
    {
        "id": 32,
        "name": "Creamy Havarti Cheese Slices",
        "price": "160 g, $3.75/100g",
        "brand": "President's Choice",
        "image_url": "https://assets.shop.loblaws.ca/products/20219790/b3/en/front/20219790_front_a06_@2.png",
        "image_alt": "President's Choice Creamy Havarti Cheese Slices 160 g, $3.75/100g",
        "price_product_tile": "$6.00$6.00$6.99$6.99SAVE $0.99"
    },
    {
        "id": 33,
        "name": "Double Cream Brie Cheese",
        "price": "450 g, $3.11/100g",
        "brand": "President's Choice",
        "image_url": "https://assets.shop.loblaws.ca/products/20787166/b3/en/front/20787166_front_a06_@2.png",
        "image_alt": "President's Choice Double Cream Brie Cheese 450 g, $3.11/100g",
        "price_product_tile": "$13.99$13.99"
    },
    {
        "id": 34,
        "name": "Feta Cheese Lactose Free 22 % M.F.",
        "price": "200 g, $2.50/100g",
        "brand": "Saputo",
        "image_url": "https://assets.shop.loblaws.ca/products/21528313/b3/en/front/21528313_front_a06_@2.png",
        "image_alt": "Saputo Feta Cheese Lactose Free 22 % M.F. 200 g, $2.50/100g",
        "price_product_tile": "$5.00$5.00$5.29$5.29SAVE $0.29"
    },
    {
        "id": 35,
        "name": "Bocconcini Mini Twin Pack",
        "price": "240 g, $3.33/100g",
        "brand": "Tre Stelle",
        "image_url": "https://assets.shop.loblaws.ca/products/21100084/b3/en/front/21100084_front_a06_@2.png",
        "image_alt": "Tre Stelle Bocconcini Mini Twin Pack 240 g, $3.33/100g",
        "price_product_tile": "$8.00$8.00$8.49$8.49SAVE $0.49"
    },
    {
        "id": 36,
        "name": "Sliced Marble Cheddar Cheese",
        "price": "170 g, $3.53/100g",
        "brand": "President's Choice",
        "image_url": "https://assets.shop.loblaws.ca/products/20250268/b3/en/front/20250268_front_a06_@2.png",
        "image_alt": "President's Choice Sliced Marble Cheddar Cheese 170 g, $3.53/100g",
        "price_product_tile": "$6.00$6.00$6.99$6.99SAVE $0.99"
    },
    {
        "id": 37,
        "name": "Romano, Petals",
        "price": "125 g, $6.07/100g",
        "brand": "Saputo",
        "image_url": "https://assets.shop.loblaws.ca/products/20023274/b3/en/front/20023274_front_a06_@2.png",
        "image_alt": "Saputo Romano, Petals 125 g, $6.07/100g",
        "price_product_tile": "$7.59$7.59"
    },
    {
        "id": 38,
        "name": "Cocktail Bocconcini Club Size",
        "price": "500 g, $2.50/100g",
        "brand": "President's Choice",
        "image_url": "https://assets.shop.loblaws.ca/products/21479609/b3/en/front/21479609_front_a06_@2.png",
        "image_alt": "President's Choice Cocktail Bocconcini Club Size 500 g, $2.50/100g",
        "price_product_tile": "$12.49$12.49"
    },
    {
        "id": 39,
        "name": "Havarti Cheese Slices",
        "price": "160 g, $2.49/100g",
        "brand": "Ziggy's",
        "image_url": "https://assets.shop.loblaws.ca/products/21610759/b3/en/front/21610759_front_a06_@2.png",
        "image_alt": "Ziggy's Havarti Cheese Slices 160 g, $2.49/100g",
        "price_product_tile": "$3.99$3.99"
    },
    {
        "id": 40,
        "name": "Greek Style Cheese Traditional Feta 22% M.F.",
        "price": "375 g, $2.93/100g",
        "brand": "Tre Stelle",
        "image_url": "https://assets.shop.loblaws.ca/products/21527851/b3/en/front/21527851_front_a06_@2.png",
        "image_alt": "Tre Stelle Greek Style Cheese Traditional Feta 22% M.F. 375 g, $2.93/100g",
        "price_product_tile": "$10.99$10.99"
    },
    {
        "id": 41,
        "name": "White Stilton With Mango & Ginger Hard Unripened Cheese",
        "price": "200 g, $3.90/100g",
        "brand": "PC Black Label",
        "image_url": "https://assets.shop.loblaws.ca/products/20816790/b3/en/front/20816790_front_a06_@2.png",
        "image_alt": "PC Black Label White Stilton With Mango & Ginger Hard Unripened Cheese 200 g, $3.90/100g",
        "price_product_tile": "$7.79$7.79"
    },
    {
        "id": 42,
        "name": "Creamy Havarti Cheese Slices, Club Pack",
        "price": "500 g, $2.70/100g",
        "brand": "Ziggy's",
        "image_url": "https://assets.shop.loblaws.ca/products/20318917/b3/en/front/20318917_front_a06_@2.png",
        "image_alt": "Ziggy's Creamy Havarti Cheese Slices, Club Pack 500 g, $2.70/100g",
        "price_product_tile": "$13.49$13.49"
    },
    {
        "id": 43,
        "name": "Greek Style Cheese Traditional Feta 22% M.F.",
        "price": "375 g, $2.93/100g",
        "brand": "Tre Stelle",
        "image_url": "https://assets.shop.loblaws.ca/products/21527851/b3/en/front/21527851_front_a06_@2.png",
        "image_alt": "Tre Stelle Greek Style Cheese Traditional Feta 22% M.F. 375 g, $2.93/100g",
        "price_product_tile": "$10.99$10.99"
    },
    {
        "id": 44,
        "name": "White Stilton With Mango & Ginger Hard Unripened Cheese",
        "price": "200 g, $3.90/100g",
        "brand": "PC Black Label",
        "image_url": "https://assets.shop.loblaws.ca/products/20816790/b3/en/front/20816790_front_a06_@2.png",
        "image_alt": "PC Black Label White Stilton With Mango & Ginger Hard Unripened Cheese 200 g, $3.90/100g",
        "price_product_tile": "$7.79$7.79"
    },
    {
        "id": 45,
        "name": "Manchego Sheep's Milk Hard Ripened Cheese Aged 6 Months",
        "price": "150 g, $6.33/100g",
        "brand": "PC Black Label",
        "image_url": "https://assets.shop.loblaws.ca/products/20857373/b3/en/front/20857373_front_a06_@2.png",
        "image_alt": "PC Black Label Manchego Sheep's Milk Hard Ripened Cheese Aged 6 Months 150 g, $6.33/100g",
        "price_product_tile": "$9.49$9.49"
    },
    {
        "id": 46,
        "name": "Herb & Spice Havarti Cheese Block",
        "price": "250 g, $2.80/100g",
        "brand": "President's Choice",
        "image_url": "https://assets.shop.loblaws.ca/products/20770654/b3/en/front/20770654_front_a06_@2.png",
        "image_alt": "President's Choice Herb & Spice Havarti Cheese Block 250 g, $2.80/100g",
        "price_product_tile": "$7.00$7.00$7.49$7.49SAVE $0.49"
    },
    {
        "id": 47,
        "name": "Spicy Cheddar Cheese",
        "price": "250 g, $3.92/100g",
        "brand": "President's Choice",
        "image_url": "https://assets.shop.loblaws.ca/products/21388426/b3/en/front/21388426_front_a06_@2.png",
        "image_alt": "President's Choice Spicy Cheddar Cheese  250 g, $3.92/100g",
        "price_product_tile": "$9.79$9.79"
    },
    {
        "id": 48,
        "name": "Medium Cheddar Cheese",
        "price": "250 g, $2.80/100g",
        "brand": "President's Choice",
        "image_url": "https://assets.shop.loblaws.ca/products/20770708/b3/en/front/20770708_front_a06_@2.png",
        "image_alt": "President's Choice Medium Cheddar Cheese 250 g, $2.80/100g",
        "price_product_tile": "$7.00$7.00$7.49$7.49SAVE $0.49"
    },
    {
        "id": 49,
        "name": "Camembert Cheese",
        "price": "300 g, $2.83/100g",
        "brand": "Alexis Portneuf",
        "image_url": "https://assets.shop.loblaws.ca/products/20817966/b3/en/front/20817966_front_a06_@2.png",
        "image_alt": "Alexis Portneuf Camembert Cheese 300 g, $2.83/100g",
        "price_product_tile": "$8.49$8.49"
    },
    {
        "id": 50,
        "name": "Parmesan",
        "price": "200 g, $6.25/100g",
        "brand": "PC Black Label",
        "image_url": "https://assets.shop.loblaws.ca/products/20626019/b3/en/front/20626019_front_a06_@2.png",
        "image_alt": "PC Black Label Parmesan 200 g, $6.25/100g",
        "price_product_tile": "$12.49$12.49"
    },
    {
        "id": 51,
        "name": "Original",
        "price": "267 g, $2.81/100g",
        "brand": "The Laughing Cow",
        "image_url": "https://assets.shop.loblaws.ca/products/20099999/b3/en/front/20099999_front_a06_@2.png",
        "image_alt": "The Laughing Cow Original 267 g, $2.81/100g",
        "price_product_tile": "$7.49$7.49"
    },
    {
        "id": 52,
        "name": "Feta Cheese Cubes, Light",
        "price": "200 g, $4.25/100g",
        "brand": "Tre Stelle",
        "image_url": "https://assets.shop.loblaws.ca/products/20775294/b3/en/front/20775294_front_a06_@2.png",
        "image_alt": "Tre Stelle Feta Cheese Cubes, Light 200 g, $4.25/100g",
        "price_product_tile": "$8.49$8.49"
    },
    {
        "id": 53,
        "name": "Double Smoked Cheddar",
        "price": "250 g, $4.60/100g",
        "brand": "Balderson",
        "image_url": "https://assets.shop.loblaws.ca/products/20751992/b3/en/front/20751992_front_a06_@2.png",
        "image_alt": "Balderson Double Smoked Cheddar 250 g, $4.60/100g",
        "price_product_tile": "$11.49$11.49"
    },
    {
        "id": 54,
        "name": "Garlic & Herb",
        "price": "133 g, $2.77/100g",
        "brand": "The Laughing Cow",
        "image_url": "https://assets.shop.loblaws.ca/products/20312146/b3/en/front/20312146_front_a06_@2.png",
        "image_alt": "The Laughing Cow Garlic & Herb 133 g, $2.77/100g",
        "price_product_tile": "$3.69$3.69$4.79$4.79SAVE $1.10"
    },
    {
        "id": 55,
        "name": "Cranberry Soft Unripened Goat\u2019s Milk Cheese",
        "price": "300 g, $3.16/100g",
        "brand": "President's Choice",
        "image_url": "https://assets.shop.loblaws.ca/products/20419118/b3/en/front/20419118_front_a06_@2.png",
        "image_alt": "President's Choice Cranberry Soft Unripened Goat\u2019s Milk Cheese 300 g, $3.16/100g",
        "price_product_tile": "$9.49$9.49"
    },
    {
        "id": 56,
        "name": "Cream Cheese Spread, Pineapple",
        "price": "125 g, $4.79/100g",
        "brand": "Castello",
        "image_url": "https://assets.shop.loblaws.ca/products/20986112/b3/en/front/20986112_front_a06_@2.png",
        "image_alt": "Castello Cream Cheese Spread, Pineapple 125 g, $4.79/100g",
        "price_product_tile": "$5.99$5.99"
    },
    {
        "id": 57,
        "name": "Original Soft Unripened Goat\u2019s Milk Cheese",
        "price": "300 g, $3.16/100g",
        "brand": "President's Choice",
        "image_url": "https://assets.shop.loblaws.ca/products/20569735/b3/en/front/20569735_front_a06_@2.png",
        "image_alt": "President's Choice Original Soft Unripened Goat\u2019s Milk Cheese  300 g, $3.16/100g",
        "price_product_tile": "$9.49$9.49"
    },
    {
        "id": 58,
        "name": "Feta, Light",
        "price": "400 g, $2.37/100g",
        "brand": "Ziggy's",
        "image_url": "https://assets.shop.loblaws.ca/products/20592954/b3/en/front/20592954_front_a06_@2.png",
        "image_alt": "Ziggy's Feta, Light 400 g, $2.37/100g",
        "price_product_tile": "$9.49$9.49"
    },
    {
        "id": 59,
        "name": "Sliced Gouda Cheese",
        "price": "160 g, $3.75/100g",
        "brand": "President's Choice",
        "image_url": "https://assets.shop.loblaws.ca/products/20250505/b3/en/front/20250505_front_a06_@2.png",
        "image_alt": "President's Choice Sliced Gouda Cheese 160 g, $3.75/100g",
        "price_product_tile": "$6.00$6.00$6.99$6.99SAVE $0.99"
    },
    {
        "id": 60,
        "name": "Mushroom and Truffles Cheese",
        "price": "190 g, $4.21/100g",
        "brand": "Oka",
        "image_url": "https://assets.shop.loblaws.ca/products/21495878/b3/en/front/21495878_front_a06_@2.png",
        "image_alt": "Oka Mushroom and Truffles Cheese 190 g, $4.21/100g",
        "price_product_tile": "$7.99$7.99"
    },
    {
        "id": 61,
        "name": "Marble Cheddar",
        "price": "280 g, $3.57/100g",
        "brand": "Balderson",
        "image_url": "https://assets.shop.loblaws.ca/products/20415944/b3/en/front/20415944_front_a06_@2.png",
        "image_alt": "Balderson Marble Cheddar 280 g, $3.57/100g",
        "price_product_tile": "$9.99$9.99"
    },
    {
        "id": 62,
        "name": "Coloured Old Cheddar Cheese, Club Pack",
        "price": "500 g, $2.60/100g",
        "brand": "President's Choice",
        "image_url": "https://assets.shop.loblaws.ca/products/20249328/b3/en/front/20249328_front_a06_@2.png",
        "image_alt": "President's Choice Coloured Old Cheddar Cheese, Club Pack 500 g, $2.60/100g",
        "price_product_tile": "$12.99$12.99"
    },
    {
        "id": 63,
        "name": "Traditional Blue Wedge",
        "price": "125 g, $5.19/100g",
        "brand": "Castello",
        "image_url": "https://assets.shop.loblaws.ca/products/20428574/b3/en/front/20428574_front_a06_@2.png",
        "image_alt": "Castello Traditional Blue Wedge 125 g, $5.19/100g",
        "price_product_tile": "$6.49$6.49"
    },
    {
        "id": 64,
        "name": "Fresh Mozzarella Cheese Filled With Shreds Of Mozzarella Soaked In Cream Burrata 21% M.F.",
        "price": "226 g, $5.53/100g",
        "brand": "BelGioioso",
        "image_url": "https://assets.shop.loblaws.ca/products/21515442/b3/en/front/21515442_front_a06_@2.png",
        "image_alt": "BelGioioso Fresh Mozzarella Cheese Filled With Shreds Of Mozzarella Soaked In Cream Burrata 21% M.F. 226 g, $5.53/100g",
        "price_product_tile": "$12.49$12.49"
    },
    {
        "id": 65,
        "name": "Feta Cheese Olives 22 % M.F.",
        "price": "170 g, $2.94/100g",
        "brand": "Saputo",
        "image_url": "https://assets.shop.loblaws.ca/products/21051061/b3/en/front/21051061_front_a06_@2.png",
        "image_alt": "Saputo Feta Cheese Olives 22 % M.F. 170 g, $2.94/100g",
        "price_product_tile": "$5.00$5.00$6.99$6.99SAVE $1.99"
    },
    {
        "id": 66,
        "name": "Light Swiss Cheese Sliced 18% M.F. Club Size",
        "price": "500 g, $3.10/100g",
        "brand": "PC Blue Menu",
        "image_url": "https://assets.shop.loblaws.ca/products/20250536/b3/en/front/20250536_front_a06_@2.png",
        "image_alt": "PC Blue Menu Light Swiss Cheese Sliced 18% M.F. Club Size 500 g, $3.10/100g",
        "price_product_tile": "$15.49$15.49"
    },
    {
        "id": 67,
        "name": "Apple And Maple, Fresh Soft White Cheese",
        "price": "150 g, $4.66/100g",
        "brand": "Boursin",
        "image_url": "https://assets.shop.loblaws.ca/products/21170802/b3/en/front/21170802_front_a06_@2.png",
        "image_alt": "Boursin Apple And Maple, Fresh Soft White Cheese 150 g, $4.66/100g",
        "price_product_tile": "$6.99$6.99"
    },
    {
        "id": 68,
        "name": "Sliced Monterey Jack with Jalapeno Cheese",
        "price": "170 g, $3.53/100g",
        "brand": "President's Choice",
        "image_url": "https://assets.shop.loblaws.ca/products/20249223/b3/en/front/20249223_front_a06_@2.png",
        "image_alt": "President's Choice Sliced Monterey Jack with Jalapeno Cheese 170 g, $3.53/100g",
        "price_product_tile": "$6.00$6.00$6.99$6.99SAVE $0.99"
    },
    {
        "id": 69,
        "name": "Ricotta Soft White Cheese 10% M.F.",
        "price": "500 g, $1.70/100g",
        "brand": "Santa Lucia",
        "image_url": "https://assets.shop.loblaws.ca/products/20904988/b3/en/front/20904988_front_a06_@2.png",
        "image_alt": "Santa Lucia Ricotta Soft White Cheese 10% M.F. 500 g, $1.70/100g",
        "price_product_tile": "$8.49$8.49"
    },
    {
        "id": 70,
        "name": "Mascarpone Fresh Soft Cheese 30% M.F.",
        "price": "475 g, $2.90/100g",
        "brand": "St Lucia",
        "image_url": "https://assets.shop.loblaws.ca/products/20679608/b3/en/front/20679608_front_a06_@2.png",
        "image_alt": "St Lucia Mascarpone Fresh Soft Cheese 30% M.F. 475 g, $2.90/100g",
        "price_product_tile": "$13.79$13.79"
    },
    {
        "id": 71,
        "name": "Feta Cheese, Pail",
        "price": "3 kg, $1.67/100g",
        "brand": "Krinos",
        "image_url": "https://assets.shop.loblaws.ca/products/20165721/b3/en/front/20165721_front_a06_@2.png",
        "image_alt": "Krinos Feta Cheese, Pail 3 kg, $1.67/100g",
        "price_product_tile": "$49.99$49.99"
    },
    {
        "id": 72,
        "name": "Canadian White Cheddar, Aged 2 Years",
        "price": "250 g, $3.80/100g",
        "brand": "President's Choice",
        "image_url": "https://assets.shop.loblaws.ca/products/20009748/b3/en/front/20009748_front_a06_@2.png",
        "image_alt": "President's Choice Canadian White Cheddar, Aged 2 Years 250 g, $3.80/100g",
        "price_product_tile": "$9.49$9.49"
    },
    {
        "id": 73,
        "name": "Notre-Dame Brie Cheese",
        "price": "170 g, $4.41/100g",
        "brand": "Agropur Signature",
        "image_url": "https://assets.shop.loblaws.ca/products/20177193/b3/en/front/20177193_front_a06_@2.png",
        "image_alt": "Agropur Signature Notre-Dame Brie Cheese 170 g, $4.41/100g",
        "price_product_tile": "$7.49$7.49"
    },
    {
        "id": 74,
        "name": "Garlic & Herb Crumbled Goat's Milk Ch\u00e8vre",
        "price": "165 g, $4.72/100g",
        "brand": "President's Choice",
        "image_url": "https://assets.shop.loblaws.ca/products/20889580/b3/en/front/20889580_front_a06_@2.png",
        "image_alt": "President's Choice Garlic & Herb Crumbled Goat's Milk Ch\u00e8vre 165 g, $4.72/100g",
        "price_product_tile": "$7.79$7.79"
    },
    {
        "id": 75,
        "name": "2-Year Old Royal Canadian White Cheddar, Snack Size",
        "price": "126 g, $6.34/100g",
        "brand": "Balderson",
        "image_url": "https://assets.shop.loblaws.ca/products/20016394/b3/en/front/20016394_front_a06_@2.png",
        "image_alt": "Balderson 2-Year Old Royal Canadian White Cheddar, Snack Size 126 g, $6.34/100g",
        "price_product_tile": "$7.99$7.99"
    },
    {
        "id": 76,
        "name": "Canadian Cheddar Aged 1 Year",
        "price": "500 g, $2.80/100g",
        "brand": "President's Choice",
        "image_url": "https://assets.shop.loblaws.ca/products/20056226/b3/en/front/20056226_front_a06_@2.png",
        "image_alt": "President's Choice Canadian Cheddar Aged 1 Year  500 g, $2.80/100g",
        "price_product_tile": "$13.99$13.99"
    },
    {
        "id": 77,
        "name": "Cheese Double Cream  Brie 32% M.F.",
        "price": "125 g, $5.19/100g",
        "brand": "Alexis Portneuf",
        "image_url": "https://assets.shop.loblaws.ca/products/20315135/b3/en/front/20315135_front_a06_@2.png",
        "image_alt": "Alexis Portneuf Cheese Double Cream  Brie 32% M.F. 125 g, $5.19/100g",
        "price_product_tile": "$6.49$6.49"
    },
    {
        "id": 78,
        "name": "Classique Smoked Ripened Firm Cheese 29% M.F.",
        "price": "125 g, $4.79/100g",
        "brand": "Bergeron",
        "image_url": "https://assets.shop.loblaws.ca/products/21562870/b3/en/front/21562870_front_a06_@2.png",
        "image_alt": "Bergeron Classique Smoked Ripened Firm Cheese 29% M.F. 125 g, $4.79/100g",
        "price_product_tile": "$5.99$5.99"
    },
    {
        "id": 79,
        "name": "Petit Brie Cheese",
        "price": "125 g, $5.43/100g",
        "brand": "Ile De France",
        "image_url": "https://assets.shop.loblaws.ca/products/21547562/b3/en/front/21547562_front_a06_@2.png",
        "image_alt": "Ile De France Petit Brie Cheese 125 g, $5.43/100g",
        "price_product_tile": "$6.79$6.79"
    },
    {
        "id": 80,
        "name": "Bocconcini Soft Cheese 24% M.F.",
        "price": "500 g, $2.80/100g",
        "brand": "Santa Lucia",
        "image_url": "https://assets.shop.loblaws.ca/products/20807453/b3/en/front/20807453_front_a06_@2.png",
        "image_alt": "Santa Lucia Bocconcini Soft Cheese 24% M.F. 500 g, $2.80/100g",
        "price_product_tile": "$13.99$13.99"
    },
    {
        "id": 81,
        "name": "Le Gruy\u00e8re Antique Hard Ripened Cheese Aged 12 Months",
        "price": "200 g, $5.00/100g",
        "brand": "PC Black Label",
        "image_url": "https://assets.shop.loblaws.ca/products/20814360/b3/en/front/20814360_front_a06_@2.png",
        "image_alt": "PC Black Label Le Gruy\u00e8re Antique Hard Ripened Cheese Aged 12 Months 200 g, $5.00/100g",
        "price_product_tile": "$9.99$9.99"
    },
    {
        "id": 82,
        "name": "Original",
        "price": "600 g, $2.50/100g",
        "brand": "Woolwich",
        "image_url": "https://assets.shop.loblaws.ca/products/20715527/b3/en/front/20715527_front_a06_@2.png",
        "image_alt": "Woolwich Original 600 g, $2.50/100g",
        "price_product_tile": "$14.99$14.99"
    },
    {
        "id": 83,
        "name": "Gouda Cheese",
        "price": "250 g, $2.80/100g",
        "brand": "President's Choice",
        "image_url": "https://assets.shop.loblaws.ca/products/20770656/b3/en/front/20770656_front_a06_@2.png",
        "image_alt": "President's Choice Gouda Cheese 250 g, $2.80/100g",
        "price_product_tile": "$7.00$7.00$7.49$7.49SAVE $0.49"
    },
    {
        "id": 84,
        "name": "Grana Padano Wedge, Large",
        "price": "800 g, $2.88/100g",
        "brand": "PC Splendido",
        "image_url": "https://assets.shop.loblaws.ca/products/21050354/b3/en/front/21050354_front_a06_@2.png",
        "image_alt": "PC Splendido Grana Padano Wedge, Large 800 g, $2.88/100g",
        "price_product_tile": "$23.00$23.00"
    },
    {
        "id": 85,
        "name": "Grana Padano Hard Ripened Cheese Aged 14 Months",
        "price": "250 g, $4.00/100g",
        "brand": "PC Splendido",
        "image_url": "https://assets.shop.loblaws.ca/products/21051031/b3/en/front/21051031_front_a06_@2.png",
        "image_alt": "PC Splendido Grana Padano Hard Ripened Cheese Aged 14 Months 250 g, $4.00/100g",
        "price_product_tile": "$9.99$9.99"
    },
    {
        "id": 86,
        "name": "Fresh Mozzarella",
        "price": "2x125.0 g, $3.40/100g",
        "brand": "Santa Lucia",
        "image_url": "https://assets.shop.loblaws.ca/products/21029092/b3/en/front/21029092_front_a06_@2.png",
        "image_alt": "Santa Lucia Fresh Mozzarella 2x125.0 g, $3.40/100g",
        "price_product_tile": "$8.49$8.49"
    },
    {
        "id": 87,
        "name": "Mild Gouda",
        "price": "170 g, $4.11/100g",
        "brand": "Monsieur Gustav",
        "image_url": "https://assets.shop.loblaws.ca/products/21397352/b3/en/front/21397352_front_a06_@2.png",
        "image_alt": "Monsieur Gustav Mild Gouda 170 g, $4.11/100g",
        "price_product_tile": "$6.99$6.99"
    },
    {
        "id": 88,
        "name": "100% Romano 27% M.F. Cheese Grated",
        "price": "80 g, $4.99/100g",
        "brand": "Tre Stelle",
        "image_url": "https://assets.shop.loblaws.ca/products/21311220/b3/en/front/21311220_front_a06_@2.png",
        "image_alt": "Tre Stelle 100% Romano 27% M.F. Cheese Grated 80 g, $4.99/100g",
        "price_product_tile": "$3.99$3.99"
    },
    {
        "id": 89,
        "name": "Firm Ripened Cheese Mini Friulano 27 % M.F.",
        "price": "500 g, $2.80/100g",
        "brand": "Saputo",
        "image_url": "https://assets.shop.loblaws.ca/products/20708981/b3/en/front/20708981_front_a06_@2.png",
        "image_alt": "Saputo Firm Ripened Cheese Mini Friulano 27 % M.F. 500 g, $2.80/100g",
        "price_product_tile": "$13.99$13.99"
    },
    {
        "id": 90,
        "name": "Mild Gouda",
        "price": "170 g, $4.11/100g",
        "brand": "Monsieur Gustav",
        "image_url": "https://assets.shop.loblaws.ca/products/21397352/b3/en/front/21397352_front_a06_@2.png",
        "image_alt": "Monsieur Gustav Mild Gouda 170 g, $4.11/100g",
        "price_product_tile": "$6.99$6.99"
    },
    {
        "id": 91,
        "name": "Ile de France Creamy & Ripened Camembert",
        "price": "250 g, $4.00/100g",
        "brand": "Ile De France",
        "image_url": "https://assets.shop.loblaws.ca/products/21337134/b3/en/front/21337134_front_a06_@2.png",
        "image_alt": "Ile De France Ile de France Creamy & Ripened Camembert 250 g, $4.00/100g",
        "price_product_tile": "$9.99$9.99"
    },
    {
        "id": 92,
        "name": "Cheese",
        "price": "250 g, $4.80/100g",
        "brand": "Jarlsberg",
        "image_url": "https://assets.shop.loblaws.ca/products/21387012/b3/en/front/21387012_front_a06_@2.png",
        "image_alt": "Jarlsberg Cheese 250 g, $4.80/100g",
        "price_product_tile": "$11.99$11.99"
    },
    {
        "id": 93,
        "name": "Bocconcini Cheese, 18% MF",
        "price": "200 g, $2.50/100g",
        "brand": "Saputo",
        "image_url": "https://assets.shop.loblaws.ca/products/21051214/b3/en/front/21051214_front_a06_@2.png",
        "image_alt": "Saputo Bocconcini Cheese, 18% MF 200 g, $2.50/100g",
        "price_product_tile": "$5.00$5.00$7.49$7.49SAVE $2.49"
    },
    {
        "id": 94,
        "name": "Brie Triple Cr\u00e8me Brie Cheese",
        "price": "200 g, $4.50/100g",
        "brand": "President's Choice",
        "image_url": "https://assets.shop.loblaws.ca/products/20583715/b3/en/front/20583715_front_a06_@2.png",
        "image_alt": "President's Choice Brie Triple Cr\u00e8me Brie Cheese 200 g, $4.50/100g",
        "price_product_tile": "$8.99$8.99"
    },
    {
        "id": 95,
        "name": "Sliced Provolone Cheese, Club Pack",
        "price": "500 g, $3.10/100g",
        "brand": "President's Choice",
        "image_url": "https://assets.shop.loblaws.ca/products/20251914/b3/en/front/20251914_front_a06_@2.png",
        "image_alt": "President's Choice Sliced Provolone Cheese, Club Pack 500 g, $3.10/100g",
        "price_product_tile": "$15.49$15.49"
    },
    {
        "id": 96,
        "name": "Havarti Jalapeno FW",
        "price": "200 g, $3.65/100g",
        "brand": "Castello",
        "image_url": "https://assets.shop.loblaws.ca/products/20573910/b3/en/front/20573910_front_a06_@2.png",
        "image_alt": "Castello Havarti Jalapeno FW 200 g, $3.65/100g",
        "price_product_tile": "$7.29$7.29"
    },
    {
        "id": 97,
        "name": "Cuisine Garlic & Fine Herbs 12 % M.F.",
        "price": "220 g, $3.18/100g",
        "brand": "Boursin",
        "image_url": "https://assets.shop.loblaws.ca/products/21510642/b3/en/front/21510642_front_a06_@2.png",
        "image_alt": "Boursin Cuisine Garlic & Fine Herbs 12 % M.F. 220 g, $3.18/100g",
        "price_product_tile": "$6.99$6.99"
    },
    {
        "id": 98,
        "name": "Canadian Cheddar Aged 5 Years",
        "price": "300 g, $5.33/100g",
        "brand": "President's Choice",
        "image_url": "https://assets.shop.loblaws.ca/products/20184165/b3/en/front/20184165_front_a06_@2.png",
        "image_alt": "President's Choice Canadian Cheddar Aged 5 Years  300 g, $5.33/100g",
        "price_product_tile": "$15.99$15.99"
    },
    {
        "id": 99,
        "name": "Aged Cheese",
        "price": "190 g, $4.21/100g",
        "brand": "Oka",
        "image_url": "https://assets.shop.loblaws.ca/products/20921279/b3/en/front/20921279_front_a06_@2.png",
        "image_alt": "Oka Aged Cheese 190 g, $4.21/100g",
        "price_product_tile": "$7.99$7.99"
    },
    {
        "id": 100,
        "name": "Parmesan, Petals",
        "price": "125 g, $4.00/100g",
        "brand": "Saputo",
        "image_url": "https://assets.shop.loblaws.ca/products/20125339/b3/en/front/20125339_front_a06_@2.png",
        "image_alt": "Saputo Parmesan, Petals 125 g, $4.00/100g",
        "price_product_tile": "$5.00$5.00$6.49$6.49SAVE $1.49"
    },
    {
        "id": 101,
        "name": "Goat Cheese",
        "price": "300 g, $3.16/100g",
        "brand": "PC Blue Menu",
        "image_url": "https://assets.shop.loblaws.ca/products/20824850/b3/en/front/20824850_front_a06_@2.png",
        "image_alt": "PC Blue Menu Goat Cheese 300 g, $3.16/100g",
        "price_product_tile": "$9.49$9.49"
    },
    {
        "id": 102,
        "name": "Cuisine Shallot & Chive 12 % M.F.",
        "price": "220 g, $3.18/100g",
        "brand": "Boursin",
        "image_url": "https://assets.shop.loblaws.ca/products/21507661/b3/en/front/21507661_front_a06_@2.png",
        "image_alt": "Boursin Cuisine Shallot & Chive 12 % M.F. 220 g, $3.18/100g",
        "price_product_tile": "$6.99$6.99"
    },
    {
        "id": 103,
        "name": "Marble Cheddar Cheese Block, Club Size",
        "price": "500 g, $2.60/100g",
        "brand": "President's Choice",
        "image_url": "https://assets.shop.loblaws.ca/products/20251044/b3/en/front/20251044_front_a06_@2.png",
        "image_alt": "President's Choice Marble Cheddar Cheese Block, Club Size 500 g, $2.60/100g",
        "price_product_tile": "$12.99$12.99"
    },
    {
        "id": 104,
        "name": "Halloumi",
        "price": "180 g, $4.05/100g",
        "brand": "Puck",
        "image_url": "https://assets.shop.loblaws.ca/products/21586261/b3/en/front/21586261_front_a06_@2.png",
        "image_alt": "Puck Halloumi 180 g, $4.05/100g",
        "price_product_tile": "$7.29$7.29"
    },
    {
        "id": 105,
        "name": "Old Cheddar",
        "price": "280 g, $3.57/100g",
        "brand": "Balderson",
        "image_url": "https://assets.shop.loblaws.ca/products/20416277/b3/en/front/20416277_front_a06_@2.png",
        "image_alt": "Balderson Old Cheddar 280 g, $3.57/100g",
        "price_product_tile": "$9.99$9.99"
    },
    {
        "id": 106,
        "name": "Cow & Goat Feta Cheese",
        "price": "200 g, $3.75/100g",
        "brand": "Krinos",
        "image_url": "https://assets.shop.loblaws.ca/products/20633586/b3/en/front/20633586_front_a06_@2.png",
        "image_alt": "Krinos Cow & Goat Feta Cheese 200 g, $3.75/100g",
        "price_product_tile": "$7.49$7.49"
    },
    {
        "id": 107,
        "name": "Goat Milk Feta Cheese",
        "price": "600 g, $3.63/100g",
        "brand": "Woolwich",
        "image_url": "https://assets.shop.loblaws.ca/products/21091455/b3/en/front/21091455_front_a06_@2.png",
        "image_alt": "Woolwich Goat Milk Feta Cheese 600 g, $3.63/100g",
        "price_product_tile": "$21.79$21.79"
    },
    {
        "id": 108,
        "name": "Jalapeno",
        "price": "133 g, $2.77/100g",
        "brand": "The Laughing Cow",
        "image_url": "https://assets.shop.loblaws.ca/products/20559023/b3/en/front/20559023_front_a06_@2.png",
        "image_alt": "The Laughing Cow Jalapeno 133 g, $2.77/100g",
        "price_product_tile": "$3.69$3.69$4.79$4.79SAVE $1.10"
    },
    {
        "id": 109,
        "name": "Herbed Goat's Milk Cheese",
        "price": "140 g, $4.49/100g",
        "brand": "President's Choice",
        "image_url": "https://assets.shop.loblaws.ca/products/20296631/b3/en/front/20296631_front_a06_@2.png",
        "image_alt": "President's Choice Herbed Goat's Milk Cheese 140 g, $4.49/100g",
        "price_product_tile": "$6.29$6.29"
    },
    {
        "id": 110,
        "name": "Mozzarella Cheese, Club Pack",
        "price": "750 g, $2.27/100g",
        "brand": "Tre Stelle",
        "image_url": "https://assets.shop.loblaws.ca/products/21062477/b3/en/front/21062477_front_a06_@2.png",
        "image_alt": "Tre Stelle Mozzarella Cheese, Club Pack 750 g, $2.27/100g",
        "price_product_tile": "$16.99$16.99"
    },
    {
        "id": 111,
        "name": "Soft Unripened Goat's Milk Cheese Honey & Hot Pepper Medium 22% M.F.",
        "price": "140 g, $4.49/100g",
        "brand": "President's Choice",
        "image_url": "https://assets.shop.loblaws.ca/products/21396426/b3/en/front/21396426_front_a06_@2.png",
        "image_alt": "President's Choice Soft Unripened Goat's Milk Cheese Honey & Hot Pepper Medium 22% M.F. 140 g, $4.49/100g",
        "price_product_tile": "$6.29$6.29"
    },
    {
        "id": 112,
        "name": "Sliced Old White Cheddar Cheese",
        "price": "160 g, $3.75/100g",
        "brand": "President's Choice",
        "image_url": "https://assets.shop.loblaws.ca/products/20219419/b3/en/front/20219419_front_a06_@2.png",
        "image_alt": "President's Choice Sliced Old White Cheddar Cheese 160 g, $3.75/100g",
        "price_product_tile": "$6.00$6.00$6.99$6.99SAVE $0.99"
    },
    {
        "id": 113,
        "name": "Medium Cheddar",
        "price": "280 g, $3.57/100g",
        "brand": "Balderson",
        "image_url": "https://assets.shop.loblaws.ca/products/20415811/b3/en/front/20415811_front_a06_@2.png",
        "image_alt": "Balderson Medium Cheddar 280 g, $3.57/100g",
        "price_product_tile": "$9.99$9.99"
    },
    {
        "id": 114,
        "name": "Soft Cheese Mozzarella Mf 20 %",
        "price": "250 g, $3.48/100g",
        "brand": "Santa Lucia",
        "image_url": "https://assets.shop.loblaws.ca/products/20104533/b3/en/front/20104533_front_a06_@2.png",
        "image_alt": "Santa Lucia Soft Cheese Mozzarella Mf 20 % 250 g, $3.48/100g",
        "price_product_tile": "$8.69$8.69"
    },
    {
        "id": 115,
        "name": "Parmigiano Reggiano",
        "price": "200 g, $5.40/100g",
        "brand": "Tre Stelle",
        "image_url": "https://assets.shop.loblaws.ca/products/20775774/b3/en/front/20775774_front_a06_@2.png",
        "image_alt": "Tre Stelle Parmigiano Reggiano 200 g, $5.40/100g",
        "price_product_tile": "$10.79$10.79"
    },
    {
        "id": 116,
        "name": "Light Cheese",
        "price": "267 g, $2.81/100g",
        "brand": "The Laughing Cow",
        "image_url": "https://assets.shop.loblaws.ca/products/20296234/b3/en/front/20296234_front_a06_@2.png",
        "image_alt": "The Laughing Cow Light Cheese 267 g, $2.81/100g",
        "price_product_tile": "$7.49$7.49"
    },
    {
        "id": 117,
        "name": "Greek Feta Cheese",
        "price": "200 g, $3.75/100g",
        "brand": "Krinos",
        "image_url": "https://assets.shop.loblaws.ca/products/20020026/b3/en/front/20020026_front_a06_@2.png",
        "image_alt": "Krinos Greek Feta Cheese 200 g, $3.75/100g",
        "price_product_tile": "$7.49$7.49"
    },
    {
        "id": 118,
        "name": "Tapas De Queso Sliced Fine Cheese Selection",
        "price": "150 g, $6.33/100g",
        "brand": "PC Black Label",
        "image_url": "https://assets.shop.loblaws.ca/products/20871509/b3/en/front/20871509_front_a06_@2.png",
        "image_alt": "PC Black Label Tapas De Queso Sliced Fine Cheese Selection 150 g, $6.33/100g",
        "price_product_tile": "$9.49$9.49"
    },
    {
        "id": 119,
        "name": "Swiss Cheese Slices",
        "price": "160 g, $2.56/100g",
        "brand": "Ziggy's",
        "image_url": "https://assets.shop.loblaws.ca/products/21610841/b3/en/front/21610841_front_a06_@2.png",
        "image_alt": "Ziggy's Swiss Cheese Slices 160 g, $2.56/100g",
        "price_product_tile": "$4.09$4.09"
    },
    {
        "id": 120,
        "name": "Inspiration Pack",
        "price": "400 g, $3.87/100g",
        "brand": "Bergeron",
        "image_url": "https://assets.shop.loblaws.ca/products/20903747/b3/en/front/20903747_front_a06_@2.png",
        "image_alt": "Bergeron Inspiration Pack 400 g, $3.87/100g",
        "price_product_tile": "$15.49$15.49"
    },
    {
        "id": 121,
        "name": "Cheese, Brie Light",
        "price": "175 g, $3.71/100g",
        "brand": "PC Blue Menu",
        "image_url": "https://assets.shop.loblaws.ca/products/20804533/b3/en/front/20804533_front_a06_@2.png",
        "image_alt": "PC Blue Menu Cheese, Brie Light 175 g, $3.71/100g",
        "price_product_tile": "$6.49$6.49"
    },
    {
        "id": 122,
        "name": "Smoked Gouda",
        "price": "170 g, $4.11/100g",
        "brand": "Monsieur Gustav",
        "image_url": "https://assets.shop.loblaws.ca/products/21397420/b3/en/front/21397420_front_a06_@2.png",
        "image_alt": "Monsieur Gustav Smoked Gouda 170 g, $4.11/100g",
        "price_product_tile": "$6.99$6.99"
    },
    {
        "id": 123,
        "name": "Cheese, 1 Year Old Championship Cheddar",
        "price": "280 g, $4.28/100g",
        "brand": "Balderson",
        "image_url": "https://assets.shop.loblaws.ca/products/20781033/b3/en/front/20781033_front_a06_@2.png",
        "image_alt": "Balderson Cheese, 1 Year Old Championship Cheddar 280 g, $4.28/100g",
        "price_product_tile": "$11.99$11.99"
    },
    {
        "id": 124,
        "name": "Feta Cheese in Brine 22% M.F.",
        "price": "1 kg, $1.85/100g",
        "brand": "Ziggy's",
        "image_url": "https://assets.shop.loblaws.ca/products/21005430/b3/en/front/21005430_front_a06_@2.png",
        "image_alt": "Ziggy's Feta Cheese in Brine 22% M.F. 1 kg, $1.85/100g",
        "price_product_tile": "$18.49$18.49"
    },
    {
        "id": 125,
        "name": "Dairy Snack Light 13% M.F.",
        "price": "240 g, $4.37/100g",
        "brand": "Babybel",
        "image_url": "https://assets.shop.loblaws.ca/products/20167537/b3/en/front/20167537_front_a06_@2.png",
        "image_alt": "Babybel Dairy Snack Light 13% M.F.  240 g, $4.37/100g",
        "price_product_tile": "$10.49$10.49"
    },
    {
        "id": 126,
        "name": "White Fox Hard Ripened Cheese",
        "price": "250 g, $3.60/100g",
        "brand": "PC Black Label",
        "image_url": "https://assets.shop.loblaws.ca/products/20911376/b3/en/front/20911376_front_a06_@2.png",
        "image_alt": "PC Black Label White Fox Hard Ripened Cheese 250 g, $3.60/100g",
        "price_product_tile": "$8.99$8.99"
    },
    {
        "id": 127,
        "name": "Feta Cheese Crumbled 24% M.F.",
        "price": "170 g, $2.94/100g",
        "brand": "Saputo",
        "image_url": "https://assets.shop.loblaws.ca/products/20774519/b3/en/front/20774519_front_a06_@2.png",
        "image_alt": "Saputo Feta Cheese Crumbled 24% M.F. 170 g, $2.94/100g",
        "price_product_tile": "$5.00$5.00$6.99$6.99SAVE $1.99"
    },
    {
        "id": 128,
        "name": "Mozzarella Cheese",
        "price": "340 g, $2.35/100g",
        "brand": "President's Choice",
        "image_url": "https://assets.shop.loblaws.ca/products/20011400/b3/en/front/20011400_front_a06_@2.png",
        "image_alt": "President's Choice Mozzarella Cheese 340 g, $2.35/100g",
        "price_product_tile": "$7.99$7.99"
    },
    {
        "id": 129,
        "name": "Feta 22% M.F. Cheese",
        "price": "400 g, $3.37/100g",
        "brand": "Krinos",
        "image_url": "https://assets.shop.loblaws.ca/products/21434829/b3/en/front/21434829_front_a06_@2.png",
        "image_alt": "Krinos Feta 22% M.F. Cheese 400 g, $3.37/100g",
        "price_product_tile": "$13.49$13.49"
    },
    {
        "id": 130,
        "name": "Mild Cheddar Cheese Slices",
        "price": "180 g, $2.22/100g",
        "brand": "Ziggy's",
        "image_url": "https://assets.shop.loblaws.ca/products/21610778/b3/en/front/21610778_front_a06_@2.png",
        "image_alt": "Ziggy's Mild Cheddar Cheese Slices 180 g, $2.22/100g",
        "price_product_tile": "$3.99$3.99"
    },
    {
        "id": 131,
        "name": "Cream Cheese",
        "price": "144 g, $4.85/100g",
        "brand": "Kiri",
        "image_url": "https://assets.shop.loblaws.ca/products/20575221/b3/en/front/20575221_front_a06_@2.png",
        "image_alt": "Kiri Cream Cheese 144 g, $4.85/100g",
        "price_product_tile": "$6.99$6.99"
    },
    {
        "id": 132,
        "name": "Canadian Cheddar Aged 2 Years",
        "price": "500 g, $3.00/100g",
        "brand": "President's Choice",
        "image_url": "https://assets.shop.loblaws.ca/products/20134710/b3/en/front/20134710_front_a06_@2.png",
        "image_alt": "President's Choice Canadian Cheddar Aged 2 Years 500 g, $3.00/100g",
        "price_product_tile": "$14.99$14.99"
    },
    {
        "id": 133,
        "name": "Fresh Soft Cheese Mozzarella Fresca 18 % M.F.",
        "price": "227 g, $3.08/100g",
        "brand": "Galbani",
        "image_url": "https://assets.shop.loblaws.ca/products/21547228/b3/en/front/21547228_front_a06_@2.png",
        "image_alt": "Galbani Fresh Soft Cheese Mozzarella Fresca 18 % M.F. 227 g, $3.08/100g",
        "price_product_tile": "$6.99$6.99"
    },
    {
        "id": 134,
        "name": "Creamy Havarti Cheese",
        "price": "250 g, $2.80/100g",
        "brand": "President's Choice",
        "image_url": "https://assets.shop.loblaws.ca/products/20770658/b3/en/front/20770658_front_a06_@2.png",
        "image_alt": "President's Choice Creamy Havarti Cheese  250 g, $2.80/100g",
        "price_product_tile": "$7.00$7.00$7.49$7.49SAVE $0.49"
    },
    {
        "id": 135,
        "name": "Ricotta, Light",
        "price": "475 g, $1.68/100g",
        "brand": "Tre Stelle",
        "image_url": "https://assets.shop.loblaws.ca/products/20529457/b3/en/front/20529457_front_a06_@2.png",
        "image_alt": "Tre Stelle Ricotta, Light 475 g, $1.68/100g",
        "price_product_tile": "$7.99$7.99"
    },
    {
        "id": 136,
        "name": "Grilling Cheese Plain",
        "price": "160 g, $4.99/100g",
        "brand": "Saputo",
        "image_url": "https://assets.shop.loblaws.ca/products/21093684/b3/en/front/21093684_front_a06_@2.png",
        "image_alt": "Saputo Grilling Cheese Plain 160 g, $4.99/100g",
        "price_product_tile": "$7.99$7.99"
    },
    {
        "id": 137,
        "name": "Cream Cheese Spread, Sweet & Spicy Peppers",
        "price": "125 g, $4.79/100g",
        "brand": "Castello",
        "image_url": "https://assets.shop.loblaws.ca/products/20985998/b3/en/front/20985998_front_a06_@2.png",
        "image_alt": "Castello Cream Cheese Spread, Sweet & Spicy Peppers 125 g, $4.79/100g",
        "price_product_tile": "$5.99$5.99"
    },
    {
        "id": 138,
        "name": "Light",
        "price": "133 g, $2.77/100g",
        "brand": "The Laughing Cow",
        "image_url": "https://assets.shop.loblaws.ca/products/20183443/b3/en/front/20183443_front_a06_@2.png",
        "image_alt": "The Laughing Cow Light 133 g, $2.77/100g",
        "price_product_tile": "$3.69$3.69$4.49$4.49SAVE $0.80"
    },
    {
        "id": 139,
        "name": "Swiss",
        "price": "120 g, $3.08/100g",
        "brand": "Babybel",
        "image_url": "https://assets.shop.loblaws.ca/products/20599762/b3/en/front/20599762_front_a06_@2.png",
        "image_alt": "Babybel Swiss 120 g, $3.08/100g",
        "price_product_tile": "$3.69$3.69$5.29$5.29SAVE $1.60"
    },
    {
        "id": 140,
        "name": "Cheddar Cheese Old Cheddar 35% M.F.",
        "price": "250 g, $4.00/100g",
        "brand": "Balderson",
        "image_url": "https://assets.shop.loblaws.ca/products/21511748/b3/en/front/21511748_front_a06_@2.png",
        "image_alt": "Balderson Cheddar Cheese Old Cheddar 35% M.F. 250 g, $4.00/100g",
        "price_product_tile": "$9.99$9.99"
    },
    {
        "id": 141,
        "name": "Havarti Dill FW",
        "price": "200 g, $3.65/100g",
        "brand": "Castello",
        "image_url": "https://assets.shop.loblaws.ca/products/20574966/b3/en/front/20574966_front_a06_@2.png",
        "image_alt": "Castello Havarti Dill FW 200 g, $3.65/100g",
        "price_product_tile": "$7.29$7.29"
    },
    {
        "id": 142,
        "name": "Bocconcini, Pearls",
        "price": "200 g, $3.90/100g",
        "brand": "Tre Stelle",
        "image_url": "https://assets.shop.loblaws.ca/products/20322886/b3/en/front/20322886_front_a06_@2.png",
        "image_alt": "Tre Stelle Bocconcini, Pearls 200 g, $3.90/100g",
        "price_product_tile": "$7.79$7.79"
    },
    {
        "id": 143,
        "name": "Medium Cheddar Cheese Block, Club Pack",
        "price": "500 g, $2.60/100g",
        "brand": "President's Choice",
        "image_url": "https://assets.shop.loblaws.ca/products/20218911/b3/en/front/20218911_front_a06_@2.png",
        "image_alt": "President's Choice Medium Cheddar Cheese Block, Club Pack 500 g, $2.60/100g",
        "price_product_tile": "$12.99$12.99"
    },
    {
        "id": 144,
        "name": "Velvet Blue 40% M.F. Blue Cheese",
        "price": "125 g, $5.35/100g",
        "brand": "Castello",
        "image_url": "https://assets.shop.loblaws.ca/products/21435054/b3/en/front/21435054_front_a06_@2.png",
        "image_alt": "Castello Velvet Blue 40% M.F. Blue Cheese 125 g, $5.35/100g",
        "price_product_tile": "$6.69$6.69"
    },
    {
        "id": 145,
        "name": "Swiss Cheese Slices, Club Pack",
        "price": "500 g, $2.70/100g",
        "brand": "Ziggy's",
        "image_url": "https://assets.shop.loblaws.ca/products/20099585/b3/en/front/20099585_front_a06_@2.png",
        "image_alt": "Ziggy's Swiss Cheese Slices, Club Pack 500 g, $2.70/100g",
        "price_product_tile": "$13.49$13.49"
    },
    {
        "id": 146,
        "name": "Ricotta, Smooth",
        "price": "475 g, $1.68/100g",
        "brand": "Tre Stelle",
        "image_url": "https://assets.shop.loblaws.ca/products/20528878/b3/en/front/20528878_front_a06_@2.png",
        "image_alt": "Tre Stelle Ricotta, Smooth 475 g, $1.68/100g",
        "price_product_tile": "$7.99$7.99"
    },
    {
        "id": 147,
        "name": "Bocconcini Pearls",
        "price": "200 g, $3.35/100g",
        "brand": "Santa Lucia",
        "image_url": "https://assets.shop.loblaws.ca/products/20040222/b3/en/front/20040222_front_a06_@2.png",
        "image_alt": "Santa Lucia Bocconcini Pearls 200 g, $3.35/100g",
        "price_product_tile": "$6.69$6.69"
    },
    {
        "id": 148,
        "name": "Garlic & Herbs",
        "price": "250 g, $4.32/100g",
        "brand": "Boursin",
        "image_url": "https://assets.shop.loblaws.ca/products/21331878/b3/en/front/21331878_front_a06_@2.png",
        "image_alt": "Boursin Garlic & Herbs 250 g, $4.32/100g",
        "price_product_tile": "$10.79$10.79"
    },
    {
        "id": 149,
        "name": "Mascarpone",
        "price": "275 g, $3.56/100g",
        "brand": "Tre Stelle",
        "image_url": "https://assets.shop.loblaws.ca/products/20111520/b3/en/front/20111520_front_a06_@2.png",
        "image_alt": "Tre Stelle Mascarpone 275 g, $3.56/100g",
        "price_product_tile": "$9.79$9.79"
    },
    {
        "id": 150,
        "name": "Creamy Dairy Spread",
        "price": "500 g, $2.60/100g",
        "brand": "No brand",
        "image_url": "https://assets.shop.loblaws.ca/products/20844769/b3/en/front/20844769_front_a06_@2.png",
        "image_alt": "null Creamy Dairy Spread 500 g, $2.60/100g",
        "price_product_tile": "$12.99$12.99"
    },
    {
        "id": 151,
        "name": "mozzarella balls",
        "price": "340 g, $2.29/100g",
        "brand": "Santa Lucia",
        "image_url": "https://assets.shop.loblaws.ca/products/20808072/b3/en/front/20808072_front_a06_@2.png",
        "image_alt": "Santa Lucia mozzarella balls 340 g, $2.29/100g",
        "price_product_tile": "$7.79$7.79"
    },
    {
        "id": 152,
        "name": "Soft Unripened Cheese Ricotta Mild 6%",
        "price": "454 g, $1.10/100g",
        "brand": "Silani",
        "image_url": "https://assets.shop.loblaws.ca/products/21124673/b3/en/front/21124673_front_a06_@2.png",
        "image_alt": "Silani Soft Unripened Cheese Ricotta Mild 6% 454 g, $1.10/100g",
        "price_product_tile": "$4.99$4.99"
    },
    {
        "id": 153,
        "name": "Poutine Cheese Curds",
        "price": "200 g, $3.65/100g",
        "brand": "Saputo",
        "image_url": "https://assets.shop.loblaws.ca/products/20864070/b3/en/front/20864070_front_a06_@2.png",
        "image_alt": "Saputo Poutine Cheese Curds 200 g, $3.65/100g",
        "price_product_tile": "$7.29$7.29"
    },
    {
        "id": 154,
        "name": "Creamy Havarti Cheese Slices",
        "price": "160 g, $2.43/100g",
        "brand": "Ziggy's",
        "image_url": "https://assets.shop.loblaws.ca/products/21610744/b3/en/front/21610744_front_a06_@2.png",
        "image_alt": "Ziggy's Creamy Havarti Cheese Slices 160 g, $2.43/100g",
        "price_product_tile": "$3.89$3.89"
    },
    {
        "id": 155,
        "name": "Feta Crumbles, Herb & Garlic",
        "price": "175 g, $44.51/1kg $2.02/1lb",
        "brand": "President's Choice",
        "image_url": "https://assets.shop.loblaws.ca/products/20862432/b3/en/front/20862432_front_a06_@2.png",
        "image_alt": "President's Choice Feta Crumbles, Herb & Garlic 175 g, $44.51/1kg $2.02/1lb",
        "price_product_tile": "$7.79$7.79"
    },
    {
        "id": 156,
        "name": "Parmigiano Grated",
        "price": "100 g, $5.99/100g",
        "brand": "PC Splendido",
        "image_url": "https://assets.shop.loblaws.ca/products/21306422/b3/en/front/21306422_front_a06_@2.png",
        "image_alt": "PC Splendido Parmigiano Grated 100 g, $5.99/100g",
        "price_product_tile": "$5.99$5.99"
    },
    {
        "id": 157,
        "name": "Swiss Cheese Slices",
        "price": "160 g, $2.49/100g",
        "brand": "Ziggy's",
        "image_url": "https://assets.shop.loblaws.ca/products/21610826/b3/en/front/21610826_front_a06_@2.png",
        "image_alt": "Ziggy's Swiss Cheese Slices 160 g, $2.49/100g",
        "price_product_tile": "$3.99$3.99"
    },
    {
        "id": 158,
        "name": "Mascarpone",
        "price": "500 g, $2.00/100g",
        "brand": "PC Splendido",
        "image_url": "https://assets.shop.loblaws.ca/products/21306387/b3/en/front/21306387_front_a06_@2.png",
        "image_alt": "PC Splendido Mascarpone 500 g, $2.00/100g",
        "price_product_tile": "$9.99$9.99"
    },
    {
        "id": 159,
        "name": "Truffle Salt & Hint of Pepper",
        "price": "150 g, $4.66/100g",
        "brand": "Boursin",
        "image_url": "https://assets.shop.loblaws.ca/products/21468530/b3/en/front/21468530_front_a06_@2.png",
        "image_alt": "Boursin Truffle Salt & Hint of Pepper 150 g, $4.66/100g",
        "price_product_tile": "$6.99$6.99"
    },
    {
        "id": 160,
        "name": "L'Extra Camembert Cheese",
        "price": "170 g, $4.41/100g",
        "brand": "Agropur Signature",
        "image_url": "https://assets.shop.loblaws.ca/products/20016313/b3/en/front/20016313_front_a06_@2.png",
        "image_alt": "Agropur Signature L'Extra Camembert Cheese 170 g, $4.41/100g",
        "price_product_tile": "$7.49$7.49"
    },
    {
        "id": 161,
        "name": "Medium Cheddar Portions",
        "price": "126 g, $4.36/100g",
        "brand": "President's Choice",
        "image_url": "https://assets.shop.loblaws.ca/products/20571485/b3/en/front/20571485_front_a06_@2.png",
        "image_alt": "President's Choice Medium Cheddar Portions 126 g, $4.36/100g",
        "price_product_tile": "$5.49$5.49"
    },
    {
        "id": 162,
        "name": "Pizza Mozzarella Cheese Deluxe Mozzarella 25 % M.F., Lactose Free",
        "price": "340 g, $2.50/100g",
        "brand": "Tre Stelle",
        "image_url": "https://assets.shop.loblaws.ca/products/21364678/b3/en/front/21364678_front_a06_@2.png",
        "image_alt": "Tre Stelle Pizza Mozzarella Cheese Deluxe Mozzarella 25 % M.F., Lactose Free 340 g, $2.50/100g",
        "price_product_tile": "$8.49$8.49"
    },
    {
        "id": 163,
        "name": "Ricotta",
        "price": "1 kg, $1.45/100g",
        "brand": "Saputo",
        "image_url": "https://assets.shop.loblaws.ca/products/20136427/b3/en/front/20136427_front_a06_@2.png",
        "image_alt": "Saputo Ricotta 1 kg, $1.45/100g",
        "price_product_tile": "$14.49$14.49"
    },
    {
        "id": 164,
        "name": "Isle Of Man Extra Old Cheddar Cheese Aged 14 Months",
        "price": "250 g, $3.60/100g",
        "brand": "PC Black Label",
        "image_url": "https://assets.shop.loblaws.ca/products/20817395/b3/en/front/20817395_front_a06_@2.png",
        "image_alt": "PC Black Label Isle Of Man Extra Old Cheddar Cheese Aged 14 Months 250 g, $3.60/100g",
        "price_product_tile": "$8.99$8.99"
    },
    {
        "id": 165,
        "name": "Camembert Cheese",
        "price": "170 g, $3.82/100g",
        "brand": "President's Choice",
        "image_url": "https://assets.shop.loblaws.ca/products/20784364/b3/en/front/20784364_front_a06_@2.png",
        "image_alt": "President's Choice Camembert Cheese 170 g, $3.82/100g",
        "price_product_tile": "$6.49$6.49"
    },
    {
        "id": 166,
        "name": "Red Fox Red Leicester Hard Ripened Cheese Aged 18 Months",
        "price": "250 g, $3.60/100g",
        "brand": "PC Black Label",
        "image_url": "https://assets.shop.loblaws.ca/products/20816874/b3/en/front/20816874_front_a06_@2.png",
        "image_alt": "PC Black Label Red Fox Red Leicester Hard Ripened Cheese Aged 18 Months 250 g, $3.60/100g",
        "price_product_tile": "$8.99$8.99"
    },
    {
        "id": 167,
        "name": "Classique Ripened Firm Cheese 28% M.F.",
        "price": "125 g, $4.79/100g",
        "brand": "Bergeron",
        "image_url": "https://assets.shop.loblaws.ca/products/21562889/b3/en/front/21562889_front_a06_@2.png",
        "image_alt": "Bergeron Classique Ripened Firm Cheese 28% M.F. 125 g, $4.79/100g",
        "price_product_tile": "$5.99$5.99"
    },
    {
        "id": 168,
        "name": "Havarti Garden Veg. FW",
        "price": "200 g, $3.65/100g",
        "brand": "Castello",
        "image_url": "https://assets.shop.loblaws.ca/products/20574968/b3/en/front/20574968_front_a06_@2.png",
        "image_alt": "Castello Havarti Garden Veg. FW 200 g, $3.65/100g",
        "price_product_tile": "$7.29$7.29"
    },
    {
        "id": 169,
        "name": "Extra Creamy Blue Cheese Wedge",
        "price": "125 g, $5.19/100g",
        "brand": "Castello",
        "image_url": "https://assets.shop.loblaws.ca/products/20426302/b3/en/front/20426302_front_a06_@2.png",
        "image_alt": "Castello Extra Creamy Blue Cheese Wedge 125 g, $5.19/100g",
        "price_product_tile": "$6.49$6.49"
    },
    {
        "id": 170,
        "name": "Hard Ripened Cheese",
        "price": "200 g, $4.75/100g",
        "brand": "PC Black Label",
        "image_url": "https://assets.shop.loblaws.ca/products/20911468/b3/en/front/20911468_front_a06_@2.png",
        "image_alt": "PC Black Label Hard Ripened Cheese 200 g, $4.75/100g",
        "price_product_tile": "$9.49$9.49"
    },
    {
        "id": 171,
        "name": "Mascarpone",
        "price": "475 g, $2.95/100g",
        "brand": "Tre Stelle",
        "image_url": "https://assets.shop.loblaws.ca/products/20130433/b3/en/front/20130433_front_a06_@2.png",
        "image_alt": "Tre Stelle Mascarpone 475 g, $2.95/100g",
        "price_product_tile": "$13.99$13.99"
    },
    {
        "id": 172,
        "name": "Goat Brie Goat\u2019s Milk Brie Cheese",
        "price": "165 g, $3.81/100g",
        "brand": "President's Choice",
        "image_url": "https://assets.shop.loblaws.ca/products/20251597/b3/en/front/20251597_front_a06_@2.png",
        "image_alt": "President's Choice Goat Brie Goat\u2019s Milk Brie Cheese 165 g, $3.81/100g",
        "price_product_tile": "$6.29$6.29"
    },
    {
        "id": 173,
        "name": "Goat\u2019S Milk Ch\u00e8vre Crumbled Soft Unripened Cheese",
        "price": "165 g, $4.72/100g",
        "brand": "President's Choice",
        "image_url": "https://assets.shop.loblaws.ca/products/20897342/b3/en/front/20897342_front_a06_@2.png",
        "image_alt": "President's Choice Goat\u2019S Milk Ch\u00e8vre Crumbled Soft Unripened Cheese 165 g, $4.72/100g",
        "price_product_tile": "$7.79$7.79"
    },
    {
        "id": 174,
        "name": "Parmigiano Reggiano, Large",
        "price": "800 g, $3.00/100g",
        "brand": "PC Splendido",
        "image_url": "https://assets.shop.loblaws.ca/products/21053436/b3/en/front/21053436_front_a06_@2.png",
        "image_alt": "PC Splendido Parmigiano Reggiano, Large 800 g, $3.00/100g",
        "price_product_tile": "$24.00$24.00"
    },
    {
        "id": 175,
        "name": "Fresh Soft Cheese Cream Cheese Product With Ginger, Chili And Coconut 30% M.F.",
        "price": "125 g, $4.79/100g",
        "brand": "Castello",
        "image_url": "https://assets.shop.loblaws.ca/products/21517592/b3/en/front/21517592_front_a06_@2.png",
        "image_alt": "Castello Fresh Soft Cheese Cream Cheese Product With Ginger, Chili And Coconut 30% M.F. 125 g, $4.79/100g",
        "price_product_tile": "$5.99$5.99"
    },
    {
        "id": 176,
        "name": "Pepper",
        "price": "150 g, $4.66/100g",
        "brand": "Boursin",
        "image_url": "https://assets.shop.loblaws.ca/products/20591215/b3/en/front/20591215_front_a06_@2.png",
        "image_alt": "Boursin Pepper 150 g, $4.66/100g",
        "price_product_tile": "$6.99$6.99"
    },
    {
        "id": 177,
        "name": "Herbed Soft Unripened Goat\u2019s Milk Cheese",
        "price": "300 g, $3.16/100g",
        "brand": "President's Choice",
        "image_url": "https://assets.shop.loblaws.ca/products/20569737/b3/en/front/20569737_front_a06_@2.png",
        "image_alt": "President's Choice Herbed Soft Unripened Goat\u2019s Milk Cheese  300 g, $3.16/100g",
        "price_product_tile": "$9.49$9.49"
    },
    {
        "id": 178,
        "name": "Bocconcini, Medallions",
        "price": "200 g, $3.90/100g",
        "brand": "Tre Stelle",
        "image_url": "https://assets.shop.loblaws.ca/products/20599511/b3/en/front/20599511_front_a06_@2.png",
        "image_alt": "Tre Stelle Bocconcini, Medallions 200 g, $3.90/100g",
        "price_product_tile": "$7.79$7.79"
    },
    {
        "id": 179,
        "name": "Sliced Light Swiss Cheese",
        "price": "150 g, $4.00/100g",
        "brand": "PC Blue Menu",
        "image_url": "https://assets.shop.loblaws.ca/products/20249889/b3/en/front/20249889_front_a06_@2.png",
        "image_alt": "PC Blue Menu Sliced Light Swiss Cheese 150 g, $4.00/100g",
        "price_product_tile": "$6.00$6.00$6.99$6.99SAVE $0.99"
    },
    {
        "id": 180,
        "name": "Swiss Cheese",
        "price": "250 g, $2.80/100g",
        "brand": "President's Choice",
        "image_url": "https://assets.shop.loblaws.ca/products/20770652/b3/en/front/20770652_front_a06_@2.png",
        "image_alt": "President's Choice Swiss Cheese 250 g, $2.80/100g",
        "price_product_tile": "$7.00$7.00$7.49$7.49SAVE $0.49"
    },
    {
        "id": 181,
        "name": "Herb & Spice Havarti, Sliced",
        "price": "160 g, $3.75/100g",
        "brand": "President's Choice",
        "image_url": "https://assets.shop.loblaws.ca/products/20571483/b3/en/front/20571483_front_a06_@2.png",
        "image_alt": "President's Choice Herb & Spice Havarti, Sliced 160 g, $3.75/100g",
        "price_product_tile": "$6.00$6.00$6.99$6.99SAVE $0.99"
    },
    {
        "id": 182,
        "name": "Mozzarella Ball",
        "price": "340 g, $2.06/100g",
        "brand": "Ziggy's",
        "image_url": "https://assets.shop.loblaws.ca/products/21004922/b3/en/front/21004922_front_a06_@2.png",
        "image_alt": "Ziggy's Mozzarella Ball 340 g, $2.06/100g",
        "price_product_tile": "$6.99$6.99"
    },
    {
        "id": 183,
        "name": "Havarti Creamy FW",
        "price": "200 g, $3.65/100g",
        "brand": "Castello",
        "image_url": "https://assets.shop.loblaws.ca/products/20573932/b3/en/front/20573932_front_a06_@2.png",
        "image_alt": "Castello Havarti Creamy FW 200 g, $3.65/100g",
        "price_product_tile": "$7.29$7.29"
    },
    {
        "id": 184,
        "name": "Mozzarella, Sliced",
        "price": "170 g, $3.53/100g",
        "brand": "President's Choice",
        "image_url": "https://assets.shop.loblaws.ca/products/20217736/b3/en/front/20217736_front_a06_@2.png",
        "image_alt": "President's Choice Mozzarella, Sliced 170 g, $3.53/100g",
        "price_product_tile": "$6.00$6.00$6.99$6.99SAVE $0.99"
    },
    {
        "id": 185,
        "name": "Ricotta",
        "price": "500 g, $1.60/100g",
        "brand": "Saputo",
        "image_url": "https://assets.shop.loblaws.ca/products/20573931/b3/en/front/20573931_front_a06_@2.png",
        "image_alt": "Saputo Ricotta 500 g, $1.60/100g",
        "price_product_tile": "$7.99$7.99"
    },
    {
        "id": 186,
        "name": "Feta Cheese, Macedonian Style",
        "price": "700 g, $2.04/100g",
        "brand": "Krinos",
        "image_url": "https://assets.shop.loblaws.ca/products/20633588/b3/en/front/20633588_front_a06_@2.png",
        "image_alt": "Krinos Feta Cheese, Macedonian Style 700 g, $2.04/100g",
        "price_product_tile": "$14.29$14.29"
    },
    {
        "id": 187,
        "name": "Blue Cheese",
        "price": "125 g, $5.19/100g",
        "brand": "President's Choice",
        "image_url": "https://assets.shop.loblaws.ca/products/20419129/b3/en/front/20419129_front_a06_@2.png",
        "image_alt": "President's Choice Blue Cheese 125 g, $5.19/100g",
        "price_product_tile": "$6.49$6.49"
    },
    {
        "id": 188,
        "name": "Ricotta Cheese",
        "price": "500 g, $1.60/100g",
        "brand": "Santa Lucia",
        "image_url": "https://assets.shop.loblaws.ca/products/20661467/b3/en/front/20661467_front_a06_@2.png",
        "image_alt": "Santa Lucia Ricotta Cheese 500 g, $1.60/100g",
        "price_product_tile": "$7.99$7.99"
    },
    {
        "id": 189,
        "name": "Asiago Cheese",
        "price": "250 g, $3.60/100g",
        "brand": "PC Splendido",
        "image_url": "https://assets.shop.loblaws.ca/products/21409072/b3/en/front/21409072_front_a06_@2.png",
        "image_alt": "PC Splendido Asiago Cheese 250 g, $3.60/100g",
        "price_product_tile": "$8.99$8.99"
    },
    {
        "id": 190,
        "name": "Mild Gouda",
        "price": "350 g, $3.14/100g",
        "brand": "Henri Willig",
        "image_url": "https://assets.shop.loblaws.ca/products/21345046/b3/en/front/21345046_front_a06_@2.png",
        "image_alt": "Henri Willig Mild Gouda 350 g, $3.14/100g",
        "price_product_tile": "$10.99$10.99"
    },
    {
        "id": 191,
        "name": "Queso Fresco Grilling Cheese 26% M.F.",
        "price": "200 g, $5.15/100g",
        "brand": "Sabana",
        "image_url": "https://assets.shop.loblaws.ca/products/21588398/b3/en/front/21588398_front_a06_@2.png",
        "image_alt": "Sabana Queso Fresco Grilling Cheese 26% M.F. 200 g, $5.15/100g",
        "price_product_tile": "$10.29$10.29"
    },
    {
        "id": 192,
        "name": "Burrata",
        "price": "250 g, $5.60/100g",
        "brand": "Bella Casara",
        "image_url": "https://assets.shop.loblaws.ca/products/20214087/b3/en/front/20214087_front_a06_@2.png",
        "image_alt": "Bella Casara Burrata 250 g, $5.60/100g",
        "price_product_tile": "$13.99$13.99"
    },
    {
        "id": 193,
        "name": "Vintage 35 % M.F. Cheddar Cheese",
        "price": "200 g, $4.00/100g",
        "brand": "No brand",
        "image_url": "https://assets.shop.loblaws.ca/products/21434515/b3/en/front/21434515_front_a06_@2.png",
        "image_alt": "null Vintage 35 % M.F. Cheddar Cheese  200 g, $4.00/100g",
        "price_product_tile": "$7.99$7.99"
    },
    {
        "id": 194,
        "name": "Classique Ripened Firm Cheese With Cumin 28% M.F.",
        "price": "125 g, $4.79/100g",
        "brand": "Bergeron",
        "image_url": "https://assets.shop.loblaws.ca/products/21562922/b3/en/front/21562922_front_a06_@2.png",
        "image_alt": "Bergeron Classique Ripened Firm Cheese With Cumin 28% M.F. 125 g, $4.79/100g",
        "price_product_tile": "$5.99$5.99"
    },
    {
        "id": 195,
        "name": "Pecorino Romano",
        "price": "250 g, $4.40/100g",
        "brand": "PC Splendido",
        "image_url": "https://assets.shop.loblaws.ca/products/21188276/b3/en/front/21188276_front_a06_@2.png",
        "image_alt": "PC Splendido Pecorino Romano 250 g, $4.40/100g",
        "price_product_tile": "$10.99$10.99"
    },
    {
        "id": 196,
        "name": "Cheese, Havarti Slices 25% Less Fat",
        "price": "160 g, $3.75/100g",
        "brand": "President's Choice",
        "image_url": "https://assets.shop.loblaws.ca/products/20217523/b3/en/front/20217523_front_a06_@2.png",
        "image_alt": "President's Choice Cheese, Havarti Slices 25% Less Fat 160 g, $3.75/100g",
        "price_product_tile": "$6.00$6.00$6.99$6.99SAVE $0.99"
    },
    {
        "id": 197,
        "name": "Medium Gouda",
        "price": "200 g, $4.00/100g",
        "brand": "Henri Willig",
        "image_url": "https://assets.shop.loblaws.ca/products/21345050/b3/en/front/21345050_front_a06_@2.png",
        "image_alt": "Henri Willig Medium Gouda 200 g, $4.00/100g",
        "price_product_tile": "$7.99$7.99"
    },
    {
        "id": 198,
        "name": "Blue Crumbles",
        "price": "113 g, $6.63/100g",
        "brand": "Castello",
        "image_url": "https://assets.shop.loblaws.ca/products/21102503/b3/en/front/21102503_front_a06_@2.png",
        "image_alt": "Castello Blue Crumbles 113 g, $6.63/100g",
        "price_product_tile": "$7.49$7.49"
    },
    {
        "id": 199,
        "name": "100% Parmesan 31% M.F. Cheese Grated",
        "price": "80 g, $4.99/100g",
        "brand": "Tre Stelle",
        "image_url": "https://assets.shop.loblaws.ca/products/21311224/b3/en/front/21311224_front_a06_@2.png",
        "image_alt": "Tre Stelle 100% Parmesan 31% M.F. Cheese Grated 80 g, $4.99/100g",
        "price_product_tile": "$3.99$3.99"
    },
    {
        "id": 200,
        "name": "Emmentaler Cheese",
        "price": "350 g, $4.00/100g",
        "brand": "President's Choice",
        "image_url": "https://assets.shop.loblaws.ca/products/21197538/b3/en/front/21197538_front_a06_@2.png",
        "image_alt": "President's Choice Emmentaler Cheese 350 g, $4.00/100g",
        "price_product_tile": "$13.99$13.99"
    },
    {
        "id": 201,
        "name": "Cheese, Fig Goat's Milk",
        "price": "140 g, $4.49/100g",
        "brand": "President's Choice",
        "image_url": "https://assets.shop.loblaws.ca/products/20690427/b3/en/front/20690427_front_a06_@2.png",
        "image_alt": "President's Choice Cheese, Fig Goat's Milk 140 g, $4.49/100g",
        "price_product_tile": "$6.29$6.29"
    },
    {
        "id": 202,
        "name": "Arla Havarti Herb&Spice FW",
        "price": "200 g, $3.65/100g",
        "brand": "Castello",
        "image_url": "https://assets.shop.loblaws.ca/products/20574963/b3/en/front/20574963_front_a06_@2.png",
        "image_alt": "Castello Arla Havarti Herb&Spice FW 200 g, $3.65/100g",
        "price_product_tile": "$7.29$7.29"
    },
    {
        "id": 203,
        "name": "Goat Milk Cheese, Peppercorn",
        "price": "140 g, $4.49/100g",
        "brand": "President's Choice",
        "image_url": "https://assets.shop.loblaws.ca/products/20314830/b3/en/front/20314830_front_a06_@2.png",
        "image_alt": "President's Choice Goat Milk Cheese, Peppercorn 140 g, $4.49/100g",
        "price_product_tile": "$6.29$6.29"
    },
    {
        "id": 204,
        "name": "Ricotta Traditional Twin Pack",
        "price": "560 g, $1.43/100g",
        "brand": "Tre Stelle",
        "image_url": "https://assets.shop.loblaws.ca/products/21100064/b3/en/front/21100064_front_a06_@2.png",
        "image_alt": "Tre Stelle Ricotta Traditional Twin Pack 560 g, $1.43/100g",
        "price_product_tile": "$8.00$8.00$8.79$8.79SAVE $0.79"
    },
    {
        "id": 205,
        "name": "Mini Bocconcini",
        "price": "200 g, $4.00/100g",
        "brand": "Santa Lucia",
        "image_url": "https://assets.shop.loblaws.ca/products/20903895/b3/en/front/20903895_front_a06_@2.png",
        "image_alt": "Santa Lucia Mini Bocconcini 200 g, $4.00/100g",
        "price_product_tile": "$7.99$7.99"
    },
    {
        "id": 206,
        "name": "Cheese Dippers, Original",
        "price": "140 g, $2.64/100g",
        "brand": "The Laughing Cow",
        "image_url": "https://assets.shop.loblaws.ca/products/21201454/b3/en/front/21201454_front_a06_@2.png",
        "image_alt": "The Laughing Cow Cheese Dippers, Original 140 g, $2.64/100g",
        "price_product_tile": "$3.69$3.69$4.99$4.99SAVE $1.30"
    },
    {
        "id": 207,
        "name": "Halloumi",
        "price": "200 g, $3.50/100g",
        "brand": "Tre Stelle",
        "image_url": "https://assets.shop.loblaws.ca/products/21350800/b3/en/front/21350800_front_a06_@2.png",
        "image_alt": "Tre Stelle Halloumi 200 g, $3.50/100g",
        "price_product_tile": "$6.99$6.99"
    },
    {
        "id": 208,
        "name": "Havarti Smoked Cheese",
        "price": "170 g, $4.29/100g",
        "brand": "Castello",
        "image_url": "https://assets.shop.loblaws.ca/products/20972625/b3/en/front/20972625_front_a06_@2.png",
        "image_alt": "Castello Havarti Smoked Cheese 170 g, $4.29/100g",
        "price_product_tile": "$7.29$7.29"
    },
    {
        "id": 209,
        "name": "Cranberry Goat Cheese",
        "price": "140 g, $4.49/100g",
        "brand": "President's Choice",
        "image_url": "https://assets.shop.loblaws.ca/products/21197504/b3/en/front/21197504_front_a06_@2.png",
        "image_alt": "President's Choice Cranberry Goat Cheese 140 g, $4.49/100g",
        "price_product_tile": "$6.29$6.29"
    },
    {
        "id": 210,
        "name": "Feta Cheese in Brine, Oregano",
        "price": "170 g, $2.94/100g",
        "brand": "Saputo",
        "image_url": "https://assets.shop.loblaws.ca/products/21051115/b3/en/front/21051115_front_a06_@2.png",
        "image_alt": "Saputo Feta Cheese in Brine, Oregano 170 g, $2.94/100g",
        "price_product_tile": "$5.00$5.00$6.99$6.99SAVE $1.99"
    },
    {
        "id": 211,
        "name": "Original Cheese",
        "price": "190 g, $4.21/100g",
        "brand": "Oka",
        "image_url": "https://assets.shop.loblaws.ca/products/20920756/b3/en/front/20920756_front_a06_@2.png",
        "image_alt": "Oka Original Cheese 190 g, $4.21/100g",
        "price_product_tile": "$7.99$7.99"
    },
    {
        "id": 212,
        "name": "Ricotta, light",
        "price": "500 g, $1.60/100g",
        "brand": "Saputo",
        "image_url": "https://assets.shop.loblaws.ca/products/20573933/b3/en/front/20573933_front_a06_@2.png",
        "image_alt": "Saputo Ricotta, light 500 g, $1.60/100g",
        "price_product_tile": "$7.99$7.99"
    }
]