[
    {
        "id": 1,
        "name": "Sour Cream 14%",
        "price": "500 ml, $0.50/100ml",
        "brand": "No Name",
        "image_url": "https://assets.shop.loblaws.ca/products/20299657/b3/en/front/20299657_front_a06_@2.png",
        "image_alt": "No Name Sour Cream 14% 500 ml, $0.50/100ml",
        "price_product_tile": "$2.49$2.49"
    },
    {
        "id": 2,
        "name": "Sour Cream, Regular 14%",
        "price": "500 ml, $0.64/100ml",
        "brand": "Gay Lea",
        "image_url": "https://assets.shop.loblaws.ca/products/20317536001/b3/en/front/20317536001_front_a06_@2.png",
        "image_alt": "Gay Lea Sour Cream, Regular 14% 500 ml, $0.64/100ml",
        "price_product_tile": "$3.19$3.19"
    },
    {
        "id": 3,
        "name": "5% M.F. Light Sour Cream",
        "price": "500 ml, $0.50/100ml",
        "brand": "No Name",
        "image_url": "https://assets.shop.loblaws.ca/products/20322987/b3/en/front/20322987_front_a06_@2.png",
        "image_alt": "No Name 5% M.F. Light Sour Cream 500 ml, $0.50/100ml",
        "price_product_tile": "$2.49$2.49"
    },
    {
        "id": 4,
        "name": "Sour Cream Dip, French Onion",
        "price": "680 g, $1.15/100g",
        "brand": "Heluva",
        "image_url": "https://assets.shop.loblaws.ca/products/20312788001/b3/en/front/20312788001_front_a06_@2.png",
        "image_alt": "Heluva Sour Cream Dip, French Onion 680 g, $1.15/100g",
        "price_product_tile": "$7.79$7.79"
    },
    {
        "id": 5,
        "name": "14% M.F. Regular Sour Cream",
        "price": "250 ml, $0.80/100ml",
        "brand": "No Name",
        "image_url": "https://assets.shop.loblaws.ca/products/20000476001/b3/en/front/20000476001_front_a06_@2.png",
        "image_alt": "No Name 14% M.F. Regular Sour Cream 250 ml, $0.80/100ml",
        "price_product_tile": "$1.99$1.99"
    },
    {
        "id": 6,
        "name": "Sour Cream Dip, French Onion",
        "price": "250 g, $1.60/100g",
        "brand": "Heluva",
        "image_url": "https://assets.shop.loblaws.ca/products/20179979002/b3/en/front/20179979002_front_a06_@2.png",
        "image_alt": "Heluva Sour Cream Dip, French Onion 250 g, $1.60/100g",
        "price_product_tile": "$3.99$3.99"
    },
    {
        "id": 7,
        "name": "Cheese Spread",
        "price": "450 g, $1.29/100g",
        "brand": "Kraft",
        "image_url": "https://assets.shop.loblaws.ca/products/20659606001/b3/en/front/20659606001_front_a06_@2.png",
        "image_alt": "Kraft Cheese Spread 450 g, $1.29/100g",
        "price_product_tile": "$5.79$5.79"
    },
    {
        "id": 8,
        "name": "Sour Cream, Regular 14%",
        "price": "250 ml, $1.04/100ml",
        "brand": "Gay Lea",
        "image_url": "https://assets.shop.loblaws.ca/products/20111087001/b3/en/front/20111087001_front_a06_@2.png",
        "image_alt": "Gay Lea Sour Cream, Regular 14% 250 ml, $1.04/100ml",
        "price_product_tile": "$2.59$2.59"
    },
    {
        "id": 9,
        "name": "Lactose Free 14% M.F. Sour Cream",
        "price": "500 ml, $0.84/100ml",
        "brand": "President's Choice",
        "image_url": "https://assets.shop.loblaws.ca/products/20987150/b3/en/front/20987150_front_a06_@2.png",
        "image_alt": "President's Choice Lactose Free 14% M.F. Sour Cream 500 ml, $0.84/100ml",
        "price_product_tile": "$4.19$4.19"
    },
    {
        "id": 10,
        "name": "Light 5% M.F. Sour Cream",
        "price": "250 ml, $0.80/100ml",
        "brand": "No Name",
        "image_url": "https://assets.shop.loblaws.ca/products/20304664/b3/en/front/20304664_front_a06_@2.png",
        "image_alt": "No Name Light 5% M.F. Sour Cream  250 ml, $0.80/100ml",
        "price_product_tile": "$1.99$1.99"
    },
    {
        "id": 11,
        "name": "Sour Cream, Low Fat 3%",
        "price": "500 ml, $0.64/100ml",
        "brand": "Gay Lea",
        "image_url": "https://assets.shop.loblaws.ca/products/20317536003/b3/en/front/20317536003_front_a06_@2.png",
        "image_alt": "Gay Lea Sour Cream, Low Fat 3% 500 ml, $0.64/100ml",
        "price_product_tile": "$3.19$3.19"
    },
    {
        "id": 12,
        "name": "1% M.F. Fat Free Sour Cream",
        "price": "500 ml, $0.50/100ml",
        "brand": "No Name",
        "image_url": "https://assets.shop.loblaws.ca/products/20085165/b3/en/front/20085165_front_a06_@2.png",
        "image_alt": "No Name 1% M.F. Fat Free Sour Cream  500 ml, $0.50/100ml",
        "price_product_tile": "$2.49$2.49"
    },
    {
        "id": 13,
        "name": "Sour Cream Dip, Dill Pickle",
        "price": "250 g, $1.60/100g",
        "brand": "Heluva",
        "image_url": "https://assets.shop.loblaws.ca/products/20179979001/b3/en/front/20179979001_front_a06_@2.png",
        "image_alt": "Heluva Sour Cream Dip, Dill Pickle 250 g, $1.60/100g",
        "price_product_tile": "$3.99$3.99"
    },
    {
        "id": 14,
        "name": "Plant Based Sour Cream Alternative",
        "price": "340 ml, $0.94/100ml",
        "brand": "President's Choice",
        "image_url": "https://assets.shop.loblaws.ca/products/21369455/b3/en/front/21369455_front_a06_@2.png",
        "image_alt": "President's Choice Plant Based Sour Cream Alternative 340 ml, $0.94/100ml",
        "price_product_tile": "$3.19$3.19"
    },
    {
        "id": 15,
        "name": "Jalapeno Cheddar Dip",
        "price": "250 g, $1.60/100g",
        "brand": "Heluva",
        "image_url": "https://assets.shop.loblaws.ca/products/20305052001/b3/en/front/20305052001_front_a06_@2.png",
        "image_alt": "Heluva Jalapeno Cheddar Dip 250 g, $1.60/100g",
        "price_product_tile": "$3.99$3.99"
    },
    {
        "id": 16,
        "name": "French Onion Dip",
        "price": "227 g, $1.98/100g",
        "brand": "Philadelphia",
        "image_url": "https://assets.shop.loblaws.ca/products/20745040/b3/en/front/20745040_front_a06_@2.png",
        "image_alt": "Philadelphia French Onion Dip 227 g, $1.98/100g",
        "price_product_tile": "$4.49$4.49"
    },
    {
        "id": 17,
        "name": "Caramelized Onion Dip",
        "price": "250 g, $1.60/100g",
        "brand": "Heluva",
        "image_url": "https://assets.shop.loblaws.ca/products/20872654/b3/en/front/20872654_front_a06_@2.png",
        "image_alt": "Heluva Caramelized Onion Dip 250 g, $1.60/100g",
        "price_product_tile": "$3.99$3.99"
    },
    {
        "id": 18,
        "name": "French Onion Sour Cream Dip",
        "price": "250 g, $1.20/100g",
        "brand": "No Name",
        "image_url": "https://assets.shop.loblaws.ca/products/20801166/b3/en/front/20801166_front_a06_@2.png",
        "image_alt": "No Name French Onion Sour Cream Dip  250 g, $1.20/100g",
        "price_product_tile": "$2.99$2.99"
    },
    {
        "id": 19,
        "name": "Onion Dip",
        "price": "340 g, $2.20/100g",
        "brand": "Philadelphia",
        "image_url": "https://assets.shop.loblaws.ca/products/20866839001/b3/en/front/20866839001_front_a06_@2.png",
        "image_alt": "Philadelphia Onion Dip 340 g, $2.20/100g",
        "price_product_tile": "$7.49$7.49"
    },
    {
        "id": 20,
        "name": "Sour Cream, Fat Free 1%",
        "price": "500 ml, $0.64/100ml",
        "brand": "Gay Lea",
        "image_url": "https://assets.shop.loblaws.ca/products/20317536002/b3/en/front/20317536002_front_a06_@2.png",
        "image_alt": "Gay Lea Sour Cream, Fat Free 1% 500 ml, $0.64/100ml",
        "price_product_tile": "$3.19$3.19"
    },
    {
        "id": 21,
        "name": "Good! Sour Cream Dip Herb & Spice",
        "price": "250 g, $1.60/100g",
        "brand": "Heluva",
        "image_url": "https://assets.shop.loblaws.ca/products/21096678/b3/en/front/21096678_front_a06_@2.png",
        "image_alt": "Heluva Good! Sour Cream Dip Herb & Spice 250 g, $1.60/100g",
        "price_product_tile": "$3.99$3.99"
    },
    {
        "id": 22,
        "name": "Dill Pickle Dip",
        "price": "340 g, $2.20/100g",
        "brand": "Philadelphia",
        "image_url": "https://assets.shop.loblaws.ca/products/20866839002/b3/en/front/20866839002_front_a06_@2.png",
        "image_alt": "Philadelphia Dill Pickle Dip 340 g, $2.20/100g",
        "price_product_tile": "$7.49$7.49"
    }
]