<div data-testid="product-grid" class="css-epcqr3"><div class="css-0"><div class="css-f5i5wc"><div class="chakra-linkbox css-vhnn8v"><div data-testid="product-image" class="css-16dr4ly"><img alt="No Name Sour Cream 14% 500 ml, $0.50/100ml" src="https://assets.shop.loblaws.ca/products/20299657/b3/en/front/20299657_front_a06_@2.png" srcset="https://assets.shop.loblaws.ca/products/20299657/b3/en/front/20299657_front_a06_@2.png 1x, https://assets.shop.loblaws.ca/products/20299657/b3/en/front/20299657_front_a06_@2.png 2x" loading="lazy" class="chakra-image css-oguq8l" aria-hidden="true"></div><div class="css-qoklea"><div class="css-12dchmx"></div><div data-testid="price-product-tile" class="css-8atqhb"><p class="chakra-text css-0"><span class="chakra-text css-pwnbcb" data-testid="regular-price"><span class="css-idkz9h">$2.49</span>$2.49</span></p></div><a href="/sour-cream-14/p/20299657_EA?source=nspt" class="chakra-linkbox__overlay css-1hnz6hu"><div class="css-0"><p class="chakra-text css-1ecdp9w" data-testid="product-brand">No Name</p><h3 class="chakra-heading css-6qrhwc" id="20299657_EA" data-testid="product-title">Sour Cream 14%</h3><p class="chakra-text css-1yftjin" data-testid="product-package-size">500 ml, $0.50/100ml</p></div></a><div class="css-8keand"></div></div><div class="css-1q5omjq"><div class="css-fcebb8"><div data-testid="atc-compact" class="css-y94ivq" style="width: 45px;"><button type="button" class="chakra-button css-mudsm6" data-testid="atc-button"><svg stroke="currentColor" fill="currentColor" stroke-width="0" viewBox="0 0 24 24" focusable="false" class="chakra-icon css-1g3sp7a" data-testid="btn-icon" aria-hidden="true" height="1em" width="1em" xmlns="http://www.w3.org/2000/svg"><path d="M19 13h-6v6h-2v-6H5v-2h6V5h2v6h6v2z"></path></svg><span class="css-idkz9h">Add Sour Cream 14% to cart</span></button></div></div></div></div></div></div><div class="css-0"><div class="css-f5i5wc"><div class="chakra-linkbox css-vhnn8v"><div data-testid="product-image" class="css-16dr4ly"><img alt="Gay Lea Sour Cream, Regular 14% 500 ml, $0.64/100ml" src="https://assets.shop.loblaws.ca/products/20317536001/b3/en/front/20317536001_front_a06_@2.png" srcset="https://assets.shop.loblaws.ca/products/20317536001/b3/en/front/20317536001_front_a06_@2.png 1x, https://assets.shop.loblaws.ca/products/20317536001/b3/en/front/20317536001_front_a06_@2.png 2x" loading="lazy" class="chakra-image css-oguq8l" aria-hidden="true"></div><div class="css-qoklea"><div class="css-12dchmx"></div><div data-testid="price-product-tile" class="css-8atqhb"><p class="chakra-text css-0"><span class="chakra-text css-pwnbcb" data-testid="regular-price"><span class="css-idkz9h">$3.19</span>$3.19</span></p></div><a href="/sour-cream-regular-14/p/20317536001_EA?source=nspt" class="chakra-linkbox__overlay css-1hnz6hu"><div class="css-0"><p class="chakra-text css-1ecdp9w" data-testid="product-brand">Gay Lea</p><h3 class="chakra-heading css-6qrhwc" id="20317536001_EA" data-testid="product-title">Sour Cream, Regular 14%</h3><p class="chakra-text css-1yftjin" data-testid="product-package-size">500 ml, $0.64/100ml</p></div></a><div class="css-8keand"></div></div><div class="css-1q5omjq"><div class="css-fcebb8"><div data-testid="atc-compact" class="css-y94ivq" style="width: 45px;"><button type="button" class="chakra-button css-mudsm6" data-testid="atc-button"><svg stroke="currentColor" fill="currentColor" stroke-width="0" viewBox="0 0 24 24" focusable="false" class="chakra-icon css-1g3sp7a" data-testid="btn-icon" aria-hidden="true" height="1em" width="1em" xmlns="http://www.w3.org/2000/svg"><path d="M19 13h-6v6h-2v-6H5v-2h6V5h2v6h6v2z"></path></svg><span class="css-idkz9h">Add Sour Cream, Regular 14% to cart</span></button></div></div></div></div></div></div><div class="css-0"><div class="css-f5i5wc"><div class="chakra-linkbox css-vhnn8v"><div data-testid="product-image" class="css-16dr4ly"><img alt="No Name 5% M.F. Light Sour Cream 500 ml, $0.50/100ml" src="https://assets.shop.loblaws.ca/products/20322987/b3/en/front/20322987_front_a06_@2.png" srcset="https://assets.shop.loblaws.ca/products/20322987/b3/en/front/20322987_front_a06_@2.png 1x, https://assets.shop.loblaws.ca/products/20322987/b3/en/front/20322987_front_a06_@2.png 2x" loading="lazy" class="chakra-image css-oguq8l" aria-hidden="true"></div><div class="css-qoklea"><div class="css-12dchmx"></div><div data-testid="price-product-tile" class="css-8atqhb"><p class="chakra-text css-0"><span class="chakra-text css-pwnbcb" data-testid="regular-price"><span class="css-idkz9h">$2.49</span>$2.49</span></p></div><a href="/5-m-f-light-sour-cream/p/20322987_EA?source=nspt" class="chakra-linkbox__overlay css-1hnz6hu"><div class="css-0"><p class="chakra-text css-1ecdp9w" data-testid="product-brand">No Name</p><h3 class="chakra-heading css-6qrhwc" id="20322987_EA" data-testid="product-title">5% M.F. Light Sour Cream</h3><p class="chakra-text css-1yftjin" data-testid="product-package-size">500 ml, $0.50/100ml</p></div></a><div class="css-8keand"></div></div><div class="css-1q5omjq"><div class="css-fcebb8"><div data-testid="atc-compact" class="css-y94ivq" style="width: 45px;"><button type="button" class="chakra-button css-mudsm6" data-testid="atc-button"><svg stroke="currentColor" fill="currentColor" stroke-width="0" viewBox="0 0 24 24" focusable="false" class="chakra-icon css-1g3sp7a" data-testid="btn-icon" aria-hidden="true" height="1em" width="1em" xmlns="http://www.w3.org/2000/svg"><path d="M19 13h-6v6h-2v-6H5v-2h6V5h2v6h6v2z"></path></svg><span class="css-idkz9h">Add 5% M.F. Light Sour Cream to cart</span></button></div></div></div></div></div></div><div class="css-0"><div class="css-f5i5wc"><div class="chakra-linkbox css-vhnn8v"><div data-testid="product-image" class="css-16dr4ly"><img alt="Heluva Sour Cream Dip, French Onion 680 g, $1.15/100g" src="https://assets.shop.loblaws.ca/products/20312788001/b3/en/front/20312788001_front_a06_@2.png" srcset="https://assets.shop.loblaws.ca/products/20312788001/b3/en/front/20312788001_front_a06_@2.png 1x, https://assets.shop.loblaws.ca/products/20312788001/b3/en/front/20312788001_front_a06_@2.png 2x" loading="lazy" class="chakra-image css-oguq8l" aria-hidden="true"></div><div class="css-qoklea"><div class="css-12dchmx"></div><div data-testid="price-product-tile" class="css-8atqhb"><p class="chakra-text css-0"><span class="chakra-text css-pwnbcb" data-testid="regular-price"><span class="css-idkz9h">$7.79</span>$7.79</span></p></div><a href="/sour-cream-dip-french-onion/p/20312788001_EA?source=nspt" class="chakra-linkbox__overlay css-1hnz6hu"><div class="css-0"><p class="chakra-text css-1ecdp9w" data-testid="product-brand">Heluva</p><h3 class="chakra-heading css-6qrhwc" id="20312788001_EA" data-testid="product-title">Sour Cream Dip, French Onion</h3><p class="chakra-text css-1yftjin" data-testid="product-package-size">680 g, $1.15/100g</p></div></a><div class="css-8keand"></div></div><div class="css-1q5omjq"><div class="css-fcebb8"><div data-testid="atc-compact" class="css-y94ivq" style="width: 45px;"><button type="button" class="chakra-button css-mudsm6" data-testid="atc-button"><svg stroke="currentColor" fill="currentColor" stroke-width="0" viewBox="0 0 24 24" focusable="false" class="chakra-icon css-1g3sp7a" data-testid="btn-icon" aria-hidden="true" height="1em" width="1em" xmlns="http://www.w3.org/2000/svg"><path d="M19 13h-6v6h-2v-6H5v-2h6V5h2v6h6v2z"></path></svg><span class="css-idkz9h">Add Sour Cream Dip, French Onion to cart</span></button></div></div></div></div></div></div><div class="css-0"><div class="css-f5i5wc"><div class="chakra-linkbox css-vhnn8v"><div data-testid="product-image" class="css-16dr4ly"><img alt="No Name 14% M.F. Regular Sour Cream 250 ml, $0.80/100ml" src="https://assets.shop.loblaws.ca/products/20000476001/b3/en/front/20000476001_front_a06_@2.png" srcset="https://assets.shop.loblaws.ca/products/20000476001/b3/en/front/20000476001_front_a06_@2.png 1x, https://assets.shop.loblaws.ca/products/20000476001/b3/en/front/20000476001_front_a06_@2.png 2x" loading="lazy" class="chakra-image css-oguq8l" aria-hidden="true"></div><div class="css-qoklea"><div class="css-12dchmx"></div><div data-testid="price-product-tile" class="css-8atqhb"><p class="chakra-text css-0"><span class="chakra-text css-pwnbcb" data-testid="regular-price"><span class="css-idkz9h">$1.99</span>$1.99</span></p></div><a href="/14-m-f-regular-sour-cream/p/20000476001_EA?source=nspt" class="chakra-linkbox__overlay css-1hnz6hu"><div class="css-0"><p class="chakra-text css-1ecdp9w" data-testid="product-brand">No Name</p><h3 class="chakra-heading css-6qrhwc" id="20000476001_EA" data-testid="product-title">14% M.F. Regular Sour Cream</h3><p class="chakra-text css-1yftjin" data-testid="product-package-size">250 ml, $0.80/100ml</p></div></a><div class="css-8keand"></div></div><div class="css-1q5omjq"><div class="css-fcebb8"><div data-testid="atc-compact" class="css-y94ivq" style="width: 45px;"><button type="button" class="chakra-button css-mudsm6" data-testid="atc-button"><svg stroke="currentColor" fill="currentColor" stroke-width="0" viewBox="0 0 24 24" focusable="false" class="chakra-icon css-1g3sp7a" data-testid="btn-icon" aria-hidden="true" height="1em" width="1em" xmlns="http://www.w3.org/2000/svg"><path d="M19 13h-6v6h-2v-6H5v-2h6V5h2v6h6v2z"></path></svg><span class="css-idkz9h">Add 14% M.F. Regular Sour Cream to cart</span></button></div></div></div></div></div></div><div class="css-0"><div class="css-f5i5wc"><div class="chakra-linkbox css-vhnn8v"><div data-testid="product-image" class="css-16dr4ly"><img alt="Heluva Sour Cream Dip, French Onion 250 g, $1.60/100g" src="https://assets.shop.loblaws.ca/products/20179979002/b3/en/front/20179979002_front_a06_@2.png" srcset="https://assets.shop.loblaws.ca/products/20179979002/b3/en/front/20179979002_front_a06_@2.png 1x, https://assets.shop.loblaws.ca/products/20179979002/b3/en/front/20179979002_front_a06_@2.png 2x" loading="lazy" class="chakra-image css-oguq8l" aria-hidden="true"></div><div class="css-qoklea"><div class="css-12dchmx"></div><div data-testid="price-product-tile" class="css-8atqhb"><p class="chakra-text css-0"><span class="chakra-text css-pwnbcb" data-testid="regular-price"><span class="css-idkz9h">$3.99</span>$3.99</span></p></div><a href="/sour-cream-dip-french-onion/p/20179979002_EA?source=nspt" class="chakra-linkbox__overlay css-1hnz6hu"><div class="css-0"><p class="chakra-text css-1ecdp9w" data-testid="product-brand">Heluva</p><h3 class="chakra-heading css-6qrhwc" id="20179979002_EA" data-testid="product-title">Sour Cream Dip, French Onion</h3><p class="chakra-text css-1yftjin" data-testid="product-package-size">250 g, $1.60/100g</p></div></a><div class="css-8keand"></div></div><div class="css-1q5omjq"><div class="css-fcebb8"><div data-testid="atc-compact" class="css-y94ivq" style="width: 45px;"><button type="button" class="chakra-button css-mudsm6" data-testid="atc-button"><svg stroke="currentColor" fill="currentColor" stroke-width="0" viewBox="0 0 24 24" focusable="false" class="chakra-icon css-1g3sp7a" data-testid="btn-icon" aria-hidden="true" height="1em" width="1em" xmlns="http://www.w3.org/2000/svg"><path d="M19 13h-6v6h-2v-6H5v-2h6V5h2v6h6v2z"></path></svg><span class="css-idkz9h">Add Sour Cream Dip, French Onion to cart</span></button></div></div></div></div></div></div><div class="css-0"><div class="css-f5i5wc"><div class="chakra-linkbox css-vhnn8v"><div data-testid="product-image" class="css-16dr4ly"><img alt="Kraft Cheese Spread 450 g, $1.29/100g" src="https://assets.shop.loblaws.ca/products/20659606001/b3/en/front/20659606001_front_a06_@2.png" srcset="https://assets.shop.loblaws.ca/products/20659606001/b3/en/front/20659606001_front_a06_@2.png 1x, https://assets.shop.loblaws.ca/products/20659606001/b3/en/front/20659606001_front_a06_@2.png 2x" loading="lazy" class="chakra-image css-oguq8l" aria-hidden="true"></div><div class="css-qoklea"><div class="css-12dchmx"></div><div data-testid="price-product-tile" class="css-8atqhb"><p class="chakra-text css-0"><span class="chakra-text css-pwnbcb" data-testid="regular-price"><span class="css-idkz9h">$5.79</span>$5.79</span></p></div><a href="/cheese-spread/p/20659606001_EA?source=nspt" class="chakra-linkbox__overlay css-1hnz6hu"><div class="css-0"><p class="chakra-text css-1ecdp9w" data-testid="product-brand">Kraft</p><h3 class="chakra-heading css-6qrhwc" id="20659606001_EA" data-testid="product-title">Cheese Spread</h3><p class="chakra-text css-1yftjin" data-testid="product-package-size">450 g, $1.29/100g</p></div></a><div class="css-8keand"></div></div><div class="css-1q5omjq"><div class="css-fcebb8"><div data-testid="atc-compact" class="css-y94ivq" style="width: 45px;"><button type="button" class="chakra-button css-mudsm6" data-testid="atc-button"><svg stroke="currentColor" fill="currentColor" stroke-width="0" viewBox="0 0 24 24" focusable="false" class="chakra-icon css-1g3sp7a" data-testid="btn-icon" aria-hidden="true" height="1em" width="1em" xmlns="http://www.w3.org/2000/svg"><path d="M19 13h-6v6h-2v-6H5v-2h6V5h2v6h6v2z"></path></svg><span class="css-idkz9h">Add Cheese Spread to cart</span></button></div></div></div></div></div></div><div class="css-0"><div class="css-f5i5wc"><div class="chakra-linkbox css-vhnn8v"><div data-testid="product-image" class="css-16dr4ly"><img alt="Gay Lea Sour Cream, Regular 14% 250 ml, $1.04/100ml" src="https://assets.shop.loblaws.ca/products/20111087001/b3/en/front/20111087001_front_a06_@2.png" srcset="https://assets.shop.loblaws.ca/products/20111087001/b3/en/front/20111087001_front_a06_@2.png 1x, https://assets.shop.loblaws.ca/products/20111087001/b3/en/front/20111087001_front_a06_@2.png 2x" loading="lazy" class="chakra-image css-oguq8l" aria-hidden="true"></div><div class="css-qoklea"><div class="css-12dchmx"></div><div data-testid="price-product-tile" class="css-8atqhb"><p class="chakra-text css-0"><span class="chakra-text css-pwnbcb" data-testid="regular-price"><span class="css-idkz9h">$2.59</span>$2.59</span></p></div><a href="/sour-cream-regular-14/p/20111087001_EA?source=nspt" class="chakra-linkbox__overlay css-1hnz6hu"><div class="css-0"><p class="chakra-text css-1ecdp9w" data-testid="product-brand">Gay Lea</p><h3 class="chakra-heading css-6qrhwc" id="20111087001_EA" data-testid="product-title">Sour Cream, Regular 14%</h3><p class="chakra-text css-1yftjin" data-testid="product-package-size">250 ml, $1.04/100ml</p></div></a><div class="css-8keand"></div></div><div class="css-1q5omjq"><div class="css-fcebb8"><div data-testid="atc-compact" class="css-y94ivq" style="width: 45px;"><button type="button" class="chakra-button css-mudsm6" data-testid="atc-button"><svg stroke="currentColor" fill="currentColor" stroke-width="0" viewBox="0 0 24 24" focusable="false" class="chakra-icon css-1g3sp7a" data-testid="btn-icon" aria-hidden="true" height="1em" width="1em" xmlns="http://www.w3.org/2000/svg"><path d="M19 13h-6v6h-2v-6H5v-2h6V5h2v6h6v2z"></path></svg><span class="css-idkz9h">Add Sour Cream, Regular 14% to cart</span></button></div></div></div></div></div></div><div class="css-0"><div class="css-f5i5wc"><div class="chakra-linkbox css-vhnn8v"><div data-testid="product-image" class="css-16dr4ly"><img alt="President's Choice Lactose Free 14% M.F. Sour Cream 500 ml, $0.84/100ml" src="https://assets.shop.loblaws.ca/products/20987150/b3/en/front/20987150_front_a06_@2.png" srcset="https://assets.shop.loblaws.ca/products/20987150/b3/en/front/20987150_front_a06_@2.png 1x, https://assets.shop.loblaws.ca/products/20987150/b3/en/front/20987150_front_a06_@2.png 2x" loading="lazy" class="chakra-image css-oguq8l" aria-hidden="true"></div><div class="css-qoklea"><div class="css-12dchmx"></div><div data-testid="price-product-tile" class="css-8atqhb"><p class="chakra-text css-0"><span class="chakra-text css-pwnbcb" data-testid="regular-price"><span class="css-idkz9h">$4.19</span>$4.19</span></p></div><a href="/lactose-free-14-m-f-sour-cream/p/20987150_EA?source=nspt" class="chakra-linkbox__overlay css-1hnz6hu"><div class="css-0"><p class="chakra-text css-1ecdp9w" data-testid="product-brand">President's Choice</p><h3 class="chakra-heading css-6qrhwc" id="20987150_EA" data-testid="product-title">Lactose Free 14% M.F. Sour Cream</h3><p class="chakra-text css-1yftjin" data-testid="product-package-size">500 ml, $0.84/100ml</p></div></a><div class="css-8keand"></div></div><div class="css-1q5omjq"><div class="css-fcebb8"><div data-testid="atc-compact" class="css-y94ivq" style="width: 45px;"><button type="button" class="chakra-button css-mudsm6" data-testid="atc-button"><svg stroke="currentColor" fill="currentColor" stroke-width="0" viewBox="0 0 24 24" focusable="false" class="chakra-icon css-1g3sp7a" data-testid="btn-icon" aria-hidden="true" height="1em" width="1em" xmlns="http://www.w3.org/2000/svg"><path d="M19 13h-6v6h-2v-6H5v-2h6V5h2v6h6v2z"></path></svg><span class="css-idkz9h">Add Lactose Free 14% M.F. Sour Cream to cart</span></button></div></div></div></div></div></div><div class="css-0"><div class="css-f5i5wc"><div class="chakra-linkbox css-vhnn8v"><div data-testid="product-image" class="css-16dr4ly"><img alt="No Name Light 5% M.F. Sour Cream  250 ml, $0.80/100ml" src="https://assets.shop.loblaws.ca/products/20304664/b3/en/front/20304664_front_a06_@2.png" srcset="https://assets.shop.loblaws.ca/products/20304664/b3/en/front/20304664_front_a06_@2.png 1x, https://assets.shop.loblaws.ca/products/20304664/b3/en/front/20304664_front_a06_@2.png 2x" loading="lazy" class="chakra-image css-oguq8l" aria-hidden="true"></div><div class="css-qoklea"><div class="css-12dchmx"></div><div data-testid="price-product-tile" class="css-8atqhb"><p class="chakra-text css-0"><span class="chakra-text css-pwnbcb" data-testid="regular-price"><span class="css-idkz9h">$1.99</span>$1.99</span></p></div><a href="/light-5-m-f-sour-cream/p/20304664_EA?source=nspt" class="chakra-linkbox__overlay css-1hnz6hu"><div class="css-0"><p class="chakra-text css-1ecdp9w" data-testid="product-brand">No Name</p><h3 class="chakra-heading css-6qrhwc" id="20304664_EA" data-testid="product-title">Light 5% M.F. Sour Cream </h3><p class="chakra-text css-1yftjin" data-testid="product-package-size">250 ml, $0.80/100ml</p></div></a><div class="css-8keand"></div></div><div class="css-1q5omjq"><div class="css-fcebb8"><div data-testid="atc-compact" class="css-y94ivq" style="width: 45px;"><button type="button" class="chakra-button css-mudsm6" data-testid="atc-button"><svg stroke="currentColor" fill="currentColor" stroke-width="0" viewBox="0 0 24 24" focusable="false" class="chakra-icon css-1g3sp7a" data-testid="btn-icon" aria-hidden="true" height="1em" width="1em" xmlns="http://www.w3.org/2000/svg"><path d="M19 13h-6v6h-2v-6H5v-2h6V5h2v6h6v2z"></path></svg><span class="css-idkz9h">Add Light 5% M.F. Sour Cream  to cart</span></button></div></div></div></div></div></div><div class="css-0"><div class="css-f5i5wc"><div class="chakra-linkbox css-vhnn8v"><div data-testid="product-image" class="css-16dr4ly"><img alt="Gay Lea Sour Cream, Low Fat 3% 500 ml, $0.64/100ml" src="https://assets.shop.loblaws.ca/products/20317536003/b3/en/front/20317536003_front_a06_@2.png" srcset="https://assets.shop.loblaws.ca/products/20317536003/b3/en/front/20317536003_front_a06_@2.png 1x, https://assets.shop.loblaws.ca/products/20317536003/b3/en/front/20317536003_front_a06_@2.png 2x" loading="lazy" class="chakra-image css-oguq8l" aria-hidden="true"></div><div class="css-qoklea"><div class="css-12dchmx"></div><div data-testid="price-product-tile" class="css-8atqhb"><p class="chakra-text css-0"><span class="chakra-text css-pwnbcb" data-testid="regular-price"><span class="css-idkz9h">$3.19</span>$3.19</span></p></div><a href="/sour-cream-low-fat-3/p/20317536003_EA?source=nspt" class="chakra-linkbox__overlay css-1hnz6hu"><div class="css-0"><p class="chakra-text css-1ecdp9w" data-testid="product-brand">Gay Lea</p><h3 class="chakra-heading css-6qrhwc" id="20317536003_EA" data-testid="product-title">Sour Cream, Low Fat 3%</h3><p class="chakra-text css-1yftjin" data-testid="product-package-size">500 ml, $0.64/100ml</p></div></a><div class="css-8keand"></div></div><div class="css-1q5omjq"><div class="css-fcebb8"><div data-testid="atc-compact" class="css-y94ivq" style="width: 45px;"><button type="button" class="chakra-button css-mudsm6" data-testid="atc-button"><svg stroke="currentColor" fill="currentColor" stroke-width="0" viewBox="0 0 24 24" focusable="false" class="chakra-icon css-1g3sp7a" data-testid="btn-icon" aria-hidden="true" height="1em" width="1em" xmlns="http://www.w3.org/2000/svg"><path d="M19 13h-6v6h-2v-6H5v-2h6V5h2v6h6v2z"></path></svg><span class="css-idkz9h">Add Sour Cream, Low Fat 3% to cart</span></button></div></div></div></div></div></div><div class="css-0"><div class="css-f5i5wc"><div class="chakra-linkbox css-vhnn8v"><div data-testid="product-image" class="css-16dr4ly"><img alt="No Name 1% M.F. Fat Free Sour Cream  500 ml, $0.50/100ml" src="https://assets.shop.loblaws.ca/products/20085165/b3/en/front/20085165_front_a06_@2.png" srcset="https://assets.shop.loblaws.ca/products/20085165/b3/en/front/20085165_front_a06_@2.png 1x, https://assets.shop.loblaws.ca/products/20085165/b3/en/front/20085165_front_a06_@2.png 2x" loading="lazy" class="chakra-image css-oguq8l" aria-hidden="true"></div><div class="css-qoklea"><div class="css-12dchmx"></div><div data-testid="price-product-tile" class="css-8atqhb"><p class="chakra-text css-0"><span class="chakra-text css-pwnbcb" data-testid="regular-price"><span class="css-idkz9h">$2.49</span>$2.49</span></p></div><a href="/1-m-f-fat-free-sour-cream/p/20085165_EA?source=nspt" class="chakra-linkbox__overlay css-1hnz6hu"><div class="css-0"><p class="chakra-text css-1ecdp9w" data-testid="product-brand">No Name</p><h3 class="chakra-heading css-6qrhwc" id="20085165_EA" data-testid="product-title">1% M.F. Fat Free Sour Cream </h3><p class="chakra-text css-1yftjin" data-testid="product-package-size">500 ml, $0.50/100ml</p></div></a><div class="css-8keand"></div></div><div class="css-1q5omjq"><div class="css-fcebb8"><div data-testid="atc-compact" class="css-y94ivq" style="width: 45px;"><button type="button" class="chakra-button css-mudsm6" data-testid="atc-button"><svg stroke="currentColor" fill="currentColor" stroke-width="0" viewBox="0 0 24 24" focusable="false" class="chakra-icon css-1g3sp7a" data-testid="btn-icon" aria-hidden="true" height="1em" width="1em" xmlns="http://www.w3.org/2000/svg"><path d="M19 13h-6v6h-2v-6H5v-2h6V5h2v6h6v2z"></path></svg><span class="css-idkz9h">Add 1% M.F. Fat Free Sour Cream  to cart</span></button></div></div></div></div></div></div><div class="css-0"><div class="css-f5i5wc"><div class="chakra-linkbox css-vhnn8v"><div data-testid="product-image" class="css-16dr4ly"><img alt="Heluva Sour Cream Dip, Dill Pickle 250 g, $1.60/100g" src="https://assets.shop.loblaws.ca/products/20179979001/b3/en/front/20179979001_front_a06_@2.png" srcset="https://assets.shop.loblaws.ca/products/20179979001/b3/en/front/20179979001_front_a06_@2.png 1x, https://assets.shop.loblaws.ca/products/20179979001/b3/en/front/20179979001_front_a06_@2.png 2x" loading="lazy" class="chakra-image css-oguq8l" aria-hidden="true"></div><div class="css-qoklea"><div class="css-12dchmx"></div><div data-testid="price-product-tile" class="css-8atqhb"><p class="chakra-text css-0"><span class="chakra-text css-pwnbcb" data-testid="regular-price"><span class="css-idkz9h">$3.99</span>$3.99</span></p></div><a href="/sour-cream-dip-dill-pickle/p/20179979001_EA?source=nspt" class="chakra-linkbox__overlay css-1hnz6hu"><div class="css-0"><p class="chakra-text css-1ecdp9w" data-testid="product-brand">Heluva</p><h3 class="chakra-heading css-6qrhwc" id="20179979001_EA" data-testid="product-title">Sour Cream Dip, Dill Pickle</h3><p class="chakra-text css-1yftjin" data-testid="product-package-size">250 g, $1.60/100g</p></div></a><div class="css-8keand"></div></div><div class="css-1q5omjq"><div class="css-fcebb8"><div data-testid="atc-compact" class="css-y94ivq" style="width: 45px;"><button type="button" class="chakra-button css-mudsm6" data-testid="atc-button"><svg stroke="currentColor" fill="currentColor" stroke-width="0" viewBox="0 0 24 24" focusable="false" class="chakra-icon css-1g3sp7a" data-testid="btn-icon" aria-hidden="true" height="1em" width="1em" xmlns="http://www.w3.org/2000/svg"><path d="M19 13h-6v6h-2v-6H5v-2h6V5h2v6h6v2z"></path></svg><span class="css-idkz9h">Add Sour Cream Dip, Dill Pickle to cart</span></button></div></div></div></div></div></div><div class="css-0"><div class="css-f5i5wc"><div class="chakra-linkbox css-vhnn8v"><div data-testid="product-image" class="css-16dr4ly"><img alt="President's Choice Plant Based Sour Cream Alternative 340 ml, $0.94/100ml" src="https://assets.shop.loblaws.ca/products/21369455/b3/en/front/21369455_front_a06_@2.png" srcset="https://assets.shop.loblaws.ca/products/21369455/b3/en/front/21369455_front_a06_@2.png 1x, https://assets.shop.loblaws.ca/products/21369455/b3/en/front/21369455_front_a06_@2.png 2x" loading="lazy" class="chakra-image css-oguq8l" aria-hidden="true"></div><div class="css-qoklea"><div class="css-12dchmx"></div><div data-testid="price-product-tile" class="css-8atqhb"><p class="chakra-text css-0"><span class="chakra-text css-pwnbcb" data-testid="regular-price"><span class="css-idkz9h">$3.19</span>$3.19</span></p></div><a href="/plant-based-sour-cream-alternative/p/21369455_EA?source=nspt" class="chakra-linkbox__overlay css-1hnz6hu"><div class="css-0"><p class="chakra-text css-1ecdp9w" data-testid="product-brand">President's Choice</p><h3 class="chakra-heading css-6qrhwc" id="21369455_EA" data-testid="product-title">Plant Based Sour Cream Alternative</h3><p class="chakra-text css-1yftjin" data-testid="product-package-size">340 ml, $0.94/100ml</p></div></a><div class="css-8keand"></div></div><div class="css-1q5omjq"><div class="css-fcebb8"><div data-testid="atc-compact" class="css-y94ivq" style="width: 45px;"><button type="button" class="chakra-button css-mudsm6" data-testid="atc-button"><svg stroke="currentColor" fill="currentColor" stroke-width="0" viewBox="0 0 24 24" focusable="false" class="chakra-icon css-1g3sp7a" data-testid="btn-icon" aria-hidden="true" height="1em" width="1em" xmlns="http://www.w3.org/2000/svg"><path d="M19 13h-6v6h-2v-6H5v-2h6V5h2v6h6v2z"></path></svg><span class="css-idkz9h">Add Plant Based Sour Cream Alternative to cart</span></button></div></div><div class="css-4saf4a"><p class="chakra-text css-py8788" data-testid="inventory-badge-text">Low Stock</p></div></div></div></div></div><div class="css-0"><div class="css-f5i5wc"><div class="chakra-linkbox css-vhnn8v"><div data-testid="product-image" class="css-16dr4ly"><img alt="Heluva Jalapeno Cheddar Dip 250 g, $1.60/100g" src="https://assets.shop.loblaws.ca/products/20305052001/b3/en/front/20305052001_front_a06_@2.png" srcset="https://assets.shop.loblaws.ca/products/20305052001/b3/en/front/20305052001_front_a06_@2.png 1x, https://assets.shop.loblaws.ca/products/20305052001/b3/en/front/20305052001_front_a06_@2.png 2x" loading="lazy" class="chakra-image css-oguq8l" aria-hidden="true"></div><div class="css-qoklea"><div class="css-12dchmx"></div><div data-testid="price-product-tile" class="css-8atqhb"><p class="chakra-text css-0"><span class="chakra-text css-pwnbcb" data-testid="regular-price"><span class="css-idkz9h">$3.99</span>$3.99</span></p></div><a href="/jalapeno-cheddar-dip/p/20305052001_EA?source=nspt" class="chakra-linkbox__overlay css-1hnz6hu"><div class="css-0"><p class="chakra-text css-1ecdp9w" data-testid="product-brand">Heluva</p><h3 class="chakra-heading css-6qrhwc" id="20305052001_EA" data-testid="product-title">Jalapeno Cheddar Dip</h3><p class="chakra-text css-1yftjin" data-testid="product-package-size">250 g, $1.60/100g</p></div></a><div class="css-8keand"></div></div><div class="css-1q5omjq"><div class="css-fcebb8"><div data-testid="atc-compact" class="css-y94ivq" style="width: 45px;"><button type="button" class="chakra-button css-mudsm6" data-testid="atc-button"><svg stroke="currentColor" fill="currentColor" stroke-width="0" viewBox="0 0 24 24" focusable="false" class="chakra-icon css-1g3sp7a" data-testid="btn-icon" aria-hidden="true" height="1em" width="1em" xmlns="http://www.w3.org/2000/svg"><path d="M19 13h-6v6h-2v-6H5v-2h6V5h2v6h6v2z"></path></svg><span class="css-idkz9h">Add Jalapeno Cheddar Dip to cart</span></button></div></div></div></div></div></div><div class="css-0"><div class="css-f5i5wc"><div class="chakra-linkbox css-vhnn8v"><div data-testid="product-image" class="css-16dr4ly"><img alt="Philadelphia French Onion Dip 227 g, $1.98/100g" src="https://assets.shop.loblaws.ca/products/20745040/b3/en/front/20745040_front_a06_@2.png" srcset="https://assets.shop.loblaws.ca/products/20745040/b3/en/front/20745040_front_a06_@2.png 1x, https://assets.shop.loblaws.ca/products/20745040/b3/en/front/20745040_front_a06_@2.png 2x" loading="lazy" class="chakra-image css-oguq8l" aria-hidden="true"></div><div class="css-qoklea"><div class="css-12dchmx"></div><div data-testid="price-product-tile" class="css-8atqhb"><p class="chakra-text css-0"><span class="chakra-text css-pwnbcb" data-testid="regular-price"><span class="css-idkz9h">$4.49</span>$4.49</span></p></div><a href="/french-onion-dip/p/20745040_EA?source=nspt" class="chakra-linkbox__overlay css-1hnz6hu"><div class="css-0"><p class="chakra-text css-1ecdp9w" data-testid="product-brand">Philadelphia</p><h3 class="chakra-heading css-6qrhwc" id="20745040_EA" data-testid="product-title">French Onion Dip</h3><p class="chakra-text css-1yftjin" data-testid="product-package-size">227 g, $1.98/100g</p></div></a><div class="css-8keand"></div></div><div class="css-1q5omjq"><div class="css-fcebb8"><div data-testid="atc-compact" class="css-y94ivq" style="width: 45px;"><button type="button" class="chakra-button css-mudsm6" data-testid="atc-button"><svg stroke="currentColor" fill="currentColor" stroke-width="0" viewBox="0 0 24 24" focusable="false" class="chakra-icon css-1g3sp7a" data-testid="btn-icon" aria-hidden="true" height="1em" width="1em" xmlns="http://www.w3.org/2000/svg"><path d="M19 13h-6v6h-2v-6H5v-2h6V5h2v6h6v2z"></path></svg><span class="css-idkz9h">Add French Onion Dip to cart</span></button></div></div></div></div></div></div><div class="css-0"><div class="css-f5i5wc"><div class="chakra-linkbox css-vhnn8v"><div data-testid="product-image" class="css-16dr4ly"><img alt="Heluva Caramelized Onion Dip 250 g, $1.60/100g" src="https://assets.shop.loblaws.ca/products/20872654/b3/en/front/20872654_front_a06_@2.png" srcset="https://assets.shop.loblaws.ca/products/20872654/b3/en/front/20872654_front_a06_@2.png 1x, https://assets.shop.loblaws.ca/products/20872654/b3/en/front/20872654_front_a06_@2.png 2x" loading="lazy" class="chakra-image css-oguq8l" aria-hidden="true"></div><div class="css-qoklea"><div class="css-12dchmx"></div><div data-testid="price-product-tile" class="css-8atqhb"><p class="chakra-text css-0"><span class="chakra-text css-pwnbcb" data-testid="regular-price"><span class="css-idkz9h">$3.99</span>$3.99</span></p></div><a href="/caramelized-onion-dip/p/20872654_EA?source=nspt" class="chakra-linkbox__overlay css-1hnz6hu"><div class="css-0"><p class="chakra-text css-1ecdp9w" data-testid="product-brand">Heluva</p><h3 class="chakra-heading css-6qrhwc" id="20872654_EA" data-testid="product-title">Caramelized Onion Dip</h3><p class="chakra-text css-1yftjin" data-testid="product-package-size">250 g, $1.60/100g</p></div></a><div class="css-8keand"></div></div><div class="css-1q5omjq"><div class="css-fcebb8"><div data-testid="atc-compact" class="css-y94ivq" style="width: 45px;"><button type="button" class="chakra-button css-mudsm6" data-testid="atc-button"><svg stroke="currentColor" fill="currentColor" stroke-width="0" viewBox="0 0 24 24" focusable="false" class="chakra-icon css-1g3sp7a" data-testid="btn-icon" aria-hidden="true" height="1em" width="1em" xmlns="http://www.w3.org/2000/svg"><path d="M19 13h-6v6h-2v-6H5v-2h6V5h2v6h6v2z"></path></svg><span class="css-idkz9h">Add Caramelized Onion Dip to cart</span></button></div></div></div></div></div></div><div class="css-0"><div class="css-f5i5wc"><div class="chakra-linkbox css-vhnn8v"><div data-testid="product-image" class="css-16dr4ly"><img alt="No Name French Onion Sour Cream Dip  250 g, $1.20/100g" src="https://assets.shop.loblaws.ca/products/20801166/b3/en/front/20801166_front_a06_@2.png" srcset="https://assets.shop.loblaws.ca/products/20801166/b3/en/front/20801166_front_a06_@2.png 1x, https://assets.shop.loblaws.ca/products/20801166/b3/en/front/20801166_front_a06_@2.png 2x" loading="lazy" class="chakra-image css-oguq8l" aria-hidden="true"></div><div class="css-qoklea"><div class="css-12dchmx"></div><div data-testid="price-product-tile" class="css-8atqhb"><p class="chakra-text css-0"><span class="chakra-text css-pwnbcb" data-testid="regular-price"><span class="css-idkz9h">$2.99</span>$2.99</span></p></div><a href="/french-onion-sour-cream-dip/p/20801166_EA?source=nspt" class="chakra-linkbox__overlay css-1hnz6hu"><div class="css-0"><p class="chakra-text css-1ecdp9w" data-testid="product-brand">No Name</p><h3 class="chakra-heading css-6qrhwc" id="20801166_EA" data-testid="product-title">French Onion Sour Cream Dip </h3><p class="chakra-text css-1yftjin" data-testid="product-package-size">250 g, $1.20/100g</p></div></a><div class="css-8keand"></div></div><div class="css-1q5omjq"><div class="css-fcebb8"><div data-testid="atc-compact" class="css-y94ivq" style="width: 45px;"><button type="button" class="chakra-button css-mudsm6" data-testid="atc-button"><svg stroke="currentColor" fill="currentColor" stroke-width="0" viewBox="0 0 24 24" focusable="false" class="chakra-icon css-1g3sp7a" data-testid="btn-icon" aria-hidden="true" height="1em" width="1em" xmlns="http://www.w3.org/2000/svg"><path d="M19 13h-6v6h-2v-6H5v-2h6V5h2v6h6v2z"></path></svg><span class="css-idkz9h">Add French Onion Sour Cream Dip  to cart</span></button></div></div></div></div></div></div><div class="css-0"><div class="css-f5i5wc"><div class="chakra-linkbox css-vhnn8v"><div data-testid="product-image" class="css-16dr4ly"><img alt="Philadelphia Onion Dip 340 g, $2.20/100g" src="https://assets.shop.loblaws.ca/products/20866839001/b3/en/front/20866839001_front_a06_@2.png" srcset="https://assets.shop.loblaws.ca/products/20866839001/b3/en/front/20866839001_front_a06_@2.png 1x, https://assets.shop.loblaws.ca/products/20866839001/b3/en/front/20866839001_front_a06_@2.png 2x" loading="lazy" class="chakra-image css-oguq8l" aria-hidden="true"></div><div class="css-qoklea"><div class="css-12dchmx"></div><div data-testid="price-product-tile" class="css-8atqhb"><p class="chakra-text css-0"><span class="chakra-text css-pwnbcb" data-testid="regular-price"><span class="css-idkz9h">$7.49</span>$7.49</span></p></div><a href="/onion-dip/p/20866839001_EA?source=nspt" class="chakra-linkbox__overlay css-1hnz6hu"><div class="css-0"><p class="chakra-text css-1ecdp9w" data-testid="product-brand">Philadelphia</p><h3 class="chakra-heading css-6qrhwc" id="20866839001_EA" data-testid="product-title">Onion Dip</h3><p class="chakra-text css-1yftjin" data-testid="product-package-size">340 g, $2.20/100g</p></div></a><div class="css-8keand"></div></div><div class="css-1q5omjq"><div class="css-fcebb8"><div data-testid="atc-compact" class="css-y94ivq" style="width: 45px;"><button type="button" class="chakra-button css-mudsm6" data-testid="atc-button"><svg stroke="currentColor" fill="currentColor" stroke-width="0" viewBox="0 0 24 24" focusable="false" class="chakra-icon css-1g3sp7a" data-testid="btn-icon" aria-hidden="true" height="1em" width="1em" xmlns="http://www.w3.org/2000/svg"><path d="M19 13h-6v6h-2v-6H5v-2h6V5h2v6h6v2z"></path></svg><span class="css-idkz9h">Add Onion Dip to cart</span></button></div></div><div class="css-4saf4a"><p class="chakra-text css-py8788" data-testid="inventory-badge-text">Low Stock</p></div></div></div></div></div><div class="css-0"><div class="css-f5i5wc"><div class="chakra-linkbox css-vhnn8v"><div data-testid="product-image" class="css-16dr4ly"><img alt="Gay Lea Sour Cream, Fat Free 1% 500 ml, $0.64/100ml" src="https://assets.shop.loblaws.ca/products/20317536002/b3/en/front/20317536002_front_a06_@2.png" srcset="https://assets.shop.loblaws.ca/products/20317536002/b3/en/front/20317536002_front_a06_@2.png 1x, https://assets.shop.loblaws.ca/products/20317536002/b3/en/front/20317536002_front_a06_@2.png 2x" loading="lazy" class="chakra-image css-oguq8l" aria-hidden="true"></div><div class="css-qoklea"><div class="css-12dchmx"></div><div data-testid="price-product-tile" class="css-8atqhb"><p class="chakra-text css-0"><span class="chakra-text css-pwnbcb" data-testid="regular-price"><span class="css-idkz9h">$3.19</span>$3.19</span></p></div><a href="/sour-cream-fat-free-1/p/20317536002_EA?source=nspt" class="chakra-linkbox__overlay css-1hnz6hu"><div class="css-0"><p class="chakra-text css-1ecdp9w" data-testid="product-brand">Gay Lea</p><h3 class="chakra-heading css-6qrhwc" id="20317536002_EA" data-testid="product-title">Sour Cream, Fat Free 1%</h3><p class="chakra-text css-1yftjin" data-testid="product-package-size">500 ml, $0.64/100ml</p></div></a><div class="css-8keand"></div></div><div class="css-1q5omjq"><div class="css-fcebb8"><div data-testid="atc-compact" class="css-y94ivq" style="width: 45px;"><button type="button" class="chakra-button css-mudsm6" data-testid="atc-button"><svg stroke="currentColor" fill="currentColor" stroke-width="0" viewBox="0 0 24 24" focusable="false" class="chakra-icon css-1g3sp7a" data-testid="btn-icon" aria-hidden="true" height="1em" width="1em" xmlns="http://www.w3.org/2000/svg"><path d="M19 13h-6v6h-2v-6H5v-2h6V5h2v6h6v2z"></path></svg><span class="css-idkz9h">Add Sour Cream, Fat Free 1% to cart</span></button></div></div></div></div></div></div><div class="css-0"><div class="css-f5i5wc"><div class="chakra-linkbox css-vhnn8v"><div data-testid="product-image" class="css-16dr4ly"><img alt="Heluva Good! Sour Cream Dip Herb &amp; Spice 250 g, $1.60/100g" src="https://assets.shop.loblaws.ca/products/21096678/b3/en/front/21096678_front_a06_@2.png" srcset="https://assets.shop.loblaws.ca/products/21096678/b3/en/front/21096678_front_a06_@2.png 1x, https://assets.shop.loblaws.ca/products/21096678/b3/en/front/21096678_front_a06_@2.png 2x" loading="lazy" class="chakra-image css-oguq8l" aria-hidden="true"></div><div class="css-qoklea"><div class="css-12dchmx"></div><div data-testid="price-product-tile" class="css-8atqhb"><p class="chakra-text css-0"><span class="chakra-text css-pwnbcb" data-testid="regular-price"><span class="css-idkz9h">$3.99</span>$3.99</span></p></div><a href="/good-sour-cream-dip-herb-spice/p/21096678_EA?source=nspt" class="chakra-linkbox__overlay css-1hnz6hu"><div class="css-0"><p class="chakra-text css-1ecdp9w" data-testid="product-brand">Heluva</p><h3 class="chakra-heading css-6qrhwc" id="21096678_EA" data-testid="product-title">Good! Sour Cream Dip Herb &amp; Spice</h3><p class="chakra-text css-1yftjin" data-testid="product-package-size">250 g, $1.60/100g</p></div></a><div class="css-8keand"></div></div><div class="css-1q5omjq"><div class="css-fcebb8"><div data-testid="atc-compact" class="css-y94ivq" style="width: 45px;"><button type="button" class="chakra-button css-mudsm6" data-testid="atc-button"><svg stroke="currentColor" fill="currentColor" stroke-width="0" viewBox="0 0 24 24" focusable="false" class="chakra-icon css-1g3sp7a" data-testid="btn-icon" aria-hidden="true" height="1em" width="1em" xmlns="http://www.w3.org/2000/svg"><path d="M19 13h-6v6h-2v-6H5v-2h6V5h2v6h6v2z"></path></svg><span class="css-idkz9h">Add Good! Sour Cream Dip Herb &amp; Spice to cart</span></button></div></div></div></div></div></div><div class="css-0"><div class="css-f5i5wc"><div class="chakra-linkbox css-vhnn8v"><div data-testid="product-image" class="css-16dr4ly"><img alt="Philadelphia Dill Pickle Dip 340 g, $2.20/100g" src="https://assets.shop.loblaws.ca/products/20866839002/b3/en/front/20866839002_front_a06_@2.png" srcset="https://assets.shop.loblaws.ca/products/20866839002/b3/en/front/20866839002_front_a06_@2.png 1x, https://assets.shop.loblaws.ca/products/20866839002/b3/en/front/20866839002_front_a06_@2.png 2x" loading="lazy" class="chakra-image css-oguq8l" aria-hidden="true"></div><div class="css-qoklea"><div class="css-12dchmx"></div><div data-testid="price-product-tile" class="css-8atqhb"><p class="chakra-text css-0"><span class="chakra-text css-pwnbcb" data-testid="regular-price"><span class="css-idkz9h">$7.49</span>$7.49</span></p></div><a href="/dill-pickle-dip/p/20866839002_EA?source=nspt" class="chakra-linkbox__overlay css-1hnz6hu"><div class="css-0"><p class="chakra-text css-1ecdp9w" data-testid="product-brand">Philadelphia</p><h3 class="chakra-heading css-6qrhwc" id="20866839002_EA" data-testid="product-title">Dill Pickle Dip</h3><p class="chakra-text css-1yftjin" data-testid="product-package-size">340 g, $2.20/100g</p></div></a><div class="css-8keand"></div></div><div class="css-1q5omjq"><div class="css-fcebb8"><div data-testid="atc-compact" class="css-y94ivq" style="width: 45px;"><button type="button" class="chakra-button css-mudsm6" data-testid="atc-button"><svg stroke="currentColor" fill="currentColor" stroke-width="0" viewBox="0 0 24 24" focusable="false" class="chakra-icon css-1g3sp7a" data-testid="btn-icon" aria-hidden="true" height="1em" width="1em" xmlns="http://www.w3.org/2000/svg"><path d="M19 13h-6v6h-2v-6H5v-2h6V5h2v6h6v2z"></path></svg><span class="css-idkz9h">Add Dill Pickle Dip to cart</span></button></div></div></div></div></div></div></div>