<div data-testid="product-grid" class="css-epcqr3"><div class="css-0"><div class="css-f5i5wc"><div class="chakra-linkbox css-vhnn8v"><div data-testid="product-image" class="css-16dr4ly"><img alt="Earths Own Oat Beverage, Original 1.75 l, $0.26/100ml" src="https://assets.shop.loblaws.ca/products/21037796/b3/en/front/21037796_front_a06_@2.png" srcset="https://assets.shop.loblaws.ca/products/21037796/b3/en/front/21037796_front_a06_@2.png 1x, https://assets.shop.loblaws.ca/products/21037796/b3/en/front/21037796_front_a06_@2.png 2x" loading="lazy" class="chakra-image css-oguq8l" aria-hidden="true"></div><div class="css-qoklea"><div class="css-12dchmx"></div><div data-testid="price-product-tile" class="css-8atqhb"><p class="chakra-text css-0"><span class="chakra-text css-pwnbcb" data-testid="regular-price"><span class="css-idkz9h">$4.49</span>$4.49</span></p></div><a href="/oat-beverage-original/p/21037796_EA?source=nspt" class="chakra-linkbox__overlay css-1hnz6hu"><div class="css-0"><p class="chakra-text css-1ecdp9w" data-testid="product-brand">Earths Own</p><h3 class="chakra-heading css-6qrhwc" id="21037796_EA" data-testid="product-title">Oat Beverage, Original</h3><p class="chakra-text css-1yftjin" data-testid="product-package-size">1.75 l, $0.26/100ml</p></div></a><div class="css-8keand"></div></div><div class="css-1q5omjq"><div class="css-fcebb8"><div data-testid="atc-compact" class="css-y94ivq" style="width: 45px;"><button type="button" class="chakra-button css-mudsm6" data-testid="atc-button"><svg stroke="currentColor" fill="currentColor" stroke-width="0" viewBox="0 0 24 24" focusable="false" class="chakra-icon css-1g3sp7a" data-testid="btn-icon" aria-hidden="true" height="1em" width="1em" xmlns="http://www.w3.org/2000/svg"><path d="M19 13h-6v6h-2v-6H5v-2h6V5h2v6h6v2z"></path></svg><span class="css-idkz9h">Add Oat Beverage, Original to cart</span></button></div></div></div></div></div></div><div class="css-0"><div class="css-f5i5wc"><div class="chakra-linkbox css-vhnn8v"><div data-testid="product-image" class="css-16dr4ly"><img alt="Earths Own Almond Beverage, Unsweetened Original  1.89 l, $0.21/100ml" src="https://assets.shop.loblaws.ca/products/20327647/b3/en/front/20327647_front_a06_@2.png" srcset="https://assets.shop.loblaws.ca/products/20327647/b3/en/front/20327647_front_a06_@2.png 1x, https://assets.shop.loblaws.ca/products/20327647/b3/en/front/20327647_front_a06_@2.png 2x" loading="lazy" class="chakra-image css-oguq8l" aria-hidden="true"></div><div class="css-qoklea"><div class="css-12dchmx"></div><div data-testid="price-product-tile" class="css-8atqhb"><p class="chakra-text css-0"><span class="chakra-text css-pwnbcb" data-testid="regular-price"><span class="css-idkz9h">$4.00</span>$4.00</span></p></div><a href="/almond-beverage-unsweetened-original/p/20327647_EA?source=nspt" class="chakra-linkbox__overlay css-1hnz6hu"><div class="css-0"><p class="chakra-text css-1ecdp9w" data-testid="product-brand">Earths Own</p><h3 class="chakra-heading css-6qrhwc" id="20327647_EA" data-testid="product-title">Almond Beverage, Unsweetened Original </h3><p class="chakra-text css-1yftjin" data-testid="product-package-size">1.89 l, $0.21/100ml</p></div></a><div class="css-8keand"></div></div><div class="css-1q5omjq"><div class="css-fcebb8"><div data-testid="atc-compact" class="css-y94ivq" style="width: 45px;"><button type="button" class="chakra-button css-mudsm6" data-testid="atc-button"><svg stroke="currentColor" fill="currentColor" stroke-width="0" viewBox="0 0 24 24" focusable="false" class="chakra-icon css-1g3sp7a" data-testid="btn-icon" aria-hidden="true" height="1em" width="1em" xmlns="http://www.w3.org/2000/svg"><path d="M19 13h-6v6h-2v-6H5v-2h6V5h2v6h6v2z"></path></svg><span class="css-idkz9h">Add Almond Beverage, Unsweetened Original  to cart</span></button></div></div></div></div></div></div><div class="css-0"><div class="css-f5i5wc"><div class="chakra-linkbox css-vhnn8v"><div data-testid="product-image" class="css-16dr4ly"><img alt="Earths Own  Oat Zero Sugar Beverage, Unsweetened Original 1.75 l, $0.26/100ml" src="https://assets.shop.loblaws.ca/products/21517729/b3/en/front/21517729_front_a06_@2.png" srcset="https://assets.shop.loblaws.ca/products/21517729/b3/en/front/21517729_front_a06_@2.png 1x, https://assets.shop.loblaws.ca/products/21517729/b3/en/front/21517729_front_a06_@2.png 2x" loading="lazy" class="chakra-image css-oguq8l" aria-hidden="true"></div><div class="css-qoklea"><div class="css-12dchmx"></div><div data-testid="price-product-tile" class="css-8atqhb"><p class="chakra-text css-0"><span class="chakra-text css-pwnbcb" data-testid="regular-price"><span class="css-idkz9h">$4.49</span>$4.49</span></p></div><a href="/oat-zero-sugar-beverage-unsweetened-original/p/21517729_EA?source=nspt" class="chakra-linkbox__overlay css-1hnz6hu"><div class="css-0"><p class="chakra-text css-1ecdp9w" data-testid="product-brand">Earths Own</p><h3 class="chakra-heading css-6qrhwc" id="21517729_EA" data-testid="product-title"> Oat Zero Sugar Beverage, Unsweetened Original</h3><p class="chakra-text css-1yftjin" data-testid="product-package-size">1.75 l, $0.26/100ml</p></div></a><div class="css-8keand"></div></div><div class="css-1q5omjq"><div class="css-fcebb8"><div data-testid="atc-compact" class="css-y94ivq" style="width: 45px;"><button type="button" class="chakra-button css-mudsm6" data-testid="atc-button"><svg stroke="currentColor" fill="currentColor" stroke-width="0" viewBox="0 0 24 24" focusable="false" class="chakra-icon css-1g3sp7a" data-testid="btn-icon" aria-hidden="true" height="1em" width="1em" xmlns="http://www.w3.org/2000/svg"><path d="M19 13h-6v6h-2v-6H5v-2h6V5h2v6h6v2z"></path></svg><span class="css-idkz9h">Add  Oat Zero Sugar Beverage, Unsweetened Original to cart</span></button></div></div></div></div></div></div><div class="css-0"><div class="css-f5i5wc"><div class="chakra-linkbox css-vhnn8v"><div data-testid="product-image" class="css-16dr4ly"><img alt="Earths Own Oat Beverage, Vanilla 1.75 l, $0.26/100ml" src="https://assets.shop.loblaws.ca/products/21037799/b3/en/front/21037799_front_a06_@2.png" srcset="https://assets.shop.loblaws.ca/products/21037799/b3/en/front/21037799_front_a06_@2.png 1x, https://assets.shop.loblaws.ca/products/21037799/b3/en/front/21037799_front_a06_@2.png 2x" loading="lazy" class="chakra-image css-oguq8l" aria-hidden="true"></div><div class="css-qoklea"><div class="css-12dchmx"></div><div data-testid="price-product-tile" class="css-8atqhb"><p class="chakra-text css-0"><span class="chakra-text css-pwnbcb" data-testid="regular-price"><span class="css-idkz9h">$4.49</span>$4.49</span></p></div><a href="/oat-beverage-vanilla/p/21037799_EA?source=nspt" class="chakra-linkbox__overlay css-1hnz6hu"><div class="css-0"><p class="chakra-text css-1ecdp9w" data-testid="product-brand">Earths Own</p><h3 class="chakra-heading css-6qrhwc" id="21037799_EA" data-testid="product-title">Oat Beverage, Vanilla</h3><p class="chakra-text css-1yftjin" data-testid="product-package-size">1.75 l, $0.26/100ml</p></div></a><div class="css-8keand"></div></div><div class="css-1q5omjq"><div class="css-fcebb8"><div data-testid="atc-compact" class="css-y94ivq" style="width: 45px;"><button disabled="" type="button" class="chakra-button css-mudsm6" data-testid="atc-button"><svg stroke="currentColor" fill="currentColor" stroke-width="0" viewBox="0 0 24 24" focusable="false" class="chakra-icon css-1g3sp7a" data-testid="btn-icon" aria-hidden="true" height="1em" width="1em" xmlns="http://www.w3.org/2000/svg"><path d="M19 13h-6v6h-2v-6H5v-2h6V5h2v6h6v2z"></path></svg><span class="css-idkz9h">Add Oat Beverage, Vanilla to cart</span></button></div></div><div class="css-4saf4a"><p class="chakra-text css-py8788" data-testid="inventory-badge-text">Out of Stock</p></div></div></div></div></div><div class="css-0"><div class="css-f5i5wc"><div class="chakra-linkbox css-vhnn8v"><div data-testid="product-image" class="css-16dr4ly"><img alt="Earths Own Almond Beverage, Unsweetened Vanilla 1.89 l, $0.21/100ml" src="https://assets.shop.loblaws.ca/products/20913872/b3/en/front/20913872_front_a06_@2.png" srcset="https://assets.shop.loblaws.ca/products/20913872/b3/en/front/20913872_front_a06_@2.png 1x, https://assets.shop.loblaws.ca/products/20913872/b3/en/front/20913872_front_a06_@2.png 2x" loading="lazy" class="chakra-image css-oguq8l" aria-hidden="true"></div><div class="css-qoklea"><div class="css-12dchmx"></div><div data-testid="price-product-tile" class="css-8atqhb"><p class="chakra-text css-0"><span class="chakra-text css-pwnbcb" data-testid="regular-price"><span class="css-idkz9h">$4.00</span>$4.00</span></p></div><a href="/almond-beverage-unsweetened-vanilla/p/20913872_EA?source=nspt" class="chakra-linkbox__overlay css-1hnz6hu"><div class="css-0"><p class="chakra-text css-1ecdp9w" data-testid="product-brand">Earths Own</p><h3 class="chakra-heading css-6qrhwc" id="20913872_EA" data-testid="product-title">Almond Beverage, Unsweetened Vanilla</h3><p class="chakra-text css-1yftjin" data-testid="product-package-size">1.89 l, $0.21/100ml</p></div></a><div class="css-8keand"></div></div><div class="css-1q5omjq"><div class="css-fcebb8"><div data-testid="atc-compact" class="css-y94ivq" style="width: 45px;"><button type="button" class="chakra-button css-mudsm6" data-testid="atc-button"><svg stroke="currentColor" fill="currentColor" stroke-width="0" viewBox="0 0 24 24" focusable="false" class="chakra-icon css-1g3sp7a" data-testid="btn-icon" aria-hidden="true" height="1em" width="1em" xmlns="http://www.w3.org/2000/svg"><path d="M19 13h-6v6h-2v-6H5v-2h6V5h2v6h6v2z"></path></svg><span class="css-idkz9h">Add Almond Beverage, Unsweetened Vanilla to cart</span></button></div></div></div></div></div></div><div class="css-0"><div class="css-f5i5wc"><div class="chakra-linkbox css-vhnn8v"><div data-testid="product-image" class="css-16dr4ly"><img alt="Earths Own Almond Beverage, Original  1.89 l, $0.21/100ml" src="https://assets.shop.loblaws.ca/products/20299698001/b3/en/front/20299698001_front_a06_@2.png" srcset="https://assets.shop.loblaws.ca/products/20299698001/b3/en/front/20299698001_front_a06_@2.png 1x, https://assets.shop.loblaws.ca/products/20299698001/b3/en/front/20299698001_front_a06_@2.png 2x" loading="lazy" class="chakra-image css-oguq8l" aria-hidden="true"></div><div class="css-qoklea"><div class="css-12dchmx"></div><div data-testid="price-product-tile" class="css-8atqhb"><p class="chakra-text css-0"><span class="chakra-text css-pwnbcb" data-testid="regular-price"><span class="css-idkz9h">$4.00</span>$4.00</span></p></div><a href="/almond-beverage-original/p/20299698001_EA?source=nspt" class="chakra-linkbox__overlay css-1hnz6hu"><div class="css-0"><p class="chakra-text css-1ecdp9w" data-testid="product-brand">Earths Own</p><h3 class="chakra-heading css-6qrhwc" id="20299698001_EA" data-testid="product-title">Almond Beverage, Original </h3><p class="chakra-text css-1yftjin" data-testid="product-package-size">1.89 l, $0.21/100ml</p></div></a><div class="css-8keand"></div></div><div class="css-1q5omjq"><div class="css-fcebb8"><div data-testid="atc-compact" class="css-y94ivq" style="width: 45px;"><button disabled="" type="button" class="chakra-button css-mudsm6" data-testid="atc-button"><svg stroke="currentColor" fill="currentColor" stroke-width="0" viewBox="0 0 24 24" focusable="false" class="chakra-icon css-1g3sp7a" data-testid="btn-icon" aria-hidden="true" height="1em" width="1em" xmlns="http://www.w3.org/2000/svg"><path d="M19 13h-6v6h-2v-6H5v-2h6V5h2v6h6v2z"></path></svg><span class="css-idkz9h">Add Almond Beverage, Original  to cart</span></button></div></div><div class="css-4saf4a"><p class="chakra-text css-py8788" data-testid="inventory-badge-text">Out of Stock</p></div></div></div></div></div><div class="css-0"><div class="css-f5i5wc"><div class="chakra-linkbox css-vhnn8v"><div data-testid="product-image" class="css-16dr4ly"><img alt="Earths Own Almond Beverage, Vanilla 1.89 l, $0.21/100ml" src="https://assets.shop.loblaws.ca/products/20299698002/b3/en/front/20299698002_front_a06_@2.png" srcset="https://assets.shop.loblaws.ca/products/20299698002/b3/en/front/20299698002_front_a06_@2.png 1x, https://assets.shop.loblaws.ca/products/20299698002/b3/en/front/20299698002_front_a06_@2.png 2x" loading="lazy" class="chakra-image css-oguq8l" aria-hidden="true"></div><div class="css-qoklea"><div class="css-12dchmx"></div><div data-testid="price-product-tile" class="css-8atqhb"><p class="chakra-text css-0"><span class="chakra-text css-pwnbcb" data-testid="regular-price"><span class="css-idkz9h">$4.00</span>$4.00</span></p></div><a href="/almond-beverage-vanilla/p/20299698002_EA?source=nspt" class="chakra-linkbox__overlay css-1hnz6hu"><div class="css-0"><p class="chakra-text css-1ecdp9w" data-testid="product-brand">Earths Own</p><h3 class="chakra-heading css-6qrhwc" id="20299698002_EA" data-testid="product-title">Almond Beverage, Vanilla</h3><p class="chakra-text css-1yftjin" data-testid="product-package-size">1.89 l, $0.21/100ml</p></div></a><div class="css-8keand"></div></div><div class="css-1q5omjq"><div class="css-fcebb8"><div data-testid="atc-compact" class="css-y94ivq" style="width: 45px;"><button type="button" class="chakra-button css-mudsm6" data-testid="atc-button"><svg stroke="currentColor" fill="currentColor" stroke-width="0" viewBox="0 0 24 24" focusable="false" class="chakra-icon css-1g3sp7a" data-testid="btn-icon" aria-hidden="true" height="1em" width="1em" xmlns="http://www.w3.org/2000/svg"><path d="M19 13h-6v6h-2v-6H5v-2h6V5h2v6h6v2z"></path></svg><span class="css-idkz9h">Add Almond Beverage, Vanilla to cart</span></button></div></div></div></div></div></div><div class="css-0"><div class="css-f5i5wc"><div class="chakra-linkbox css-vhnn8v"><div data-testid="product-image" class="css-16dr4ly"><img alt="Earths Own Oat Beverage, Chocolate 1.75 l, $0.26/100ml" src="https://assets.shop.loblaws.ca/products/21179354/b3/en/front/21179354_front_a06_@2.png" srcset="https://assets.shop.loblaws.ca/products/21179354/b3/en/front/21179354_front_a06_@2.png 1x, https://assets.shop.loblaws.ca/products/21179354/b3/en/front/21179354_front_a06_@2.png 2x" loading="lazy" class="chakra-image css-oguq8l" aria-hidden="true"></div><div class="css-qoklea"><div class="css-12dchmx"></div><div data-testid="price-product-tile" class="css-8atqhb"><p class="chakra-text css-0"><span class="chakra-text css-pwnbcb" data-testid="regular-price"><span class="css-idkz9h">$4.49</span>$4.49</span></p></div><a href="/oat-beverage-chocolate/p/21179354_EA?source=nspt" class="chakra-linkbox__overlay css-1hnz6hu"><div class="css-0"><p class="chakra-text css-1ecdp9w" data-testid="product-brand">Earths Own</p><h3 class="chakra-heading css-6qrhwc" id="21179354_EA" data-testid="product-title">Oat Beverage, Chocolate</h3><p class="chakra-text css-1yftjin" data-testid="product-package-size">1.75 l, $0.26/100ml</p></div></a><div class="css-8keand"></div></div><div class="css-1q5omjq"><div class="css-fcebb8"><div data-testid="atc-compact" class="css-y94ivq" style="width: 45px;"><button type="button" class="chakra-button css-mudsm6" data-testid="atc-button"><svg stroke="currentColor" fill="currentColor" stroke-width="0" viewBox="0 0 24 24" focusable="false" class="chakra-icon css-1g3sp7a" data-testid="btn-icon" aria-hidden="true" height="1em" width="1em" xmlns="http://www.w3.org/2000/svg"><path d="M19 13h-6v6h-2v-6H5v-2h6V5h2v6h6v2z"></path></svg><span class="css-idkz9h">Add Oat Beverage, Chocolate to cart</span></button></div></div></div></div></div></div><div class="css-0"><div class="css-f5i5wc"><div class="chakra-linkbox css-vhnn8v"><div data-testid="product-image" class="css-16dr4ly"><img alt="Silk Organic Soy Beverage, Vanilla Flavour, Dairy-Free 1.89 l, $0.25/100ml" src="https://assets.shop.loblaws.ca/products/20124384002/b3/en/front/20124384002_front_a06_@2.png" srcset="https://assets.shop.loblaws.ca/products/20124384002/b3/en/front/20124384002_front_a06_@2.png 1x, https://assets.shop.loblaws.ca/products/20124384002/b3/en/front/20124384002_front_a06_@2.png 2x" loading="lazy" class="chakra-image css-oguq8l" aria-hidden="true"></div><div class="css-qoklea"><div class="css-12dchmx"></div><div data-testid="price-product-tile" class="css-8atqhb"><p class="chakra-text css-0"><span class="chakra-text css-pwnbcb" data-testid="regular-price"><span class="css-idkz9h">$4.79</span>$4.79</span></p></div><a href="/organic-soy-beverage-vanilla-flavour-dairy-free/p/20124384002_EA?source=nspt" class="chakra-linkbox__overlay css-1hnz6hu"><div class="css-0"><p class="chakra-text css-1ecdp9w" data-testid="product-brand">Silk</p><h3 class="chakra-heading css-6qrhwc" id="20124384002_EA" data-testid="product-title">Organic Soy Beverage, Vanilla Flavour, Dairy-Free</h3><p class="chakra-text css-1yftjin" data-testid="product-package-size">1.89 l, $0.25/100ml</p></div></a><div class="css-8keand"></div></div><div class="css-1q5omjq"><div class="css-fcebb8"><div data-testid="atc-compact" class="css-y94ivq" style="width: 45px;"><button type="button" class="chakra-button css-mudsm6" data-testid="atc-button"><svg stroke="currentColor" fill="currentColor" stroke-width="0" viewBox="0 0 24 24" focusable="false" class="chakra-icon css-1g3sp7a" data-testid="btn-icon" aria-hidden="true" height="1em" width="1em" xmlns="http://www.w3.org/2000/svg"><path d="M19 13h-6v6h-2v-6H5v-2h6V5h2v6h6v2z"></path></svg><span class="css-idkz9h">Add Organic Soy Beverage, Vanilla Flavour, Dairy-Free to cart</span></button></div></div></div></div></div></div><div class="css-0"><div class="css-f5i5wc"><div class="chakra-linkbox css-vhnn8v"><div data-testid="product-image" class="css-16dr4ly"><img alt="Silk Creamy Cashew Beverage, Unsweetened, Vanilla Flavour 1.89 l, $0.25/100ml" src="https://assets.shop.loblaws.ca/products/20914285/b3/en/front/20914285_front_a06_@2.png" srcset="https://assets.shop.loblaws.ca/products/20914285/b3/en/front/20914285_front_a06_@2.png 1x, https://assets.shop.loblaws.ca/products/20914285/b3/en/front/20914285_front_a06_@2.png 2x" loading="lazy" class="chakra-image css-oguq8l" aria-hidden="true"></div><div class="css-qoklea"><div class="css-12dchmx"></div><div data-testid="price-product-tile" class="css-8atqhb"><p class="chakra-text css-0"><span class="chakra-text css-pwnbcb" data-testid="regular-price"><span class="css-idkz9h">$4.79</span>$4.79</span></p></div><a href="/creamy-cashew-beverage-unsweetened-vanilla-flavour/p/20914285_EA?source=nspt" class="chakra-linkbox__overlay css-1hnz6hu"><div class="css-0"><p class="chakra-text css-1ecdp9w" data-testid="product-brand">Silk</p><h3 class="chakra-heading css-6qrhwc" id="20914285_EA" data-testid="product-title">Creamy Cashew Beverage, Unsweetened, Vanilla Flavour</h3><p class="chakra-text css-1yftjin" data-testid="product-package-size">1.89 l, $0.25/100ml</p></div></a><div class="css-8keand"></div></div><div class="css-1q5omjq"><div class="css-fcebb8"><div data-testid="atc-compact" class="css-y94ivq" style="width: 45px;"><button type="button" class="chakra-button css-mudsm6" data-testid="atc-button"><svg stroke="currentColor" fill="currentColor" stroke-width="0" viewBox="0 0 24 24" focusable="false" class="chakra-icon css-1g3sp7a" data-testid="btn-icon" aria-hidden="true" height="1em" width="1em" xmlns="http://www.w3.org/2000/svg"><path d="M19 13h-6v6h-2v-6H5v-2h6V5h2v6h6v2z"></path></svg><span class="css-idkz9h">Add Creamy Cashew Beverage, Unsweetened, Vanilla Flavour to cart</span></button></div></div><div class="css-4saf4a"><p class="chakra-text css-py8788" data-testid="inventory-badge-text">Low Stock</p></div></div></div></div></div><div class="css-0"><div class="css-f5i5wc"><div class="chakra-linkbox css-vhnn8v"><div data-testid="product-image" class="css-16dr4ly"><img alt="Earths Own Almond Beverage, Chocolate 1.89 l, $0.21/100ml" src="https://assets.shop.loblaws.ca/products/20299698003/b3/en/front/20299698003_front_a06_@2.png" srcset="https://assets.shop.loblaws.ca/products/20299698003/b3/en/front/20299698003_front_a06_@2.png 1x, https://assets.shop.loblaws.ca/products/20299698003/b3/en/front/20299698003_front_a06_@2.png 2x" loading="lazy" class="chakra-image css-oguq8l" aria-hidden="true"></div><div class="css-qoklea"><div class="css-12dchmx"></div><div data-testid="price-product-tile" class="css-8atqhb"><p class="chakra-text css-0"><span class="chakra-text css-pwnbcb" data-testid="regular-price"><span class="css-idkz9h">$4.00</span>$4.00</span></p></div><a href="/almond-beverage-chocolate/p/20299698003_EA?source=nspt" class="chakra-linkbox__overlay css-1hnz6hu"><div class="css-0"><p class="chakra-text css-1ecdp9w" data-testid="product-brand">Earths Own</p><h3 class="chakra-heading css-6qrhwc" id="20299698003_EA" data-testid="product-title">Almond Beverage, Chocolate</h3><p class="chakra-text css-1yftjin" data-testid="product-package-size">1.89 l, $0.21/100ml</p></div></a><div class="css-8keand"></div></div><div class="css-1q5omjq"><div class="css-fcebb8"><div data-testid="atc-compact" class="css-y94ivq" style="width: 45px;"><button type="button" class="chakra-button css-mudsm6" data-testid="atc-button"><svg stroke="currentColor" fill="currentColor" stroke-width="0" viewBox="0 0 24 24" focusable="false" class="chakra-icon css-1g3sp7a" data-testid="btn-icon" aria-hidden="true" height="1em" width="1em" xmlns="http://www.w3.org/2000/svg"><path d="M19 13h-6v6h-2v-6H5v-2h6V5h2v6h6v2z"></path></svg><span class="css-idkz9h">Add Almond Beverage, Chocolate to cart</span></button></div></div></div></div></div></div><div class="css-0"><div class="css-f5i5wc"><div class="chakra-linkbox css-vhnn8v"><div data-testid="product-image" class="css-16dr4ly"><img alt="Silk Oat Beverage, Plain, Unsweetened, Dairy-Free, Shelf Stable  946 ml, $0.32/100ml" src="https://assets.shop.loblaws.ca/products/21357595/b3/en/front/21357595_front_a06_@2.png" srcset="https://assets.shop.loblaws.ca/products/21357595/b3/en/front/21357595_front_a06_@2.png 1x, https://assets.shop.loblaws.ca/products/21357595/b3/en/front/21357595_front_a06_@2.png 2x" loading="lazy" class="chakra-image css-oguq8l" aria-hidden="true"></div><div class="css-qoklea"><div class="css-12dchmx"></div><div data-testid="price-product-tile" class="css-8atqhb"><p class="chakra-text css-0"><span class="chakra-text css-pwnbcb" data-testid="regular-price"><span class="css-idkz9h">$2.99</span>$2.99</span></p></div><a href="/oat-beverage-plain-unsweetened-dairy-free-shelf-st/p/21357595_EA?source=nspt" class="chakra-linkbox__overlay css-1hnz6hu"><div class="css-0"><p class="chakra-text css-1ecdp9w" data-testid="product-brand">Silk</p><h3 class="chakra-heading css-6qrhwc" id="21357595_EA" data-testid="product-title">Oat Beverage, Plain, Unsweetened, Dairy-Free, Shelf Stable </h3><p class="chakra-text css-1yftjin" data-testid="product-package-size">946 ml, $0.32/100ml</p></div></a><div class="css-8keand"></div></div><div class="css-1q5omjq"><div class="css-fcebb8"><div data-testid="atc-compact" class="css-y94ivq" style="width: 45px;"><button type="button" class="chakra-button css-mudsm6" data-testid="atc-button"><svg stroke="currentColor" fill="currentColor" stroke-width="0" viewBox="0 0 24 24" focusable="false" class="chakra-icon css-1g3sp7a" data-testid="btn-icon" aria-hidden="true" height="1em" width="1em" xmlns="http://www.w3.org/2000/svg"><path d="M19 13h-6v6h-2v-6H5v-2h6V5h2v6h6v2z"></path></svg><span class="css-idkz9h">Add Oat Beverage, Plain, Unsweetened, Dairy-Free, Shelf Stable  to cart</span></button></div></div></div></div></div></div><div class="css-0"><div class="css-f5i5wc"><div class="chakra-linkbox css-vhnn8v"><div data-testid="product-image" class="css-16dr4ly"><img alt="Silk NextMilk Whole Plant-Based Beverage 1.74 l, $0.28/100ml" src="https://assets.shop.loblaws.ca/products/21518871/b3/en/front/21518871_front_a06_@2.png" srcset="https://assets.shop.loblaws.ca/products/21518871/b3/en/front/21518871_front_a06_@2.png 1x, https://assets.shop.loblaws.ca/products/21518871/b3/en/front/21518871_front_a06_@2.png 2x" loading="lazy" class="chakra-image css-oguq8l" aria-hidden="true"></div><div class="css-qoklea"><div class="css-12dchmx"></div><div data-testid="price-product-tile" class="css-8atqhb"><p class="chakra-text css-0"><span class="chakra-text css-pwnbcb" data-testid="regular-price"><span class="css-idkz9h">$4.79</span>$4.79</span></p></div><a href="/nextmilk-whole-plant-based-beverage/p/21518871_EA?source=nspt" class="chakra-linkbox__overlay css-1hnz6hu"><div class="css-0"><p class="chakra-text css-1ecdp9w" data-testid="product-brand">Silk</p><h3 class="chakra-heading css-6qrhwc" id="21518871_EA" data-testid="product-title">NextMilk Whole Plant-Based Beverage</h3><p class="chakra-text css-1yftjin" data-testid="product-package-size">1.74 l, $0.28/100ml</p></div></a><div class="css-8keand"></div></div><div class="css-1q5omjq"><div class="css-fcebb8"><div data-testid="atc-compact" class="css-y94ivq" style="width: 45px;"><button type="button" class="chakra-button css-mudsm6" data-testid="atc-button"><svg stroke="currentColor" fill="currentColor" stroke-width="0" viewBox="0 0 24 24" focusable="false" class="chakra-icon css-1g3sp7a" data-testid="btn-icon" aria-hidden="true" height="1em" width="1em" xmlns="http://www.w3.org/2000/svg"><path d="M19 13h-6v6h-2v-6H5v-2h6V5h2v6h6v2z"></path></svg><span class="css-idkz9h">Add NextMilk Whole Plant-Based Beverage to cart</span></button></div></div><div class="css-4saf4a"><p class="chakra-text css-py8788" data-testid="inventory-badge-text">Low Stock</p></div></div></div></div></div><div class="css-0"><div class="css-f5i5wc"><div class="chakra-linkbox css-vhnn8v"><div data-testid="product-image" class="css-16dr4ly"><img alt="Silk Oat Beverage, Vanilla, Unsweetened, Dairy-Free, Shelf Stable 946 ml, $0.32/100ml" src="https://assets.shop.loblaws.ca/products/21357596/b3/en/front/21357596_front_a06_@2.png" srcset="https://assets.shop.loblaws.ca/products/21357596/b3/en/front/21357596_front_a06_@2.png 1x, https://assets.shop.loblaws.ca/products/21357596/b3/en/front/21357596_front_a06_@2.png 2x" loading="lazy" class="chakra-image css-oguq8l" aria-hidden="true"></div><div class="css-qoklea"><div class="css-12dchmx"></div><div data-testid="price-product-tile" class="css-8atqhb"><p class="chakra-text css-0"><span class="chakra-text css-pwnbcb" data-testid="regular-price"><span class="css-idkz9h">$2.99</span>$2.99</span></p></div><a href="/oat-beverage-vanilla-unsweetened-dairy-free-shelf/p/21357596_EA?source=nspt" class="chakra-linkbox__overlay css-1hnz6hu"><div class="css-0"><p class="chakra-text css-1ecdp9w" data-testid="product-brand">Silk</p><h3 class="chakra-heading css-6qrhwc" id="21357596_EA" data-testid="product-title">Oat Beverage, Vanilla, Unsweetened, Dairy-Free, Shelf Stable</h3><p class="chakra-text css-1yftjin" data-testid="product-package-size">946 ml, $0.32/100ml</p></div></a><div class="css-8keand"></div></div><div class="css-1q5omjq"><div class="css-fcebb8"><div data-testid="atc-compact" class="css-y94ivq" style="width: 45px;"><button type="button" class="chakra-button css-mudsm6" data-testid="atc-button"><svg stroke="currentColor" fill="currentColor" stroke-width="0" viewBox="0 0 24 24" focusable="false" class="chakra-icon css-1g3sp7a" data-testid="btn-icon" aria-hidden="true" height="1em" width="1em" xmlns="http://www.w3.org/2000/svg"><path d="M19 13h-6v6h-2v-6H5v-2h6V5h2v6h6v2z"></path></svg><span class="css-idkz9h">Add Oat Beverage, Vanilla, Unsweetened, Dairy-Free, Shelf Stable to cart</span></button></div></div></div></div></div></div><div class="css-0"><div class="css-f5i5wc"><div class="chakra-linkbox css-vhnn8v"><div data-testid="product-image" class="css-16dr4ly"><img alt="Earths Own Fortified Gluten-Free Oat Beverage Zero Sugar Unsweetened Vanilla 1.75 l, $0.26/100ml" src="https://assets.shop.loblaws.ca/products/21546544/b3/en/front/21546544_front_a06_@2.png" srcset="https://assets.shop.loblaws.ca/products/21546544/b3/en/front/21546544_front_a06_@2.png 1x, https://assets.shop.loblaws.ca/products/21546544/b3/en/front/21546544_front_a06_@2.png 2x" loading="lazy" class="chakra-image css-oguq8l" aria-hidden="true"></div><div class="css-qoklea"><div class="css-12dchmx"></div><div data-testid="price-product-tile" class="css-8atqhb"><p class="chakra-text css-0"><span class="chakra-text css-pwnbcb" data-testid="regular-price"><span class="css-idkz9h">$4.49</span>$4.49</span></p></div><a href="/fortified-gluten-free-oat-beverage-zero-sugar-unsw/p/21546544_EA?source=nspt" class="chakra-linkbox__overlay css-1hnz6hu"><div class="css-0"><p class="chakra-text css-1ecdp9w" data-testid="product-brand">Earths Own</p><h3 class="chakra-heading css-6qrhwc" id="21546544_EA" data-testid="product-title">Fortified Gluten-Free Oat Beverage Zero Sugar Unsweetened Vanilla</h3><p class="chakra-text css-1yftjin" data-testid="product-package-size">1.75 l, $0.26/100ml</p></div></a><div class="css-8keand"></div></div><div class="css-1q5omjq"><div class="css-fcebb8"><div data-testid="atc-compact" class="css-y94ivq" style="width: 45px;"><button type="button" class="chakra-button css-mudsm6" data-testid="atc-button"><svg stroke="currentColor" fill="currentColor" stroke-width="0" viewBox="0 0 24 24" focusable="false" class="chakra-icon css-1g3sp7a" data-testid="btn-icon" aria-hidden="true" height="1em" width="1em" xmlns="http://www.w3.org/2000/svg"><path d="M19 13h-6v6h-2v-6H5v-2h6V5h2v6h6v2z"></path></svg><span class="css-idkz9h">Add Fortified Gluten-Free Oat Beverage Zero Sugar Unsweetened Vanilla to cart</span></button></div></div></div></div></div></div><div class="css-0"><div class="css-f5i5wc"><div class="chakra-linkbox css-vhnn8v"><div data-testid="product-image" class="css-16dr4ly"><img alt="Silk Soy Beverage, Chocolate Flavour, Dairy-Free 1.89 l, $0.25/100ml" src="https://assets.shop.loblaws.ca/products/20124384003/b3/en/front/20124384003_front_a06_@2.png" srcset="https://assets.shop.loblaws.ca/products/20124384003/b3/en/front/20124384003_front_a06_@2.png 1x, https://assets.shop.loblaws.ca/products/20124384003/b3/en/front/20124384003_front_a06_@2.png 2x" loading="lazy" class="chakra-image css-oguq8l" aria-hidden="true"></div><div class="css-qoklea"><div class="css-12dchmx"></div><div data-testid="price-product-tile" class="css-8atqhb"><p class="chakra-text css-0"><span class="chakra-text css-pwnbcb" data-testid="regular-price"><span class="css-idkz9h">$4.79</span>$4.79</span></p></div><a href="/soy-beverage-chocolate-flavour-dairy-free/p/20124384003_EA?source=nspt" class="chakra-linkbox__overlay css-1hnz6hu"><div class="css-0"><p class="chakra-text css-1ecdp9w" data-testid="product-brand">Silk</p><h3 class="chakra-heading css-6qrhwc" id="20124384003_EA" data-testid="product-title">Soy Beverage, Chocolate Flavour, Dairy-Free</h3><p class="chakra-text css-1yftjin" data-testid="product-package-size">1.89 l, $0.25/100ml</p></div></a><div class="css-8keand"></div></div><div class="css-1q5omjq"><div class="css-fcebb8"><div data-testid="atc-compact" class="css-y94ivq" style="width: 45px;"><button type="button" class="chakra-button css-mudsm6" data-testid="atc-button"><svg stroke="currentColor" fill="currentColor" stroke-width="0" viewBox="0 0 24 24" focusable="false" class="chakra-icon css-1g3sp7a" data-testid="btn-icon" aria-hidden="true" height="1em" width="1em" xmlns="http://www.w3.org/2000/svg"><path d="M19 13h-6v6h-2v-6H5v-2h6V5h2v6h6v2z"></path></svg><span class="css-idkz9h">Add Soy Beverage, Chocolate Flavour, Dairy-Free to cart</span></button></div></div></div></div></div></div></div>