<div data-testid="product-grid" class="css-epcqr3"><div class="css-0"><div class="css-f5i5wc"><div class="chakra-linkbox css-vhnn8v"><div data-testid="product-image" class="css-16dr4ly"><img alt="Zevia Zero Sugar Soda, Creamy Root Beer 6x355.0 ml, $0.30/100ml" src="https://assets.shop.loblaws.ca/products/21407494/b3/en/front/21407494_front_a06_@2.png" srcset="https://assets.shop.loblaws.ca/products/21407494/b3/en/front/21407494_front_a06_@2.png 1x, https://assets.shop.loblaws.ca/products/21407494/b3/en/front/21407494_front_a06_@2.png 2x" loading="lazy" class="chakra-image css-oguq8l" aria-hidden="true"></div><div class="css-qoklea"><div class="css-12dchmx"></div><div data-testid="price-product-tile" class="css-8atqhb"><p class="chakra-text css-0"><span class="chakra-text css-o93gbd" data-testid="sale-price"><span class="css-idkz9h">$6.29</span>$6.29</span><span class="chakra-text css-623q5h" data-testid="was-price"><span class="css-idkz9h">$6.99</span>$6.99</span></p><p class="chakra-text css-1m5a6y8" data-testid="price-descriptor">SAVE $0.70</p></div><a href="/zero-sugar-soda-creamy-root-beer/p/21407494_C06?source=nspt" class="chakra-linkbox__overlay css-1hnz6hu"><div class="css-0"><p class="chakra-text css-1ecdp9w" data-testid="product-brand">Zevia</p><h3 class="chakra-heading css-6qrhwc" id="21407494_C06" data-testid="product-title">Zero Sugar Soda, Creamy Root Beer</h3><p class="chakra-text css-1yftjin" data-testid="product-package-size">6x355.0 ml, $0.30/100ml</p></div></a><div class="css-8keand"></div></div><div class="css-1q5omjq"><div class="css-fcebb8"><div data-testid="atc-compact" class="css-y94ivq" style="width: 45px;"><button type="button" class="chakra-button css-mudsm6" data-testid="atc-button"><svg stroke="currentColor" fill="currentColor" stroke-width="0" viewBox="0 0 24 24" focusable="false" class="chakra-icon css-1g3sp7a" data-testid="btn-icon" aria-hidden="true" height="1em" width="1em" xmlns="http://www.w3.org/2000/svg"><path d="M19 13h-6v6h-2v-6H5v-2h6V5h2v6h6v2z"></path></svg><span class="css-idkz9h">Add Zero Sugar Soda, Creamy Root Beer to cart</span></button></div></div></div></div></div></div><div class="css-0"><div class="css-f5i5wc"><div class="chakra-linkbox css-vhnn8v"><div data-testid="product-image" class="css-16dr4ly"><img alt="Poppi Soda Strawberry Lemon 355 ml, $0.93/100ml" src="https://assets.shop.loblaws.ca/products/21564543/b3/en/front/21564543_front_a06_@2.png" srcset="https://assets.shop.loblaws.ca/products/21564543/b3/en/front/21564543_front_a06_@2.png 1x, https://assets.shop.loblaws.ca/products/21564543/b3/en/front/21564543_front_a06_@2.png 2x" loading="lazy" class="chakra-image css-oguq8l" aria-hidden="true"></div><div class="css-qoklea"><div class="css-12dchmx"></div><div data-testid="price-product-tile" class="css-8atqhb"><p class="chakra-text css-0"><span class="chakra-text css-pwnbcb" data-testid="regular-price"><span class="css-idkz9h">$3.29</span>$3.29</span></p></div><a href="/soda-strawberry-lemon/p/21564543_EA?source=nspt" class="chakra-linkbox__overlay css-1hnz6hu"><div class="css-0"><p class="chakra-text css-1ecdp9w" data-testid="product-brand">Poppi</p><h3 class="chakra-heading css-6qrhwc" id="21564543_EA" data-testid="product-title">Soda Strawberry Lemon</h3><p class="chakra-text css-1yftjin" data-testid="product-package-size">355 ml, $0.93/100ml</p></div></a><div class="css-8keand"></div></div><div class="css-1q5omjq"><div class="css-fcebb8"><div data-testid="atc-compact" class="css-y94ivq" style="width: 45px;"><button type="button" class="chakra-button css-mudsm6" data-testid="atc-button"><svg stroke="currentColor" fill="currentColor" stroke-width="0" viewBox="0 0 24 24" focusable="false" class="chakra-icon css-1g3sp7a" data-testid="btn-icon" aria-hidden="true" height="1em" width="1em" xmlns="http://www.w3.org/2000/svg"><path d="M19 13h-6v6h-2v-6H5v-2h6V5h2v6h6v2z"></path></svg><span class="css-idkz9h">Add Soda Strawberry Lemon to cart</span></button></div></div></div></div></div></div><div class="css-0"><div class="css-f5i5wc"><div class="chakra-linkbox css-vhnn8v"><div data-testid="product-image" class="css-16dr4ly"><img alt="Remedy Kombucha, Raspberry Lemonade 4x330.0 ml, $0.53/100ml" src="https://assets.shop.loblaws.ca/products/21425921/b3/en/front/21425921_front_a06_@2.png" srcset="https://assets.shop.loblaws.ca/products/21425921/b3/en/front/21425921_front_a06_@2.png 1x, https://assets.shop.loblaws.ca/products/21425921/b3/en/front/21425921_front_a06_@2.png 2x" loading="lazy" class="chakra-image css-oguq8l" aria-hidden="true"></div><div class="css-qoklea"><div class="css-12dchmx"></div><div data-testid="price-product-tile" class="css-8atqhb"><p class="chakra-text css-0"><span class="chakra-text css-o93gbd" data-testid="sale-price"><span class="css-idkz9h">$6.99</span>$6.99</span><span class="chakra-text css-623q5h" data-testid="was-price"><span class="css-idkz9h">$8.49</span>$8.49</span></p><p class="chakra-text css-1m5a6y8" data-testid="price-descriptor">SAVE $1.50</p></div><a href="/kombucha-raspberry-lemonade/p/21425921_C04?source=nspt" class="chakra-linkbox__overlay css-1hnz6hu"><div class="css-0"><p class="chakra-text css-1ecdp9w" data-testid="product-brand">Remedy</p><h3 class="chakra-heading css-6qrhwc" id="21425921_C04" data-testid="product-title">Kombucha, Raspberry Lemonade</h3><p class="chakra-text css-1yftjin" data-testid="product-package-size">4x330.0 ml, $0.53/100ml</p></div></a><div class="css-8keand"></div></div><div class="css-1q5omjq"><div class="css-fcebb8"><div data-testid="atc-compact" class="css-y94ivq" style="width: 45px;"><button type="button" class="chakra-button css-mudsm6" data-testid="atc-button"><svg stroke="currentColor" fill="currentColor" stroke-width="0" viewBox="0 0 24 24" focusable="false" class="chakra-icon css-1g3sp7a" data-testid="btn-icon" aria-hidden="true" height="1em" width="1em" xmlns="http://www.w3.org/2000/svg"><path d="M19 13h-6v6h-2v-6H5v-2h6V5h2v6h6v2z"></path></svg><span class="css-idkz9h">Add Kombucha, Raspberry Lemonade to cart</span></button></div></div></div></div></div></div><div class="css-0"><div class="css-f5i5wc"><div class="chakra-linkbox css-vhnn8v"><div data-testid="product-image" class="css-16dr4ly"><img alt="Remedy Kombucha, Wild Berry 4x330.0 ml, $0.53/100ml" src="https://assets.shop.loblaws.ca/products/21428760/b3/en/front/21428760_front_a06_@2.png" srcset="https://assets.shop.loblaws.ca/products/21428760/b3/en/front/21428760_front_a06_@2.png 1x, https://assets.shop.loblaws.ca/products/21428760/b3/en/front/21428760_front_a06_@2.png 2x" loading="lazy" class="chakra-image css-oguq8l" aria-hidden="true"></div><div class="css-qoklea"><div class="css-12dchmx"></div><div data-testid="price-product-tile" class="css-8atqhb"><p class="chakra-text css-0"><span class="chakra-text css-o93gbd" data-testid="sale-price"><span class="css-idkz9h">$6.99</span>$6.99</span><span class="chakra-text css-623q5h" data-testid="was-price"><span class="css-idkz9h">$8.49</span>$8.49</span></p><p class="chakra-text css-1m5a6y8" data-testid="price-descriptor">SAVE $1.50</p></div><a href="/kombucha-wild-berry/p/21428760_C04?source=nspt" class="chakra-linkbox__overlay css-1hnz6hu"><div class="css-0"><p class="chakra-text css-1ecdp9w" data-testid="product-brand">Remedy</p><h3 class="chakra-heading css-6qrhwc" id="21428760_C04" data-testid="product-title">Kombucha, Wild Berry</h3><p class="chakra-text css-1yftjin" data-testid="product-package-size">4x330.0 ml, $0.53/100ml</p></div></a><div class="css-8keand"></div></div><div class="css-1q5omjq"><div class="css-fcebb8"><div data-testid="atc-compact" class="css-y94ivq" style="width: 45px;"><button type="button" class="chakra-button css-mudsm6" data-testid="atc-button"><svg stroke="currentColor" fill="currentColor" stroke-width="0" viewBox="0 0 24 24" focusable="false" class="chakra-icon css-1g3sp7a" data-testid="btn-icon" aria-hidden="true" height="1em" width="1em" xmlns="http://www.w3.org/2000/svg"><path d="M19 13h-6v6h-2v-6H5v-2h6V5h2v6h6v2z"></path></svg><span class="css-idkz9h">Add Kombucha, Wild Berry to cart</span></button></div></div></div></div></div></div><div class="css-0"><div class="css-f5i5wc"><div class="chakra-linkbox css-vhnn8v"><div data-testid="product-image" class="css-16dr4ly"><img alt="Poppi Soda Doc Pop 355 ml, $0.93/100ml" src="https://assets.shop.loblaws.ca/products/21564652/b3/en/front/21564652_front_a06_@2.png" srcset="https://assets.shop.loblaws.ca/products/21564652/b3/en/front/21564652_front_a06_@2.png 1x, https://assets.shop.loblaws.ca/products/21564652/b3/en/front/21564652_front_a06_@2.png 2x" loading="lazy" class="chakra-image css-oguq8l" aria-hidden="true"></div><div class="css-qoklea"><div class="css-12dchmx"></div><div data-testid="price-product-tile" class="css-8atqhb"><p class="chakra-text css-0"><span class="chakra-text css-pwnbcb" data-testid="regular-price"><span class="css-idkz9h">$3.29</span>$3.29</span></p></div><a href="/soda-doc-pop/p/21564652_EA?source=nspt" class="chakra-linkbox__overlay css-1hnz6hu"><div class="css-0"><p class="chakra-text css-1ecdp9w" data-testid="product-brand">Poppi</p><h3 class="chakra-heading css-6qrhwc" id="21564652_EA" data-testid="product-title">Soda Doc Pop</h3><p class="chakra-text css-1yftjin" data-testid="product-package-size">355 ml, $0.93/100ml</p></div></a><div class="css-8keand"></div></div><div class="css-1q5omjq"><div class="css-fcebb8"><div data-testid="atc-compact" class="css-y94ivq" style="width: 45px;"><button type="button" class="chakra-button css-mudsm6" data-testid="atc-button"><svg stroke="currentColor" fill="currentColor" stroke-width="0" viewBox="0 0 24 24" focusable="false" class="chakra-icon css-1g3sp7a" data-testid="btn-icon" aria-hidden="true" height="1em" width="1em" xmlns="http://www.w3.org/2000/svg"><path d="M19 13h-6v6h-2v-6H5v-2h6V5h2v6h6v2z"></path></svg><span class="css-idkz9h">Add Soda Doc Pop to cart</span></button></div></div></div></div></div></div><div class="css-0"><div class="css-f5i5wc"><div class="chakra-linkbox css-vhnn8v"><div data-testid="product-image" class="css-16dr4ly"><img alt="Vita Coco 100% Pure Coconut Water 1 l, $0.53/100ml" src="https://assets.shop.loblaws.ca/products/20332922/b3/en/front/20332922_front_a06_@2.png" srcset="https://assets.shop.loblaws.ca/products/20332922/b3/en/front/20332922_front_a06_@2.png 1x, https://assets.shop.loblaws.ca/products/20332922/b3/en/front/20332922_front_a06_@2.png 2x" loading="lazy" class="chakra-image css-oguq8l" aria-hidden="true"></div><div class="css-qoklea"><div class="css-12dchmx"></div><div data-testid="price-product-tile" class="css-8atqhb"><p class="chakra-text css-0"><span class="chakra-text css-pwnbcb" data-testid="regular-price"><span class="css-idkz9h">$5.29</span>$5.29</span></p></div><a href="/100-pure-coconut-water/p/20332922_EA?source=nspt" class="chakra-linkbox__overlay css-1hnz6hu"><div class="css-0"><p class="chakra-text css-1ecdp9w" data-testid="product-brand">Vita Coco</p><h3 class="chakra-heading css-6qrhwc" id="20332922_EA" data-testid="product-title">100% Pure Coconut Water</h3><p class="chakra-text css-1yftjin" data-testid="product-package-size">1 l, $0.53/100ml</p></div></a><div class="css-8keand"></div></div><div class="css-1q5omjq"><div class="css-fcebb8"><div data-testid="atc-compact" class="css-y94ivq" style="width: 45px;"><button type="button" class="chakra-button css-mudsm6" data-testid="atc-button"><svg stroke="currentColor" fill="currentColor" stroke-width="0" viewBox="0 0 24 24" focusable="false" class="chakra-icon css-1g3sp7a" data-testid="btn-icon" aria-hidden="true" height="1em" width="1em" xmlns="http://www.w3.org/2000/svg"><path d="M19 13h-6v6h-2v-6H5v-2h6V5h2v6h6v2z"></path></svg><span class="css-idkz9h">Add 100% Pure Coconut Water to cart</span></button></div></div></div></div></div></div><div class="css-0"><div class="css-f5i5wc"><div class="chakra-linkbox css-vhnn8v"><div data-testid="product-image" class="css-16dr4ly"><img alt="Remedy Ginger Lemon Kombucha 4x330.0 ml, $0.53/100ml" src="https://assets.shop.loblaws.ca/products/21425885/b3/en/front/21425885_front_a06_@2.png" srcset="https://assets.shop.loblaws.ca/products/21425885/b3/en/front/21425885_front_a06_@2.png 1x, https://assets.shop.loblaws.ca/products/21425885/b3/en/front/21425885_front_a06_@2.png 2x" loading="lazy" class="chakra-image css-oguq8l" aria-hidden="true"></div><div class="css-qoklea"><div class="css-12dchmx"></div><div data-testid="price-product-tile" class="css-8atqhb"><p class="chakra-text css-0"><span class="chakra-text css-o93gbd" data-testid="sale-price"><span class="css-idkz9h">$6.99</span>$6.99</span><span class="chakra-text css-623q5h" data-testid="was-price"><span class="css-idkz9h">$8.49</span>$8.49</span></p><p class="chakra-text css-1m5a6y8" data-testid="price-descriptor">SAVE $1.50</p></div><a href="/ginger-lemon-kombucha/p/21425885_C04?source=nspt" class="chakra-linkbox__overlay css-1hnz6hu"><div class="css-0"><p class="chakra-text css-1ecdp9w" data-testid="product-brand">Remedy</p><h3 class="chakra-heading css-6qrhwc" id="21425885_C04" data-testid="product-title">Ginger Lemon Kombucha</h3><p class="chakra-text css-1yftjin" data-testid="product-package-size">4x330.0 ml, $0.53/100ml</p></div></a><div class="css-8keand"></div></div><div class="css-1q5omjq"><div class="css-fcebb8"><div data-testid="atc-compact" class="css-y94ivq" style="width: 45px;"><button type="button" class="chakra-button css-mudsm6" data-testid="atc-button"><svg stroke="currentColor" fill="currentColor" stroke-width="0" viewBox="0 0 24 24" focusable="false" class="chakra-icon css-1g3sp7a" data-testid="btn-icon" aria-hidden="true" height="1em" width="1em" xmlns="http://www.w3.org/2000/svg"><path d="M19 13h-6v6h-2v-6H5v-2h6V5h2v6h6v2z"></path></svg><span class="css-idkz9h">Add Ginger Lemon Kombucha to cart</span></button></div></div></div></div></div></div><div class="css-0"><div class="css-f5i5wc"><div class="chakra-linkbox css-vhnn8v"><div data-testid="product-image" class="css-16dr4ly"><img alt="Thirsty Buddha All Natural Coconut Water 1 l, $0.58/100ml" src="https://assets.shop.loblaws.ca/products/20689784/b3/en/front/20689784_front_a06_@2.png" srcset="https://assets.shop.loblaws.ca/products/20689784/b3/en/front/20689784_front_a06_@2.png 1x, https://assets.shop.loblaws.ca/products/20689784/b3/en/front/20689784_front_a06_@2.png 2x" loading="lazy" class="chakra-image css-oguq8l" aria-hidden="true"></div><div class="css-qoklea"><div class="css-12dchmx"></div><div data-testid="price-product-tile" class="css-8atqhb"><p class="chakra-text css-0"><span class="chakra-text css-pwnbcb" data-testid="regular-price"><span class="css-idkz9h">$5.79</span>$5.79</span></p></div><a href="/all-natural-coconut-water/p/20689784_EA?source=nspt" class="chakra-linkbox__overlay css-1hnz6hu"><div class="css-0"><p class="chakra-text css-1ecdp9w" data-testid="product-brand">Thirsty Buddha</p><h3 class="chakra-heading css-6qrhwc" id="20689784_EA" data-testid="product-title">All Natural Coconut Water</h3><p class="chakra-text css-1yftjin" data-testid="product-package-size">1 l, $0.58/100ml</p></div></a><div class="css-8keand"></div></div><div class="css-1q5omjq"><div class="css-fcebb8"><div data-testid="atc-compact" class="css-y94ivq" style="width: 45px;"><button type="button" class="chakra-button css-mudsm6" data-testid="atc-button"><svg stroke="currentColor" fill="currentColor" stroke-width="0" viewBox="0 0 24 24" focusable="false" class="chakra-icon css-1g3sp7a" data-testid="btn-icon" aria-hidden="true" height="1em" width="1em" xmlns="http://www.w3.org/2000/svg"><path d="M19 13h-6v6h-2v-6H5v-2h6V5h2v6h6v2z"></path></svg><span class="css-idkz9h">Add All Natural Coconut Water to cart</span></button></div></div></div></div></div></div><div class="css-0"><div class="css-f5i5wc"><div class="chakra-linkbox css-vhnn8v"><div data-testid="product-image" class="css-16dr4ly"><img alt="Poppi Soda Orange 355 ml, $0.93/100ml" src="https://assets.shop.loblaws.ca/products/21564497/b3/en/front/21564497_front_a06_@2.png" srcset="https://assets.shop.loblaws.ca/products/21564497/b3/en/front/21564497_front_a06_@2.png 1x, https://assets.shop.loblaws.ca/products/21564497/b3/en/front/21564497_front_a06_@2.png 2x" loading="lazy" class="chakra-image css-oguq8l" aria-hidden="true"></div><div class="css-qoklea"><div class="css-12dchmx"></div><div data-testid="price-product-tile" class="css-8atqhb"><p class="chakra-text css-0"><span class="chakra-text css-pwnbcb" data-testid="regular-price"><span class="css-idkz9h">$3.29</span>$3.29</span></p></div><a href="/soda-orange/p/21564497_EA?source=nspt" class="chakra-linkbox__overlay css-1hnz6hu"><div class="css-0"><p class="chakra-text css-1ecdp9w" data-testid="product-brand">Poppi</p><h3 class="chakra-heading css-6qrhwc" id="21564497_EA" data-testid="product-title">Soda Orange</h3><p class="chakra-text css-1yftjin" data-testid="product-package-size">355 ml, $0.93/100ml</p></div></a><div class="css-8keand"></div></div><div class="css-1q5omjq"><div class="css-fcebb8"><div data-testid="atc-compact" class="css-y94ivq" style="width: 45px;"><button type="button" class="chakra-button css-mudsm6" data-testid="atc-button"><svg stroke="currentColor" fill="currentColor" stroke-width="0" viewBox="0 0 24 24" focusable="false" class="chakra-icon css-1g3sp7a" data-testid="btn-icon" aria-hidden="true" height="1em" width="1em" xmlns="http://www.w3.org/2000/svg"><path d="M19 13h-6v6h-2v-6H5v-2h6V5h2v6h6v2z"></path></svg><span class="css-idkz9h">Add Soda Orange to cart</span></button></div></div></div></div></div></div><div class="css-0"><div class="css-f5i5wc"><div class="chakra-linkbox css-vhnn8v"><div data-testid="product-image" class="css-16dr4ly"><img alt="Poppi Soda Classic Cola 355 ml, $0.93/100ml" src="https://assets.shop.loblaws.ca/products/21564498/b3/en/front/21564498_front_a06_@2.png" srcset="https://assets.shop.loblaws.ca/products/21564498/b3/en/front/21564498_front_a06_@2.png 1x, https://assets.shop.loblaws.ca/products/21564498/b3/en/front/21564498_front_a06_@2.png 2x" loading="lazy" class="chakra-image css-oguq8l" aria-hidden="true"></div><div class="css-qoklea"><div class="css-12dchmx"></div><div data-testid="price-product-tile" class="css-8atqhb"><p class="chakra-text css-0"><span class="chakra-text css-pwnbcb" data-testid="regular-price"><span class="css-idkz9h">$3.29</span>$3.29</span></p></div><a href="/soda-classic-cola/p/21564498_EA?source=nspt" class="chakra-linkbox__overlay css-1hnz6hu"><div class="css-0"><p class="chakra-text css-1ecdp9w" data-testid="product-brand">Poppi</p><h3 class="chakra-heading css-6qrhwc" id="21564498_EA" data-testid="product-title">Soda Classic Cola</h3><p class="chakra-text css-1yftjin" data-testid="product-package-size">355 ml, $0.93/100ml</p></div></a><div class="css-8keand"></div></div><div class="css-1q5omjq"><div class="css-fcebb8"><div data-testid="atc-compact" class="css-y94ivq" style="width: 45px;"><button type="button" class="chakra-button css-mudsm6" data-testid="atc-button"><svg stroke="currentColor" fill="currentColor" stroke-width="0" viewBox="0 0 24 24" focusable="false" class="chakra-icon css-1g3sp7a" data-testid="btn-icon" aria-hidden="true" height="1em" width="1em" xmlns="http://www.w3.org/2000/svg"><path d="M19 13h-6v6h-2v-6H5v-2h6V5h2v6h6v2z"></path></svg><span class="css-idkz9h">Add Soda Classic Cola to cart</span></button></div></div></div></div></div></div><div class="css-0"><div class="css-f5i5wc"><div class="chakra-linkbox css-vhnn8v"><div data-testid="product-image" class="css-16dr4ly"><img alt="Zevia Zero Sugar Soda, Ginger Ale 6x335.0 ml, $0.31/100ml" src="https://assets.shop.loblaws.ca/products/21106231/b3/en/front/21106231_front_a06_@2.png" srcset="https://assets.shop.loblaws.ca/products/21106231/b3/en/front/21106231_front_a06_@2.png 1x, https://assets.shop.loblaws.ca/products/21106231/b3/en/front/21106231_front_a06_@2.png 2x" loading="lazy" class="chakra-image css-oguq8l" aria-hidden="true"></div><div class="css-qoklea"><div class="css-12dchmx"></div><div data-testid="price-product-tile" class="css-8atqhb"><p class="chakra-text css-0"><span class="chakra-text css-o93gbd" data-testid="sale-price"><span class="css-idkz9h">$6.29</span>$6.29</span><span class="chakra-text css-623q5h" data-testid="was-price"><span class="css-idkz9h">$6.99</span>$6.99</span></p><p class="chakra-text css-1m5a6y8" data-testid="price-descriptor">SAVE $0.70</p></div><a href="/zero-sugar-soda-ginger-ale/p/21106231_C06?source=nspt" class="chakra-linkbox__overlay css-1hnz6hu"><div class="css-0"><p class="chakra-text css-1ecdp9w" data-testid="product-brand">Zevia</p><h3 class="chakra-heading css-6qrhwc" id="21106231_C06" data-testid="product-title">Zero Sugar Soda, Ginger Ale</h3><p class="chakra-text css-1yftjin" data-testid="product-package-size">6x335.0 ml, $0.31/100ml</p></div></a><div class="css-8keand"></div></div><div class="css-1q5omjq"><div class="css-fcebb8"><div data-testid="atc-compact" class="css-y94ivq" style="width: 45px;"><button type="button" class="chakra-button css-mudsm6" data-testid="atc-button"><svg stroke="currentColor" fill="currentColor" stroke-width="0" viewBox="0 0 24 24" focusable="false" class="chakra-icon css-1g3sp7a" data-testid="btn-icon" aria-hidden="true" height="1em" width="1em" xmlns="http://www.w3.org/2000/svg"><path d="M19 13h-6v6h-2v-6H5v-2h6V5h2v6h6v2z"></path></svg><span class="css-idkz9h">Add Zero Sugar Soda, Ginger Ale to cart</span></button></div></div></div></div></div></div><div class="css-0"><div class="css-f5i5wc"><div class="chakra-linkbox css-vhnn8v"><div data-testid="product-image" class="css-16dr4ly"><img alt="Zevia Zero Sugar Soda, Cola 6x335.0 ml, $0.31/100ml" src="https://assets.shop.loblaws.ca/products/21106233/b3/en/front/21106233_front_a06_@2.png" srcset="https://assets.shop.loblaws.ca/products/21106233/b3/en/front/21106233_front_a06_@2.png 1x, https://assets.shop.loblaws.ca/products/21106233/b3/en/front/21106233_front_a06_@2.png 2x" loading="lazy" class="chakra-image css-oguq8l" aria-hidden="true"></div><div class="css-qoklea"><div class="css-12dchmx"></div><div data-testid="price-product-tile" class="css-8atqhb"><p class="chakra-text css-0"><span class="chakra-text css-o93gbd" data-testid="sale-price"><span class="css-idkz9h">$6.29</span>$6.29</span><span class="chakra-text css-623q5h" data-testid="was-price"><span class="css-idkz9h">$6.99</span>$6.99</span></p><p class="chakra-text css-1m5a6y8" data-testid="price-descriptor">SAVE $0.70</p></div><a href="/zero-sugar-soda-cola/p/21106233_C06?source=nspt" class="chakra-linkbox__overlay css-1hnz6hu"><div class="css-0"><p class="chakra-text css-1ecdp9w" data-testid="product-brand">Zevia</p><h3 class="chakra-heading css-6qrhwc" id="21106233_C06" data-testid="product-title">Zero Sugar Soda, Cola</h3><p class="chakra-text css-1yftjin" data-testid="product-package-size">6x335.0 ml, $0.31/100ml</p></div></a><div class="css-8keand"></div></div><div class="css-1q5omjq"><div class="css-fcebb8"><div data-testid="atc-compact" class="css-y94ivq" style="width: 45px;"><button type="button" class="chakra-button css-mudsm6" data-testid="atc-button"><svg stroke="currentColor" fill="currentColor" stroke-width="0" viewBox="0 0 24 24" focusable="false" class="chakra-icon css-1g3sp7a" data-testid="btn-icon" aria-hidden="true" height="1em" width="1em" xmlns="http://www.w3.org/2000/svg"><path d="M19 13h-6v6h-2v-6H5v-2h6V5h2v6h6v2z"></path></svg><span class="css-idkz9h">Add Zero Sugar Soda, Cola to cart</span></button></div></div></div></div></div></div><div class="css-0"><div class="css-f5i5wc"><div class="chakra-linkbox css-vhnn8v"><div data-testid="product-image" class="css-16dr4ly"><img alt="Lacroix Beverage Cranberry Raspberry      8x355.0 ml, $0.22/100ml" src="https://assets.shop.loblaws.ca/products/21300994/b3/en/front/21300994_front_a06_@2.png" srcset="https://assets.shop.loblaws.ca/products/21300994/b3/en/front/21300994_front_a06_@2.png 1x, https://assets.shop.loblaws.ca/products/21300994/b3/en/front/21300994_front_a06_@2.png 2x" loading="lazy" class="chakra-image css-oguq8l" aria-hidden="true"></div><div class="css-qoklea"><div class="css-12dchmx"></div><div data-testid="price-product-tile" class="css-8atqhb"><p class="chakra-text css-0"><span class="chakra-text css-pwnbcb" data-testid="regular-price"><span class="css-idkz9h">$6.29</span>$6.29</span></p></div><a href="/cranberry-raspberry/p/21300994_C08?source=nspt" class="chakra-linkbox__overlay css-1hnz6hu"><div class="css-0"><p class="chakra-text css-1ecdp9w" data-testid="product-brand">Lacroix Beverage</p><h3 class="chakra-heading css-6qrhwc" id="21300994_C08" data-testid="product-title">Cranberry Raspberry     </h3><p class="chakra-text css-1yftjin" data-testid="product-package-size">8x355.0 ml, $0.22/100ml</p></div></a><div class="css-8keand"></div></div><div class="css-1q5omjq"><div class="css-fcebb8"><div data-testid="atc-compact" class="css-y94ivq" style="width: 45px;"><button type="button" class="chakra-button css-mudsm6" data-testid="atc-button"><svg stroke="currentColor" fill="currentColor" stroke-width="0" viewBox="0 0 24 24" focusable="false" class="chakra-icon css-1g3sp7a" data-testid="btn-icon" aria-hidden="true" height="1em" width="1em" xmlns="http://www.w3.org/2000/svg"><path d="M19 13h-6v6h-2v-6H5v-2h6V5h2v6h6v2z"></path></svg><span class="css-idkz9h">Add Cranberry Raspberry      to cart</span></button></div></div></div></div></div></div><div class="css-0"><div class="css-f5i5wc"><div class="chakra-linkbox css-vhnn8v"><div data-testid="product-image" class="css-16dr4ly"><img alt="Zevia Zero Sugar Soda, Ginger Root Beer 6x335.0 ml, $0.31/100ml" src="https://assets.shop.loblaws.ca/products/21106232/b3/en/front/21106232_front_a06_@2.png" srcset="https://assets.shop.loblaws.ca/products/21106232/b3/en/front/21106232_front_a06_@2.png 1x, https://assets.shop.loblaws.ca/products/21106232/b3/en/front/21106232_front_a06_@2.png 2x" loading="lazy" class="chakra-image css-oguq8l" aria-hidden="true"></div><div class="css-qoklea"><div class="css-12dchmx"></div><div data-testid="price-product-tile" class="css-8atqhb"><p class="chakra-text css-0"><span class="chakra-text css-o93gbd" data-testid="sale-price"><span class="css-idkz9h">$6.29</span>$6.29</span><span class="chakra-text css-623q5h" data-testid="was-price"><span class="css-idkz9h">$6.99</span>$6.99</span></p><p class="chakra-text css-1m5a6y8" data-testid="price-descriptor">SAVE $0.70</p></div><a href="/zero-sugar-soda-ginger-root-beer/p/21106232_C06?source=nspt" class="chakra-linkbox__overlay css-1hnz6hu"><div class="css-0"><p class="chakra-text css-1ecdp9w" data-testid="product-brand">Zevia</p><h3 class="chakra-heading css-6qrhwc" id="21106232_C06" data-testid="product-title">Zero Sugar Soda, Ginger Root Beer</h3><p class="chakra-text css-1yftjin" data-testid="product-package-size">6x335.0 ml, $0.31/100ml</p></div></a><div class="css-8keand"></div></div><div class="css-1q5omjq"><div class="css-fcebb8"><div data-testid="atc-compact" class="css-y94ivq" style="width: 45px;"><button type="button" class="chakra-button css-mudsm6" data-testid="atc-button"><svg stroke="currentColor" fill="currentColor" stroke-width="0" viewBox="0 0 24 24" focusable="false" class="chakra-icon css-1g3sp7a" data-testid="btn-icon" aria-hidden="true" height="1em" width="1em" xmlns="http://www.w3.org/2000/svg"><path d="M19 13h-6v6h-2v-6H5v-2h6V5h2v6h6v2z"></path></svg><span class="css-idkz9h">Add Zero Sugar Soda, Ginger Root Beer to cart</span></button></div></div></div></div></div></div><div class="css-0"><div class="css-f5i5wc"><div class="chakra-linkbox css-vhnn8v"><div data-testid="product-image" class="css-16dr4ly"><img alt="Zevia Zero Sugar Soda, Cream Soda 6x355.0 ml, $0.30/100ml" src="https://assets.shop.loblaws.ca/products/21105196/b3/en/front/21105196_front_a06_@2.png" srcset="https://assets.shop.loblaws.ca/products/21105196/b3/en/front/21105196_front_a06_@2.png 1x, https://assets.shop.loblaws.ca/products/21105196/b3/en/front/21105196_front_a06_@2.png 2x" loading="lazy" class="chakra-image css-oguq8l" aria-hidden="true"></div><div class="css-qoklea"><div class="css-12dchmx"></div><div data-testid="price-product-tile" class="css-8atqhb"><p class="chakra-text css-0"><span class="chakra-text css-o93gbd" data-testid="sale-price"><span class="css-idkz9h">$6.29</span>$6.29</span><span class="chakra-text css-623q5h" data-testid="was-price"><span class="css-idkz9h">$6.99</span>$6.99</span></p><p class="chakra-text css-1m5a6y8" data-testid="price-descriptor">SAVE $0.70</p></div><a href="/zero-sugar-soda-cream-soda/p/21105196_C06?source=nspt" class="chakra-linkbox__overlay css-1hnz6hu"><div class="css-0"><p class="chakra-text css-1ecdp9w" data-testid="product-brand">Zevia</p><h3 class="chakra-heading css-6qrhwc" id="21105196_C06" data-testid="product-title">Zero Sugar Soda, Cream Soda</h3><p class="chakra-text css-1yftjin" data-testid="product-package-size">6x355.0 ml, $0.30/100ml</p></div></a><div class="css-8keand"></div></div><div class="css-1q5omjq"><div class="css-fcebb8"><div data-testid="atc-compact" class="css-y94ivq" style="width: 45px;"><button type="button" class="chakra-button css-mudsm6" data-testid="atc-button"><svg stroke="currentColor" fill="currentColor" stroke-width="0" viewBox="0 0 24 24" focusable="false" class="chakra-icon css-1g3sp7a" data-testid="btn-icon" aria-hidden="true" height="1em" width="1em" xmlns="http://www.w3.org/2000/svg"><path d="M19 13h-6v6h-2v-6H5v-2h6V5h2v6h6v2z"></path></svg><span class="css-idkz9h">Add Zero Sugar Soda, Cream Soda to cart</span></button></div></div></div></div></div></div><div class="css-0"><div class="css-f5i5wc"><div class="chakra-linkbox css-vhnn8v"><div data-testid="product-image" class="css-16dr4ly"><img alt="Silk Fortified Oat Beverage Original 946 ml, $0.32/100ml" src="https://assets.shop.loblaws.ca/products/21435998/b3/en/front/21435998_front_a06_@2.png" srcset="https://assets.shop.loblaws.ca/products/21435998/b3/en/front/21435998_front_a06_@2.png 1x, https://assets.shop.loblaws.ca/products/21435998/b3/en/front/21435998_front_a06_@2.png 2x" loading="lazy" class="chakra-image css-oguq8l" aria-hidden="true"></div><div class="css-qoklea"><div class="css-12dchmx"></div><div data-testid="price-product-tile" class="css-8atqhb"><p class="chakra-text css-0"><span class="chakra-text css-pwnbcb" data-testid="regular-price"><span class="css-idkz9h">$2.99</span>$2.99</span></p></div><a href="/fortified-oat-beverage-original/p/21435998_EA?source=nspt" class="chakra-linkbox__overlay css-1hnz6hu"><div class="css-0"><p class="chakra-text css-1ecdp9w" data-testid="product-brand">Silk</p><h3 class="chakra-heading css-6qrhwc" id="21435998_EA" data-testid="product-title">Fortified Oat Beverage Original</h3><p class="chakra-text css-1yftjin" data-testid="product-package-size">946 ml, $0.32/100ml</p></div></a><div class="css-8keand"></div></div><div class="css-1q5omjq"><div class="css-fcebb8"><div data-testid="atc-compact" class="css-y94ivq" style="width: 45px;"><button type="button" class="chakra-button css-mudsm6" data-testid="atc-button"><svg stroke="currentColor" fill="currentColor" stroke-width="0" viewBox="0 0 24 24" focusable="false" class="chakra-icon css-1g3sp7a" data-testid="btn-icon" aria-hidden="true" height="1em" width="1em" xmlns="http://www.w3.org/2000/svg"><path d="M19 13h-6v6h-2v-6H5v-2h6V5h2v6h6v2z"></path></svg><span class="css-idkz9h">Add Fortified Oat Beverage Original to cart</span></button></div></div></div></div></div></div><div class="css-0"><div class="css-f5i5wc"><div class="chakra-linkbox css-vhnn8v"><div data-testid="product-image" class="css-16dr4ly"><img alt="Zevia Zero Sugar Soda, Vanilla Cola 6x355.0 ml, $0.30/100ml" src="https://assets.shop.loblaws.ca/products/21544078/b3/en/front/21544078_front_a06_@2.png" srcset="https://assets.shop.loblaws.ca/products/21544078/b3/en/front/21544078_front_a06_@2.png 1x, https://assets.shop.loblaws.ca/products/21544078/b3/en/front/21544078_front_a06_@2.png 2x" loading="lazy" class="chakra-image css-oguq8l" aria-hidden="true"></div><div class="css-qoklea"><div class="css-12dchmx"></div><div data-testid="price-product-tile" class="css-8atqhb"><p class="chakra-text css-0"><span class="chakra-text css-o93gbd" data-testid="sale-price"><span class="css-idkz9h">$6.29</span>$6.29</span><span class="chakra-text css-623q5h" data-testid="was-price"><span class="css-idkz9h">$6.99</span>$6.99</span></p><p class="chakra-text css-1m5a6y8" data-testid="price-descriptor">SAVE $0.70</p></div><a href="/zero-sugar-soda-vanilla-cola/p/21544078_C06?source=nspt" class="chakra-linkbox__overlay css-1hnz6hu"><div class="css-0"><p class="chakra-text css-1ecdp9w" data-testid="product-brand">Zevia</p><h3 class="chakra-heading css-6qrhwc" id="21544078_C06" data-testid="product-title">Zero Sugar Soda, Vanilla Cola</h3><p class="chakra-text css-1yftjin" data-testid="product-package-size">6x355.0 ml, $0.30/100ml</p></div></a><div class="css-8keand"></div></div><div class="css-1q5omjq"><div class="css-fcebb8"><div data-testid="atc-compact" class="css-y94ivq" style="width: 45px;"><button type="button" class="chakra-button css-mudsm6" data-testid="atc-button"><svg stroke="currentColor" fill="currentColor" stroke-width="0" viewBox="0 0 24 24" focusable="false" class="chakra-icon css-1g3sp7a" data-testid="btn-icon" aria-hidden="true" height="1em" width="1em" xmlns="http://www.w3.org/2000/svg"><path d="M19 13h-6v6h-2v-6H5v-2h6V5h2v6h6v2z"></path></svg><span class="css-idkz9h">Add Zero Sugar Soda, Vanilla Cola to cart</span></button></div></div></div></div></div></div><div class="css-0"><div class="css-f5i5wc"><div class="chakra-linkbox css-vhnn8v"><div data-testid="product-image" class="css-16dr4ly"><img alt="Lacroix Beverage Peach Pear Sparkling Water 8x355.0 ml, $0.22/100ml" src="https://assets.shop.loblaws.ca/products/20951154/b3/en/front/20951154_front_a06_@2.png" srcset="https://assets.shop.loblaws.ca/products/20951154/b3/en/front/20951154_front_a06_@2.png 1x, https://assets.shop.loblaws.ca/products/20951154/b3/en/front/20951154_front_a06_@2.png 2x" loading="lazy" class="chakra-image css-oguq8l" aria-hidden="true"></div><div class="css-qoklea"><div class="css-12dchmx"></div><div data-testid="price-product-tile" class="css-8atqhb"><p class="chakra-text css-0"><span class="chakra-text css-pwnbcb" data-testid="regular-price"><span class="css-idkz9h">$6.29</span>$6.29</span></p></div><a href="/peach-pear-sparkling-water/p/20951154_C08?source=nspt" class="chakra-linkbox__overlay css-1hnz6hu"><div class="css-0"><p class="chakra-text css-1ecdp9w" data-testid="product-brand">Lacroix Beverage</p><h3 class="chakra-heading css-6qrhwc" id="20951154_C08" data-testid="product-title">Peach Pear Sparkling Water</h3><p class="chakra-text css-1yftjin" data-testid="product-package-size">8x355.0 ml, $0.22/100ml</p></div></a><div class="css-8keand"></div></div><div class="css-1q5omjq"><div class="css-fcebb8"><div data-testid="atc-compact" class="css-y94ivq" style="width: 45px;"><button type="button" class="chakra-button css-mudsm6" data-testid="atc-button"><svg stroke="currentColor" fill="currentColor" stroke-width="0" viewBox="0 0 24 24" focusable="false" class="chakra-icon css-1g3sp7a" data-testid="btn-icon" aria-hidden="true" height="1em" width="1em" xmlns="http://www.w3.org/2000/svg"><path d="M19 13h-6v6h-2v-6H5v-2h6V5h2v6h6v2z"></path></svg><span class="css-idkz9h">Add Peach Pear Sparkling Water to cart</span></button></div></div><div class="css-4saf4a"><p class="chakra-text css-py8788" data-testid="inventory-badge-text">Low Stock</p></div></div></div></div></div><div class="css-0"><div class="css-f5i5wc"><div class="chakra-linkbox css-vhnn8v"><div data-testid="product-image" class="css-16dr4ly"><img alt="GT's Kombucha Gingerade 480 ml, $0.94/100ml" src="https://assets.shop.loblaws.ca/products/20374106/b3/en/front/20374106_front_a06_@2.png" srcset="https://assets.shop.loblaws.ca/products/20374106/b3/en/front/20374106_front_a06_@2.png 1x, https://assets.shop.loblaws.ca/products/20374106/b3/en/front/20374106_front_a06_@2.png 2x" loading="lazy" class="chakra-image css-oguq8l" aria-hidden="true"></div><div class="css-qoklea"><div class="css-12dchmx"></div><div data-testid="price-product-tile" class="css-8atqhb"><p class="chakra-text css-0"><span class="chakra-text css-pwnbcb" data-testid="regular-price"><span class="css-idkz9h">$4.49</span>$4.49</span></p></div><a href="/kombucha-gingerade/p/20374106_EA?source=nspt" class="chakra-linkbox__overlay css-1hnz6hu"><div class="css-0"><p class="chakra-text css-1ecdp9w" data-testid="product-brand">GT's</p><h3 class="chakra-heading css-6qrhwc" id="20374106_EA" data-testid="product-title">Kombucha Gingerade</h3><p class="chakra-text css-1yftjin" data-testid="product-package-size">480 ml, $0.94/100ml</p></div></a><div class="css-8keand"></div></div><div class="css-1q5omjq"><div class="css-fcebb8"><div data-testid="atc-compact" class="css-y94ivq" style="width: 45px;"><button type="button" class="chakra-button css-mudsm6" data-testid="atc-button"><svg stroke="currentColor" fill="currentColor" stroke-width="0" viewBox="0 0 24 24" focusable="false" class="chakra-icon css-1g3sp7a" data-testid="btn-icon" aria-hidden="true" height="1em" width="1em" xmlns="http://www.w3.org/2000/svg"><path d="M19 13h-6v6h-2v-6H5v-2h6V5h2v6h6v2z"></path></svg><span class="css-idkz9h">Add Kombucha Gingerade to cart</span></button></div></div></div></div></div></div><div class="css-0"><div class="css-f5i5wc"><div class="chakra-linkbox css-vhnn8v"><div data-testid="product-image" class="css-16dr4ly"><img alt="PC Organics Organic 100% Coconut Water 1 l, $0.50/100ml" src="https://assets.shop.loblaws.ca/products/21092373/b3/en/front/21092373_front_a06_@2.png" srcset="https://assets.shop.loblaws.ca/products/21092373/b3/en/front/21092373_front_a06_@2.png 1x, https://assets.shop.loblaws.ca/products/21092373/b3/en/front/21092373_front_a06_@2.png 2x" loading="lazy" class="chakra-image css-oguq8l" aria-hidden="true"></div><div class="css-qoklea"><div class="css-12dchmx"></div><div data-testid="price-product-tile" class="css-8atqhb"><p class="chakra-text css-0"><span class="chakra-text css-pwnbcb" data-testid="regular-price"><span class="css-idkz9h">$5.00</span>$5.00</span></p></div><a href="/organic-100-coconut-water/p/21092373_EA?source=nspt" class="chakra-linkbox__overlay css-1hnz6hu"><div class="css-0"><p class="chakra-text css-1ecdp9w" data-testid="product-brand">PC Organics</p><h3 class="chakra-heading css-6qrhwc" id="21092373_EA" data-testid="product-title">Organic 100% Coconut Water</h3><p class="chakra-text css-1yftjin" data-testid="product-package-size">1 l, $0.50/100ml</p></div></a><div class="css-8keand"></div></div><div class="css-1q5omjq"><div class="css-fcebb8"><div data-testid="atc-compact" class="css-y94ivq" style="width: 45px;"><button type="button" class="chakra-button css-mudsm6" data-testid="atc-button"><svg stroke="currentColor" fill="currentColor" stroke-width="0" viewBox="0 0 24 24" focusable="false" class="chakra-icon css-1g3sp7a" data-testid="btn-icon" aria-hidden="true" height="1em" width="1em" xmlns="http://www.w3.org/2000/svg"><path d="M19 13h-6v6h-2v-6H5v-2h6V5h2v6h6v2z"></path></svg><span class="css-idkz9h">Add Organic 100% Coconut Water to cart</span></button></div></div></div></div></div></div><div class="css-0"><div class="css-f5i5wc"><div class="chakra-linkbox css-vhnn8v"><div data-testid="product-image" class="css-16dr4ly"><img alt="PC Organics Raspberry Hibiscus Kombucha 473 ml, $0.84/100ml" src="https://assets.shop.loblaws.ca/products/21182850/b3/en/front/21182850_front_a06_@2.png" srcset="https://assets.shop.loblaws.ca/products/21182850/b3/en/front/21182850_front_a06_@2.png 1x, https://assets.shop.loblaws.ca/products/21182850/b3/en/front/21182850_front_a06_@2.png 2x" loading="lazy" class="chakra-image css-oguq8l" aria-hidden="true"></div><div class="css-qoklea"><div class="css-12dchmx"></div><div data-testid="price-product-tile" class="css-8atqhb"><p class="chakra-text css-0"><span class="chakra-text css-pwnbcb" data-testid="regular-price"><span class="css-idkz9h">$3.99</span>$3.99</span></p></div><a href="/raspberry-hibiscus-kombucha/p/21182850_EA?source=nspt" class="chakra-linkbox__overlay css-1hnz6hu"><div class="css-0"><p class="chakra-text css-1ecdp9w" data-testid="product-brand">PC Organics</p><h3 class="chakra-heading css-6qrhwc" id="21182850_EA" data-testid="product-title">Raspberry Hibiscus Kombucha</h3><p class="chakra-text css-1yftjin" data-testid="product-package-size">473 ml, $0.84/100ml</p></div></a><div class="css-8keand"></div></div><div class="css-1q5omjq"><div class="css-fcebb8"><div data-testid="atc-compact" class="css-y94ivq" style="width: 45px;"><button type="button" class="chakra-button css-mudsm6" data-testid="atc-button"><svg stroke="currentColor" fill="currentColor" stroke-width="0" viewBox="0 0 24 24" focusable="false" class="chakra-icon css-1g3sp7a" data-testid="btn-icon" aria-hidden="true" height="1em" width="1em" xmlns="http://www.w3.org/2000/svg"><path d="M19 13h-6v6h-2v-6H5v-2h6V5h2v6h6v2z"></path></svg><span class="css-idkz9h">Add Raspberry Hibiscus Kombucha to cart</span></button></div></div></div></div></div></div><div class="css-0"><div class="css-f5i5wc"><div class="chakra-linkbox css-vhnn8v"><div data-testid="product-image" class="css-16dr4ly"><img alt="Remedy Ginger Beer 4x330.0 ml, $0.53/100ml" src="https://assets.shop.loblaws.ca/products/21436627/b3/en/front/21436627_front_a06_@2.png" srcset="https://assets.shop.loblaws.ca/products/21436627/b3/en/front/21436627_front_a06_@2.png 1x, https://assets.shop.loblaws.ca/products/21436627/b3/en/front/21436627_front_a06_@2.png 2x" loading="lazy" class="chakra-image css-oguq8l" aria-hidden="true"></div><div class="css-qoklea"><div class="css-12dchmx"></div><div data-testid="price-product-tile" class="css-8atqhb"><p class="chakra-text css-0"><span class="chakra-text css-o93gbd" data-testid="sale-price"><span class="css-idkz9h">$6.99</span>$6.99</span><span class="chakra-text css-623q5h" data-testid="was-price"><span class="css-idkz9h">$8.49</span>$8.49</span></p><p class="chakra-text css-1m5a6y8" data-testid="price-descriptor">SAVE $1.50</p></div><a href="/ginger-beer/p/21436627_C04?source=nspt" class="chakra-linkbox__overlay css-1hnz6hu"><div class="css-0"><p class="chakra-text css-1ecdp9w" data-testid="product-brand">Remedy</p><h3 class="chakra-heading css-6qrhwc" id="21436627_C04" data-testid="product-title">Ginger Beer</h3><p class="chakra-text css-1yftjin" data-testid="product-package-size">4x330.0 ml, $0.53/100ml</p></div></a><div class="css-8keand"></div></div><div class="css-1q5omjq"><div class="css-fcebb8"><div data-testid="atc-compact" class="css-y94ivq" style="width: 45px;"><button type="button" class="chakra-button css-mudsm6" data-testid="atc-button"><svg stroke="currentColor" fill="currentColor" stroke-width="0" viewBox="0 0 24 24" focusable="false" class="chakra-icon css-1g3sp7a" data-testid="btn-icon" aria-hidden="true" height="1em" width="1em" xmlns="http://www.w3.org/2000/svg"><path d="M19 13h-6v6h-2v-6H5v-2h6V5h2v6h6v2z"></path></svg><span class="css-idkz9h">Add Ginger Beer to cart</span></button></div></div></div></div></div></div><div class="css-0"><div class="css-f5i5wc"><div class="chakra-linkbox css-vhnn8v"><div data-testid="product-image" class="css-16dr4ly"><img alt="GT's GTs Classic Synergy Organic &amp; Raw, Divine Grape 480 ml, $0.94/100ml" src="https://assets.shop.loblaws.ca/products/20906034003/b3/en/front/20906034003_front_a06_@2.png" srcset="https://assets.shop.loblaws.ca/products/20906034003/b3/en/front/20906034003_front_a06_@2.png 1x, https://assets.shop.loblaws.ca/products/20906034003/b3/en/front/20906034003_front_a06_@2.png 2x" loading="lazy" class="chakra-image css-oguq8l" aria-hidden="true"></div><div class="css-qoklea"><div class="css-12dchmx"></div><div data-testid="price-product-tile" class="css-8atqhb"><p class="chakra-text css-0"><span class="chakra-text css-pwnbcb" data-testid="regular-price"><span class="css-idkz9h">$4.49</span>$4.49</span></p></div><a href="/gts-classic-synergy-organic-raw-divine-grape/p/20906034003_EA?source=nspt" class="chakra-linkbox__overlay css-1hnz6hu"><div class="css-0"><p class="chakra-text css-1ecdp9w" data-testid="product-brand">GT's</p><h3 class="chakra-heading css-6qrhwc" id="20906034003_EA" data-testid="product-title">GTs Classic Synergy Organic &amp; Raw, Divine Grape</h3><p class="chakra-text css-1yftjin" data-testid="product-package-size">480 ml, $0.94/100ml</p></div></a><div class="css-8keand"></div></div><div class="css-1q5omjq"><div class="css-fcebb8"><div data-testid="atc-compact" class="css-y94ivq" style="width: 45px;"><button type="button" class="chakra-button css-mudsm6" data-testid="atc-button"><svg stroke="currentColor" fill="currentColor" stroke-width="0" viewBox="0 0 24 24" focusable="false" class="chakra-icon css-1g3sp7a" data-testid="btn-icon" aria-hidden="true" height="1em" width="1em" xmlns="http://www.w3.org/2000/svg"><path d="M19 13h-6v6h-2v-6H5v-2h6V5h2v6h6v2z"></path></svg><span class="css-idkz9h">Add GTs Classic Synergy Organic &amp; Raw, Divine Grape to cart</span></button></div></div></div></div></div></div><div class="css-0"><div class="css-f5i5wc"><div class="chakra-linkbox css-vhnn8v"><div data-testid="product-image" class="css-16dr4ly"><img alt="Kiju Organic 100% Pure Apple Juice Boxes 4x200.0 ml, $0.41/100ml" src="https://assets.shop.loblaws.ca/products/20333714001/b3/en/front/20333714001_front_a06_@2.png" srcset="https://assets.shop.loblaws.ca/products/20333714001/b3/en/front/20333714001_front_a06_@2.png 1x, https://assets.shop.loblaws.ca/products/20333714001/b3/en/front/20333714001_front_a06_@2.png 2x" loading="lazy" class="chakra-image css-oguq8l" aria-hidden="true"></div><div class="css-qoklea"><div class="css-12dchmx"></div><div data-testid="price-product-tile" class="css-8atqhb"><p class="chakra-text css-0"><span class="chakra-text css-pwnbcb" data-testid="regular-price"><span class="css-idkz9h">$3.29</span>$3.29</span></p></div><a href="/organic-100-pure-apple-juice-boxes/p/20333714001_EA?source=nspt" class="chakra-linkbox__overlay css-1hnz6hu"><div class="css-0"><p class="chakra-text css-1ecdp9w" data-testid="product-brand">Kiju</p><h3 class="chakra-heading css-6qrhwc" id="20333714001_EA" data-testid="product-title">Organic 100% Pure Apple Juice Boxes</h3><p class="chakra-text css-1yftjin" data-testid="product-package-size">4x200.0 ml, $0.41/100ml</p></div></a><div class="css-8keand"></div></div><div class="css-1q5omjq"><div class="css-fcebb8"><div data-testid="atc-compact" class="css-y94ivq" style="width: 45px;"><button type="button" class="chakra-button css-mudsm6" data-testid="atc-button"><svg stroke="currentColor" fill="currentColor" stroke-width="0" viewBox="0 0 24 24" focusable="false" class="chakra-icon css-1g3sp7a" data-testid="btn-icon" aria-hidden="true" height="1em" width="1em" xmlns="http://www.w3.org/2000/svg"><path d="M19 13h-6v6h-2v-6H5v-2h6V5h2v6h6v2z"></path></svg><span class="css-idkz9h">Add Organic 100% Pure Apple Juice Boxes to cart</span></button></div></div></div></div></div></div><div class="css-0"><div class="css-f5i5wc"><div class="chakra-linkbox css-vhnn8v"><div data-testid="product-image" class="css-16dr4ly"><img alt="Salt Spring Whole Bean Coffee Metta Espresso Medium Dark Roast 400 g, $3.87/100g" src="https://assets.shop.loblaws.ca/products/20313949005/b3/en/front/20313949005_front_a06_@2.png" srcset="https://assets.shop.loblaws.ca/products/20313949005/b3/en/front/20313949005_front_a06_@2.png 1x, https://assets.shop.loblaws.ca/products/20313949005/b3/en/front/20313949005_front_a06_@2.png 2x" loading="lazy" class="chakra-image css-oguq8l" aria-hidden="true"></div><div class="css-qoklea"><div class="css-12dchmx"></div><div data-testid="price-product-tile" class="css-8atqhb"><p class="chakra-text css-0"><span class="chakra-text css-pwnbcb" data-testid="regular-price"><span class="css-idkz9h">$15.49</span>$15.49</span></p></div><a href="/whole-bean-coffee-metta-espresso-medium-dark-roast/p/20313949005_EA?source=nspt" class="chakra-linkbox__overlay css-1hnz6hu"><div class="css-0"><p class="chakra-text css-1ecdp9w" data-testid="product-brand">Salt Spring</p><h3 class="chakra-heading css-6qrhwc" id="20313949005_EA" data-testid="product-title">Whole Bean Coffee Metta Espresso Medium Dark Roast</h3><p class="chakra-text css-1yftjin" data-testid="product-package-size">400 g, $3.87/100g</p></div></a><div class="css-8keand"></div></div><div class="css-1q5omjq"><div class="css-fcebb8"><div data-testid="atc-compact" class="css-y94ivq" style="width: 45px;"><button type="button" class="chakra-button css-mudsm6" data-testid="atc-button"><svg stroke="currentColor" fill="currentColor" stroke-width="0" viewBox="0 0 24 24" focusable="false" class="chakra-icon css-1g3sp7a" data-testid="btn-icon" aria-hidden="true" height="1em" width="1em" xmlns="http://www.w3.org/2000/svg"><path d="M19 13h-6v6h-2v-6H5v-2h6V5h2v6h6v2z"></path></svg><span class="css-idkz9h">Add Whole Bean Coffee Metta Espresso Medium Dark Roast to cart</span></button></div></div></div></div></div></div><div class="css-0"><div class="css-f5i5wc"><div class="chakra-linkbox css-vhnn8v"><div data-testid="product-image" class="css-16dr4ly"><img alt="PC Organics Dark Roast Whole Bean Coffee   907 g, $2.20/100g" src="https://assets.shop.loblaws.ca/products/21405562/b3/en/front/21405562_front_a06_@2.png" srcset="https://assets.shop.loblaws.ca/products/21405562/b3/en/front/21405562_front_a06_@2.png 1x, https://assets.shop.loblaws.ca/products/21405562/b3/en/front/21405562_front_a06_@2.png 2x" loading="lazy" class="chakra-image css-oguq8l" aria-hidden="true"></div><div class="css-qoklea"><div class="css-12dchmx"></div><div data-testid="price-product-tile" class="css-8atqhb"><p class="chakra-text css-0"><span class="chakra-text css-pwnbcb" data-testid="regular-price"><span class="css-idkz9h">$19.99</span>$19.99</span></p></div><a href="/dark-roast-whole-bean-coffee/p/21405562_EA?source=nspt" class="chakra-linkbox__overlay css-1hnz6hu"><div class="css-0"><p class="chakra-text css-1ecdp9w" data-testid="product-brand">PC Organics</p><h3 class="chakra-heading css-6qrhwc" id="21405562_EA" data-testid="product-title">Dark Roast Whole Bean Coffee  </h3><p class="chakra-text css-1yftjin" data-testid="product-package-size">907 g, $2.20/100g</p></div></a><div class="css-8keand"></div></div><div class="css-1q5omjq"><div class="css-fcebb8"><div data-testid="atc-compact" class="css-y94ivq" style="width: 45px;"><button type="button" class="chakra-button css-mudsm6" data-testid="atc-button"><svg stroke="currentColor" fill="currentColor" stroke-width="0" viewBox="0 0 24 24" focusable="false" class="chakra-icon css-1g3sp7a" data-testid="btn-icon" aria-hidden="true" height="1em" width="1em" xmlns="http://www.w3.org/2000/svg"><path d="M19 13h-6v6h-2v-6H5v-2h6V5h2v6h6v2z"></path></svg><span class="css-idkz9h">Add Dark Roast Whole Bean Coffee   to cart</span></button></div></div></div></div></div></div><div class="css-0"><div class="css-f5i5wc"><div class="chakra-linkbox css-vhnn8v"><div data-testid="product-image" class="css-16dr4ly"><img alt="PC Organics Organic Watermelon Lemonade 946 ml, $0.41/100ml" src="https://assets.shop.loblaws.ca/products/21022888/b3/en/front/21022888_front_a06_@2.png" srcset="https://assets.shop.loblaws.ca/products/21022888/b3/en/front/21022888_front_a06_@2.png 1x, https://assets.shop.loblaws.ca/products/21022888/b3/en/front/21022888_front_a06_@2.png 2x" loading="lazy" class="chakra-image css-oguq8l" aria-hidden="true"></div><div class="css-qoklea"><div class="css-12dchmx"></div><div data-testid="price-product-tile" class="css-8atqhb"><p class="chakra-text css-0"><span class="chakra-text css-pwnbcb" data-testid="regular-price"><span class="css-idkz9h">$3.89</span>$3.89</span></p></div><a href="/organic-watermelon-lemonade/p/21022888_EA?source=nspt" class="chakra-linkbox__overlay css-1hnz6hu"><div class="css-0"><p class="chakra-text css-1ecdp9w" data-testid="product-brand">PC Organics</p><h3 class="chakra-heading css-6qrhwc" id="21022888_EA" data-testid="product-title">Organic Watermelon Lemonade</h3><p class="chakra-text css-1yftjin" data-testid="product-package-size">946 ml, $0.41/100ml</p></div></a><div class="css-8keand"></div></div><div class="css-1q5omjq"><div class="css-fcebb8"><div data-testid="atc-compact" class="css-y94ivq" style="width: 45px;"><button type="button" class="chakra-button css-mudsm6" data-testid="atc-button"><svg stroke="currentColor" fill="currentColor" stroke-width="0" viewBox="0 0 24 24" focusable="false" class="chakra-icon css-1g3sp7a" data-testid="btn-icon" aria-hidden="true" height="1em" width="1em" xmlns="http://www.w3.org/2000/svg"><path d="M19 13h-6v6h-2v-6H5v-2h6V5h2v6h6v2z"></path></svg><span class="css-idkz9h">Add Organic Watermelon Lemonade to cart</span></button></div></div></div></div></div></div><div class="css-0"><div class="css-f5i5wc"><div class="chakra-linkbox css-vhnn8v"><div data-testid="product-image" class="css-16dr4ly"><img alt="PC Organics Ginger Turmeric Herbal Tea 1 ea, $4.49/1ea" src="https://assets.shop.loblaws.ca/products/21411145/b3/en/front/21411145_front_a06_@2.png" srcset="https://assets.shop.loblaws.ca/products/21411145/b3/en/front/21411145_front_a06_@2.png 1x, https://assets.shop.loblaws.ca/products/21411145/b3/en/front/21411145_front_a06_@2.png 2x" loading="lazy" class="chakra-image css-oguq8l" aria-hidden="true"></div><div class="css-qoklea"><div class="css-12dchmx"></div><div data-testid="price-product-tile" class="css-8atqhb"><p class="chakra-text css-0"><span class="chakra-text css-pwnbcb" data-testid="regular-price"><span class="css-idkz9h">$4.49</span>$4.49</span></p></div><a href="/ginger-turmeric-herbal-tea/p/21411145_EA?source=nspt" class="chakra-linkbox__overlay css-1hnz6hu"><div class="css-0"><p class="chakra-text css-1ecdp9w" data-testid="product-brand">PC Organics</p><h3 class="chakra-heading css-6qrhwc" id="21411145_EA" data-testid="product-title">Ginger Turmeric Herbal Tea</h3><p class="chakra-text css-1yftjin" data-testid="product-package-size">1 ea, $4.49/1ea</p></div></a><div class="css-8keand"></div></div><div class="css-1q5omjq"><div class="css-fcebb8"><div data-testid="atc-compact" class="css-y94ivq" style="width: 45px;"><button type="button" class="chakra-button css-mudsm6" data-testid="atc-button"><svg stroke="currentColor" fill="currentColor" stroke-width="0" viewBox="0 0 24 24" focusable="false" class="chakra-icon css-1g3sp7a" data-testid="btn-icon" aria-hidden="true" height="1em" width="1em" xmlns="http://www.w3.org/2000/svg"><path d="M19 13h-6v6h-2v-6H5v-2h6V5h2v6h6v2z"></path></svg><span class="css-idkz9h">Add Ginger Turmeric Herbal Tea to cart</span></button></div></div></div></div></div></div><div class="css-0"><div class="css-f5i5wc"><div class="chakra-linkbox css-vhnn8v"><div data-testid="product-image" class="css-16dr4ly"><img alt="PC Organics Chamomile Herbal Tea 1 ea, $4.49/1ea" src="https://assets.shop.loblaws.ca/products/21410942/b3/en/front/21410942_front_a06_@2.png" srcset="https://assets.shop.loblaws.ca/products/21410942/b3/en/front/21410942_front_a06_@2.png 1x, https://assets.shop.loblaws.ca/products/21410942/b3/en/front/21410942_front_a06_@2.png 2x" loading="lazy" class="chakra-image css-oguq8l" aria-hidden="true"></div><div class="css-qoklea"><div class="css-12dchmx"></div><div data-testid="price-product-tile" class="css-8atqhb"><p class="chakra-text css-0"><span class="chakra-text css-pwnbcb" data-testid="regular-price"><span class="css-idkz9h">$4.49</span>$4.49</span></p></div><a href="/chamomile-herbal-tea/p/21410942_EA?source=nspt" class="chakra-linkbox__overlay css-1hnz6hu"><div class="css-0"><p class="chakra-text css-1ecdp9w" data-testid="product-brand">PC Organics</p><h3 class="chakra-heading css-6qrhwc" id="21410942_EA" data-testid="product-title">Chamomile Herbal Tea</h3><p class="chakra-text css-1yftjin" data-testid="product-package-size">1 ea, $4.49/1ea</p></div></a><div class="css-8keand"></div></div><div class="css-1q5omjq"><div class="css-fcebb8"><div data-testid="atc-compact" class="css-y94ivq" style="width: 45px;"><button type="button" class="chakra-button css-mudsm6" data-testid="atc-button"><svg stroke="currentColor" fill="currentColor" stroke-width="0" viewBox="0 0 24 24" focusable="false" class="chakra-icon css-1g3sp7a" data-testid="btn-icon" aria-hidden="true" height="1em" width="1em" xmlns="http://www.w3.org/2000/svg"><path d="M19 13h-6v6h-2v-6H5v-2h6V5h2v6h6v2z"></path></svg><span class="css-idkz9h">Add Chamomile Herbal Tea to cart</span></button></div></div></div></div></div></div><div class="css-0"><div class="css-f5i5wc"><div class="chakra-linkbox css-vhnn8v"><div data-testid="product-image" class="css-16dr4ly"><img alt="PC Organics Chai 40 g, $11.23/100g" src="https://assets.shop.loblaws.ca/products/21411111/b3/en/front/21411111_front_a06_@2.png" srcset="https://assets.shop.loblaws.ca/products/21411111/b3/en/front/21411111_front_a06_@2.png 1x, https://assets.shop.loblaws.ca/products/21411111/b3/en/front/21411111_front_a06_@2.png 2x" loading="lazy" class="chakra-image css-oguq8l" aria-hidden="true"></div><div class="css-qoklea"><div class="css-12dchmx"></div><div data-testid="price-product-tile" class="css-8atqhb"><p class="chakra-text css-0"><span class="chakra-text css-pwnbcb" data-testid="regular-price"><span class="css-idkz9h">$4.49</span>$4.49</span></p></div><a href="/chai/p/21411111_EA?source=nspt" class="chakra-linkbox__overlay css-1hnz6hu"><div class="css-0"><p class="chakra-text css-1ecdp9w" data-testid="product-brand">PC Organics</p><h3 class="chakra-heading css-6qrhwc" id="21411111_EA" data-testid="product-title">Chai</h3><p class="chakra-text css-1yftjin" data-testid="product-package-size">40 g, $11.23/100g</p></div></a><div class="css-8keand"></div></div><div class="css-1q5omjq"><div class="css-fcebb8"><div data-testid="atc-compact" class="css-y94ivq" style="width: 45px;"><button type="button" class="chakra-button css-mudsm6" data-testid="atc-button"><svg stroke="currentColor" fill="currentColor" stroke-width="0" viewBox="0 0 24 24" focusable="false" class="chakra-icon css-1g3sp7a" data-testid="btn-icon" aria-hidden="true" height="1em" width="1em" xmlns="http://www.w3.org/2000/svg"><path d="M19 13h-6v6h-2v-6H5v-2h6V5h2v6h6v2z"></path></svg><span class="css-idkz9h">Add Chai to cart</span></button></div></div></div></div></div></div><div class="css-0"><div class="css-f5i5wc"><div class="chakra-linkbox css-vhnn8v"><div data-testid="product-image" class="css-16dr4ly"><img alt="Lakewood Pure Cranberry 100% Juice 946 ml, $1.16/100ml" src="https://assets.shop.loblaws.ca/products/21178156/b3/en/front/21178156_front_a06_@2.png" srcset="https://assets.shop.loblaws.ca/products/21178156/b3/en/front/21178156_front_a06_@2.png 1x, https://assets.shop.loblaws.ca/products/21178156/b3/en/front/21178156_front_a06_@2.png 2x" loading="lazy" class="chakra-image css-oguq8l" aria-hidden="true"></div><div class="css-qoklea"><div class="css-12dchmx"></div><div data-testid="price-product-tile" class="css-8atqhb"><p class="chakra-text css-0"><span class="chakra-text css-pwnbcb" data-testid="regular-price"><span class="css-idkz9h">$10.99</span>$10.99</span></p></div><a href="/pure-cranberry-100-juice/p/21178156_EA?source=nspt" class="chakra-linkbox__overlay css-1hnz6hu"><div class="css-0"><p class="chakra-text css-1ecdp9w" data-testid="product-brand">Lakewood</p><h3 class="chakra-heading css-6qrhwc" id="21178156_EA" data-testid="product-title">Pure Cranberry 100% Juice</h3><p class="chakra-text css-1yftjin" data-testid="product-package-size">946 ml, $1.16/100ml</p></div></a><div class="css-8keand"></div></div><div class="css-1q5omjq"><div class="css-fcebb8"><div data-testid="atc-compact" class="css-y94ivq" style="width: 45px;"><button type="button" class="chakra-button css-mudsm6" data-testid="atc-button"><svg stroke="currentColor" fill="currentColor" stroke-width="0" viewBox="0 0 24 24" focusable="false" class="chakra-icon css-1g3sp7a" data-testid="btn-icon" aria-hidden="true" height="1em" width="1em" xmlns="http://www.w3.org/2000/svg"><path d="M19 13h-6v6h-2v-6H5v-2h6V5h2v6h6v2z"></path></svg><span class="css-idkz9h">Add Pure Cranberry 100% Juice to cart</span></button></div></div></div></div></div></div><div class="css-0"><div class="css-f5i5wc"><div class="chakra-linkbox css-vhnn8v"><div data-testid="product-image" class="css-16dr4ly"><img alt="PC Organics Organics Dark Roast Single Serve Coffee Pods 12 ea, $0.75/1ea" src="https://assets.shop.loblaws.ca/products/21029930/b3/en/front/21029930_front_a06_@2.png" srcset="https://assets.shop.loblaws.ca/products/21029930/b3/en/front/21029930_front_a06_@2.png 1x, https://assets.shop.loblaws.ca/products/21029930/b3/en/front/21029930_front_a06_@2.png 2x" loading="lazy" class="chakra-image css-oguq8l" aria-hidden="true"></div><div class="css-qoklea"><div class="css-12dchmx"></div><div data-testid="price-product-tile" class="css-8atqhb"><p class="chakra-text css-0"><span class="chakra-text css-pwnbcb" data-testid="regular-price"><span class="css-idkz9h">$8.99</span>$8.99</span></p></div><a href="/organics-dark-roast-single-serve-coffee-pods/p/21029930_EA?source=nspt" class="chakra-linkbox__overlay css-1hnz6hu"><div class="css-0"><p class="chakra-text css-1ecdp9w" data-testid="product-brand">PC Organics</p><h3 class="chakra-heading css-6qrhwc" id="21029930_EA" data-testid="product-title">Organics Dark Roast Single Serve Coffee Pods</h3><p class="chakra-text css-1yftjin" data-testid="product-package-size">12 ea, $0.75/1ea</p></div></a><div class="css-8keand"></div></div><div class="css-1q5omjq"><div class="css-fcebb8"><div data-testid="atc-compact" class="css-y94ivq" style="width: 45px;"><button type="button" class="chakra-button css-mudsm6" data-testid="atc-button"><svg stroke="currentColor" fill="currentColor" stroke-width="0" viewBox="0 0 24 24" focusable="false" class="chakra-icon css-1g3sp7a" data-testid="btn-icon" aria-hidden="true" height="1em" width="1em" xmlns="http://www.w3.org/2000/svg"><path d="M19 13h-6v6h-2v-6H5v-2h6V5h2v6h6v2z"></path></svg><span class="css-idkz9h">Add Organics Dark Roast Single Serve Coffee Pods to cart</span></button></div></div></div></div></div></div><div class="css-0"><div class="css-f5i5wc"><div class="chakra-linkbox css-vhnn8v"><div data-testid="product-image" class="css-16dr4ly"><img alt="Kiju Organic Pomegranate Cherry Fruit Juice Blend 1 l, $0.33/100ml" src="https://assets.shop.loblaws.ca/products/20312710005/b3/en/front/20312710005_front_a06_@2.png" srcset="https://assets.shop.loblaws.ca/products/20312710005/b3/en/front/20312710005_front_a06_@2.png 1x, https://assets.shop.loblaws.ca/products/20312710005/b3/en/front/20312710005_front_a06_@2.png 2x" loading="lazy" class="chakra-image css-oguq8l" aria-hidden="true"></div><div class="css-qoklea"><div class="css-12dchmx"></div><div data-testid="price-product-tile" class="css-8atqhb"><p class="chakra-text css-0"><span class="chakra-text css-pwnbcb" data-testid="regular-price"><span class="css-idkz9h">$3.29</span>$3.29</span></p></div><a href="/organic-pomegranate-cherry-fruit-juice-blend/p/20312710005_EA?source=nspt" class="chakra-linkbox__overlay css-1hnz6hu"><div class="css-0"><p class="chakra-text css-1ecdp9w" data-testid="product-brand">Kiju</p><h3 class="chakra-heading css-6qrhwc" id="20312710005_EA" data-testid="product-title">Organic Pomegranate Cherry Fruit Juice Blend</h3><p class="chakra-text css-1yftjin" data-testid="product-package-size">1 l, $0.33/100ml</p></div></a><div class="css-8keand"></div></div><div class="css-1q5omjq"><div class="css-fcebb8"><div data-testid="atc-compact" class="css-y94ivq" style="width: 45px;"><button type="button" class="chakra-button css-mudsm6" data-testid="atc-button"><svg stroke="currentColor" fill="currentColor" stroke-width="0" viewBox="0 0 24 24" focusable="false" class="chakra-icon css-1g3sp7a" data-testid="btn-icon" aria-hidden="true" height="1em" width="1em" xmlns="http://www.w3.org/2000/svg"><path d="M19 13h-6v6h-2v-6H5v-2h6V5h2v6h6v2z"></path></svg><span class="css-idkz9h">Add Organic Pomegranate Cherry Fruit Juice Blend to cart</span></button></div></div></div></div></div></div><div class="css-0"><div class="css-f5i5wc"><div class="chakra-linkbox css-vhnn8v"><div data-testid="product-image" class="css-16dr4ly"><img alt="Kicking Horse Organic Fairtrade Dark Roast Whole Bean Coffee, Grizzly Claw 454 g, $3.74/100g" src="https://assets.shop.loblaws.ca/products/20322468008/b3/en/front/20322468008_front_a06_@2.png" srcset="https://assets.shop.loblaws.ca/products/20322468008/b3/en/front/20322468008_front_a06_@2.png 1x, https://assets.shop.loblaws.ca/products/20322468008/b3/en/front/20322468008_front_a06_@2.png 2x" loading="lazy" class="chakra-image css-oguq8l" aria-hidden="true"></div><div class="css-qoklea"><div class="css-12dchmx"></div><div data-testid="price-product-tile" class="css-8atqhb"><p class="chakra-text css-0"><span class="chakra-text css-pwnbcb" data-testid="regular-price"><span class="css-idkz9h">$16.99</span>$16.99</span></p></div><a href="/organic-fairtrade-dark-roast-whole-bean-coffee-gri/p/20322468008_EA?source=nspt" class="chakra-linkbox__overlay css-1hnz6hu"><div class="css-0"><p class="chakra-text css-1ecdp9w" data-testid="product-brand">Kicking Horse</p><h3 class="chakra-heading css-6qrhwc" id="20322468008_EA" data-testid="product-title">Organic Fairtrade Dark Roast Whole Bean Coffee, Grizzly Claw</h3><p class="chakra-text css-1yftjin" data-testid="product-package-size">454 g, $3.74/100g</p></div></a><div class="css-8keand"></div></div><div class="css-1q5omjq"><div class="css-fcebb8"><div data-testid="atc-compact" class="css-y94ivq" style="width: 45px;"><button type="button" class="chakra-button css-mudsm6" data-testid="atc-button"><svg stroke="currentColor" fill="currentColor" stroke-width="0" viewBox="0 0 24 24" focusable="false" class="chakra-icon css-1g3sp7a" data-testid="btn-icon" aria-hidden="true" height="1em" width="1em" xmlns="http://www.w3.org/2000/svg"><path d="M19 13h-6v6h-2v-6H5v-2h6V5h2v6h6v2z"></path></svg><span class="css-idkz9h">Add Organic Fairtrade Dark Roast Whole Bean Coffee, Grizzly Claw to cart</span></button></div></div></div></div></div></div><div class="css-0"><div class="css-f5i5wc"><div class="chakra-linkbox css-vhnn8v"><div data-testid="product-image" class="css-16dr4ly"><img alt="Traditional Medicinals Raspberry Leaf Organic Wrapped Tea Bags 16 ea, $0.33/1ea" src="https://assets.shop.loblaws.ca/products/21397454/b3/en/front/21397454_front_a06_@2.png" srcset="https://assets.shop.loblaws.ca/products/21397454/b3/en/front/21397454_front_a06_@2.png 1x, https://assets.shop.loblaws.ca/products/21397454/b3/en/front/21397454_front_a06_@2.png 2x" loading="lazy" class="chakra-image css-oguq8l" aria-hidden="true"></div><div class="css-qoklea"><div class="css-12dchmx"></div><div data-testid="price-product-tile" class="css-8atqhb"><p class="chakra-text css-0"><span class="chakra-text css-pwnbcb" data-testid="regular-price"><span class="css-idkz9h">$5.29</span>$5.29</span></p></div><a href="/raspberry-leaf-organic-wrapped-tea-bags/p/21397454_EA?source=nspt" class="chakra-linkbox__overlay css-1hnz6hu"><div class="css-0"><p class="chakra-text css-1ecdp9w" data-testid="product-brand">Traditional Medicinals</p><h3 class="chakra-heading css-6qrhwc" id="21397454_EA" data-testid="product-title">Raspberry Leaf Organic Wrapped Tea Bags</h3><p class="chakra-text css-1yftjin" data-testid="product-package-size">16 ea, $0.33/1ea</p></div></a><div class="css-8keand"></div></div><div class="css-1q5omjq"><div class="css-fcebb8"><div data-testid="atc-compact" class="css-y94ivq" style="width: 45px;"><button type="button" class="chakra-button css-mudsm6" data-testid="atc-button"><svg stroke="currentColor" fill="currentColor" stroke-width="0" viewBox="0 0 24 24" focusable="false" class="chakra-icon css-1g3sp7a" data-testid="btn-icon" aria-hidden="true" height="1em" width="1em" xmlns="http://www.w3.org/2000/svg"><path d="M19 13h-6v6h-2v-6H5v-2h6V5h2v6h6v2z"></path></svg><span class="css-idkz9h">Add Raspberry Leaf Organic Wrapped Tea Bags to cart</span></button></div></div></div></div></div></div><div class="css-0"><div class="css-f5i5wc"><div class="chakra-linkbox css-vhnn8v"><div data-testid="product-image" class="css-16dr4ly"><img alt="Kicking Horse Organic Fairtrade Light Roast Whole Bean Coffee, Hola 454 g, $3.74/100g" src="https://assets.shop.loblaws.ca/products/20982002/b3/en/front/20982002_front_a06_@2.png" srcset="https://assets.shop.loblaws.ca/products/20982002/b3/en/front/20982002_front_a06_@2.png 1x, https://assets.shop.loblaws.ca/products/20982002/b3/en/front/20982002_front_a06_@2.png 2x" loading="lazy" class="chakra-image css-oguq8l" aria-hidden="true"></div><div class="css-qoklea"><div class="css-12dchmx"></div><div data-testid="price-product-tile" class="css-8atqhb"><p class="chakra-text css-0"><span class="chakra-text css-pwnbcb" data-testid="regular-price"><span class="css-idkz9h">$16.99</span>$16.99</span></p></div><a href="/organic-fairtrade-light-roast-whole-bean-coffee-ho/p/20982002_EA?source=nspt" class="chakra-linkbox__overlay css-1hnz6hu"><div class="css-0"><p class="chakra-text css-1ecdp9w" data-testid="product-brand">Kicking Horse</p><h3 class="chakra-heading css-6qrhwc" id="20982002_EA" data-testid="product-title">Organic Fairtrade Light Roast Whole Bean Coffee, Hola</h3><p class="chakra-text css-1yftjin" data-testid="product-package-size">454 g, $3.74/100g</p></div></a><div class="css-8keand"></div></div><div class="css-1q5omjq"><div class="css-fcebb8"><div data-testid="atc-compact" class="css-y94ivq" style="width: 45px;"><button type="button" class="chakra-button css-mudsm6" data-testid="atc-button"><svg stroke="currentColor" fill="currentColor" stroke-width="0" viewBox="0 0 24 24" focusable="false" class="chakra-icon css-1g3sp7a" data-testid="btn-icon" aria-hidden="true" height="1em" width="1em" xmlns="http://www.w3.org/2000/svg"><path d="M19 13h-6v6h-2v-6H5v-2h6V5h2v6h6v2z"></path></svg><span class="css-idkz9h">Add Organic Fairtrade Light Roast Whole Bean Coffee, Hola to cart</span></button></div></div><div class="css-4saf4a"><p class="chakra-text css-py8788" data-testid="inventory-badge-text">Low Stock</p></div></div></div></div></div><div class="css-0"><div class="css-f5i5wc"><div class="chakra-linkbox css-vhnn8v"><div data-testid="product-image" class="css-16dr4ly"><img alt="Zevia Zero Sugar Soda, Grape 6x355.0 ml, $0.30/100ml" src="https://assets.shop.loblaws.ca/products/21105195/b3/en/front/21105195_front_a06_@2.png" srcset="https://assets.shop.loblaws.ca/products/21105195/b3/en/front/21105195_front_a06_@2.png 1x, https://assets.shop.loblaws.ca/products/21105195/b3/en/front/21105195_front_a06_@2.png 2x" loading="lazy" class="chakra-image css-oguq8l" aria-hidden="true"></div><div class="css-qoklea"><div class="css-12dchmx"></div><div data-testid="price-product-tile" class="css-8atqhb"><p class="chakra-text css-0"><span class="chakra-text css-o93gbd" data-testid="sale-price"><span class="css-idkz9h">$6.29</span>$6.29</span><span class="chakra-text css-623q5h" data-testid="was-price"><span class="css-idkz9h">$6.99</span>$6.99</span></p><p class="chakra-text css-1m5a6y8" data-testid="price-descriptor">SAVE $0.70</p></div><a href="/zero-sugar-soda-grape/p/21105195_C06?source=nspt" class="chakra-linkbox__overlay css-1hnz6hu"><div class="css-0"><p class="chakra-text css-1ecdp9w" data-testid="product-brand">Zevia</p><h3 class="chakra-heading css-6qrhwc" id="21105195_C06" data-testid="product-title">Zero Sugar Soda, Grape</h3><p class="chakra-text css-1yftjin" data-testid="product-package-size">6x355.0 ml, $0.30/100ml</p></div></a><div class="css-8keand"></div></div><div class="css-1q5omjq"><div class="css-fcebb8"><div data-testid="atc-compact" class="css-y94ivq" style="width: 45px;"><button type="button" class="chakra-button css-mudsm6" data-testid="atc-button"><svg stroke="currentColor" fill="currentColor" stroke-width="0" viewBox="0 0 24 24" focusable="false" class="chakra-icon css-1g3sp7a" data-testid="btn-icon" aria-hidden="true" height="1em" width="1em" xmlns="http://www.w3.org/2000/svg"><path d="M19 13h-6v6h-2v-6H5v-2h6V5h2v6h6v2z"></path></svg><span class="css-idkz9h">Add Zero Sugar Soda, Grape to cart</span></button></div></div></div></div></div></div><div class="css-0"><div class="css-f5i5wc"><div class="chakra-linkbox css-vhnn8v"><div data-testid="product-image" class="css-16dr4ly"><img alt="Traditional Medicinals Chamomile Organic Wrapped Tea Bags 16 ea, $0.33/1ea" src="https://assets.shop.loblaws.ca/products/21398618/b3/en/front/21398618_front_a06_@2.png" srcset="https://assets.shop.loblaws.ca/products/21398618/b3/en/front/21398618_front_a06_@2.png 1x, https://assets.shop.loblaws.ca/products/21398618/b3/en/front/21398618_front_a06_@2.png 2x" loading="lazy" class="chakra-image css-oguq8l" aria-hidden="true"></div><div class="css-qoklea"><div class="css-12dchmx"></div><div data-testid="price-product-tile" class="css-8atqhb"><p class="chakra-text css-0"><span class="chakra-text css-pwnbcb" data-testid="regular-price"><span class="css-idkz9h">$5.29</span>$5.29</span></p></div><a href="/chamomile-organic-wrapped-tea-bags/p/21398618_EA?source=nspt" class="chakra-linkbox__overlay css-1hnz6hu"><div class="css-0"><p class="chakra-text css-1ecdp9w" data-testid="product-brand">Traditional Medicinals</p><h3 class="chakra-heading css-6qrhwc" id="21398618_EA" data-testid="product-title">Chamomile Organic Wrapped Tea Bags</h3><p class="chakra-text css-1yftjin" data-testid="product-package-size">16 ea, $0.33/1ea</p></div></a><div class="css-8keand"></div></div><div class="css-1q5omjq"><div class="css-fcebb8"><div data-testid="atc-compact" class="css-y94ivq" style="width: 45px;"><button type="button" class="chakra-button css-mudsm6" data-testid="atc-button"><svg stroke="currentColor" fill="currentColor" stroke-width="0" viewBox="0 0 24 24" focusable="false" class="chakra-icon css-1g3sp7a" data-testid="btn-icon" aria-hidden="true" height="1em" width="1em" xmlns="http://www.w3.org/2000/svg"><path d="M19 13h-6v6h-2v-6H5v-2h6V5h2v6h6v2z"></path></svg><span class="css-idkz9h">Add Chamomile Organic Wrapped Tea Bags to cart</span></button></div></div></div></div></div></div><div class="css-0"><div class="css-f5i5wc"><div class="chakra-linkbox css-vhnn8v"><div data-testid="product-image" class="css-16dr4ly"><img alt="Flow Water Spring Water (Case) 6x500.0 ml, $0.27/100ml" src="https://assets.shop.loblaws.ca/products/21033026/b3/en/front/21033026_front_a06_@2.png" srcset="https://assets.shop.loblaws.ca/products/21033026/b3/en/front/21033026_front_a06_@2.png 1x, https://assets.shop.loblaws.ca/products/21033026/b3/en/front/21033026_front_a06_@2.png 2x" loading="lazy" class="chakra-image css-oguq8l" aria-hidden="true"></div><div class="css-qoklea"><div class="css-12dchmx"></div><div data-testid="price-product-tile" class="css-8atqhb"><p class="chakra-text css-0"><span class="chakra-text css-o93gbd" data-testid="sale-price"><span class="css-idkz9h">$7.99</span>$7.99</span><span class="chakra-text css-623q5h" data-testid="was-price"><span class="css-idkz9h">$8.99</span>$8.99</span></p><p class="chakra-text css-1m5a6y8" data-testid="price-descriptor">SAVE $1.00</p></div><a href="/spring-water-case/p/21033026_C01?source=nspt" class="chakra-linkbox__overlay css-1hnz6hu"><div class="css-0"><p class="chakra-text css-1ecdp9w" data-testid="product-brand">Flow Water</p><h3 class="chakra-heading css-6qrhwc" id="21033026_C01" data-testid="product-title">Spring Water (Case)</h3><p class="chakra-text css-1yftjin" data-testid="product-package-size">6x500.0 ml, $0.27/100ml</p></div></a><div class="css-8keand"></div></div><div class="css-1q5omjq"><div class="css-fcebb8"><div data-testid="atc-compact" class="css-y94ivq" style="width: 45px;"><button type="button" class="chakra-button css-mudsm6" data-testid="atc-button"><svg stroke="currentColor" fill="currentColor" stroke-width="0" viewBox="0 0 24 24" focusable="false" class="chakra-icon css-1g3sp7a" data-testid="btn-icon" aria-hidden="true" height="1em" width="1em" xmlns="http://www.w3.org/2000/svg"><path d="M19 13h-6v6h-2v-6H5v-2h6V5h2v6h6v2z"></path></svg><span class="css-idkz9h">Add Spring Water (Case) to cart</span></button></div></div><div class="css-4saf4a"><p class="chakra-text css-py8788" data-testid="inventory-badge-text">Low Stock</p></div></div></div></div></div><div class="css-0"><div class="css-f5i5wc"><div class="chakra-linkbox css-vhnn8v"><div data-testid="product-image" class="css-16dr4ly"><img alt="Kicking Horse Organic Fairtrade Dark Roast Whole Bean Coffee, Kick Ass 454 g, $3.74/100g" src="https://assets.shop.loblaws.ca/products/20322468001/b3/en/front/20322468001_front_a06_@2.png" srcset="https://assets.shop.loblaws.ca/products/20322468001/b3/en/front/20322468001_front_a06_@2.png 1x, https://assets.shop.loblaws.ca/products/20322468001/b3/en/front/20322468001_front_a06_@2.png 2x" loading="lazy" class="chakra-image css-oguq8l" aria-hidden="true"></div><div class="css-qoklea"><div class="css-12dchmx"></div><div data-testid="price-product-tile" class="css-8atqhb"><p class="chakra-text css-0"><span class="chakra-text css-pwnbcb" data-testid="regular-price"><span class="css-idkz9h">$16.99</span>$16.99</span></p></div><a href="/organic-fairtrade-dark-roast-whole-bean-coffee-kic/p/20322468001_EA?source=nspt" class="chakra-linkbox__overlay css-1hnz6hu"><div class="css-0"><p class="chakra-text css-1ecdp9w" data-testid="product-brand">Kicking Horse</p><h3 class="chakra-heading css-6qrhwc" id="20322468001_EA" data-testid="product-title">Organic Fairtrade Dark Roast Whole Bean Coffee, Kick Ass</h3><p class="chakra-text css-1yftjin" data-testid="product-package-size">454 g, $3.74/100g</p></div></a><div class="css-8keand"></div></div><div class="css-1q5omjq"><div class="css-fcebb8"><div data-testid="atc-compact" class="css-y94ivq" style="width: 45px;"><button type="button" class="chakra-button css-mudsm6" data-testid="atc-button"><svg stroke="currentColor" fill="currentColor" stroke-width="0" viewBox="0 0 24 24" focusable="false" class="chakra-icon css-1g3sp7a" data-testid="btn-icon" aria-hidden="true" height="1em" width="1em" xmlns="http://www.w3.org/2000/svg"><path d="M19 13h-6v6h-2v-6H5v-2h6V5h2v6h6v2z"></path></svg><span class="css-idkz9h">Add Organic Fairtrade Dark Roast Whole Bean Coffee, Kick Ass to cart</span></button></div></div></div></div></div></div><div class="css-0"><div class="css-f5i5wc"><div class="chakra-linkbox css-vhnn8v"><div data-testid="product-image" class="css-16dr4ly"><img alt="Traditional Medicinals Roasted Dandelion Root Organic Wrapped Tea Bags 16 ea, $0.33/1ea" src="https://assets.shop.loblaws.ca/products/21397739/b3/en/front/21397739_front_a06_@2.png" srcset="https://assets.shop.loblaws.ca/products/21397739/b3/en/front/21397739_front_a06_@2.png 1x, https://assets.shop.loblaws.ca/products/21397739/b3/en/front/21397739_front_a06_@2.png 2x" loading="lazy" class="chakra-image css-oguq8l" aria-hidden="true"></div><div class="css-qoklea"><div class="css-12dchmx"></div><div data-testid="price-product-tile" class="css-8atqhb"><p class="chakra-text css-0"><span class="chakra-text css-pwnbcb" data-testid="regular-price"><span class="css-idkz9h">$5.29</span>$5.29</span></p></div><a href="/roasted-dandelion-root-organic-wrapped-tea-bags/p/21397739_EA?source=nspt" class="chakra-linkbox__overlay css-1hnz6hu"><div class="css-0"><p class="chakra-text css-1ecdp9w" data-testid="product-brand">Traditional Medicinals</p><h3 class="chakra-heading css-6qrhwc" id="21397739_EA" data-testid="product-title">Roasted Dandelion Root Organic Wrapped Tea Bags</h3><p class="chakra-text css-1yftjin" data-testid="product-package-size">16 ea, $0.33/1ea</p></div></a><div class="css-8keand"></div></div><div class="css-1q5omjq"><div class="css-fcebb8"><div data-testid="atc-compact" class="css-y94ivq" style="width: 45px;"><button type="button" class="chakra-button css-mudsm6" data-testid="atc-button"><svg stroke="currentColor" fill="currentColor" stroke-width="0" viewBox="0 0 24 24" focusable="false" class="chakra-icon css-1g3sp7a" data-testid="btn-icon" aria-hidden="true" height="1em" width="1em" xmlns="http://www.w3.org/2000/svg"><path d="M19 13h-6v6h-2v-6H5v-2h6V5h2v6h6v2z"></path></svg><span class="css-idkz9h">Add Roasted Dandelion Root Organic Wrapped Tea Bags to cart</span></button></div></div></div></div></div></div><div class="css-0"><div class="css-f5i5wc"><div class="chakra-linkbox css-vhnn8v"><div data-testid="product-image" class="css-16dr4ly"><img alt="COVE Gut Healthy Soda Orange 4x355.0 ml, $0.67/100ml" src="https://assets.shop.loblaws.ca/products/21515706/b3/en/front/21515706_front_a06_@2.png" srcset="https://assets.shop.loblaws.ca/products/21515706/b3/en/front/21515706_front_a06_@2.png 1x, https://assets.shop.loblaws.ca/products/21515706/b3/en/front/21515706_front_a06_@2.png 2x" loading="lazy" class="chakra-image css-oguq8l" aria-hidden="true"></div><div class="css-qoklea"><div class="css-12dchmx"></div><div data-testid="price-product-tile" class="css-8atqhb"><p class="chakra-text css-0"><span class="chakra-text css-pwnbcb" data-testid="regular-price"><span class="css-idkz9h">$9.49</span>$9.49</span></p></div><a href="/gut-healthy-soda-orange/p/21515706_EA?source=nspt" class="chakra-linkbox__overlay css-1hnz6hu"><div class="css-0"><p class="chakra-text css-1ecdp9w" data-testid="product-brand">COVE</p><h3 class="chakra-heading css-6qrhwc" id="21515706_EA" data-testid="product-title">Gut Healthy Soda Orange</h3><p class="chakra-text css-1yftjin" data-testid="product-package-size">4x355.0 ml, $0.67/100ml</p></div></a><div class="css-8keand"></div></div><div class="css-1q5omjq"><div class="css-fcebb8"><div data-testid="atc-compact" class="css-y94ivq" style="width: 45px;"><button type="button" class="chakra-button css-mudsm6" data-testid="atc-button"><svg stroke="currentColor" fill="currentColor" stroke-width="0" viewBox="0 0 24 24" focusable="false" class="chakra-icon css-1g3sp7a" data-testid="btn-icon" aria-hidden="true" height="1em" width="1em" xmlns="http://www.w3.org/2000/svg"><path d="M19 13h-6v6h-2v-6H5v-2h6V5h2v6h6v2z"></path></svg><span class="css-idkz9h">Add Gut Healthy Soda Orange to cart</span></button></div></div></div></div></div></div><div class="css-0"><div class="css-f5i5wc"><div class="chakra-linkbox css-vhnn8v"><div data-testid="product-image" class="css-16dr4ly"><img alt="Kicking Horse Organic Ground Coffee, Decaf 284 g, $4.93/100g" src="https://assets.shop.loblaws.ca/products/21517176/b3/en/front/21517176_front_a06_@2.png" srcset="https://assets.shop.loblaws.ca/products/21517176/b3/en/front/21517176_front_a06_@2.png 1x, https://assets.shop.loblaws.ca/products/21517176/b3/en/front/21517176_front_a06_@2.png 2x" loading="lazy" class="chakra-image css-oguq8l" aria-hidden="true"></div><div class="css-qoklea"><div class="css-12dchmx"></div><div data-testid="price-product-tile" class="css-8atqhb"><p class="chakra-text css-0"><span class="chakra-text css-pwnbcb" data-testid="regular-price"><span class="css-idkz9h">$13.99</span>$13.99</span></p></div><a href="/organic-ground-coffee-decaf/p/21517176_EA?source=nspt" class="chakra-linkbox__overlay css-1hnz6hu"><div class="css-0"><p class="chakra-text css-1ecdp9w" data-testid="product-brand">Kicking Horse</p><h3 class="chakra-heading css-6qrhwc" id="21517176_EA" data-testid="product-title">Organic Ground Coffee, Decaf</h3><p class="chakra-text css-1yftjin" data-testid="product-package-size">284 g, $4.93/100g</p></div></a><div class="css-8keand"></div></div><div class="css-1q5omjq"><div class="css-fcebb8"><div data-testid="atc-compact" class="css-y94ivq" style="width: 45px;"><button type="button" class="chakra-button css-mudsm6" data-testid="atc-button"><svg stroke="currentColor" fill="currentColor" stroke-width="0" viewBox="0 0 24 24" focusable="false" class="chakra-icon css-1g3sp7a" data-testid="btn-icon" aria-hidden="true" height="1em" width="1em" xmlns="http://www.w3.org/2000/svg"><path d="M19 13h-6v6h-2v-6H5v-2h6V5h2v6h6v2z"></path></svg><span class="css-idkz9h">Add Organic Ground Coffee, Decaf to cart</span></button></div></div></div></div></div></div><div class="css-0"><div class="css-f5i5wc"><div class="chakra-linkbox css-vhnn8v"><div data-testid="product-image" class="css-16dr4ly"><img alt="PC Organics Cranberry 946 ml, $1.16/100ml" src="https://assets.shop.loblaws.ca/products/20956951/b3/en/front/20956951_front_a06_@2.png" srcset="https://assets.shop.loblaws.ca/products/20956951/b3/en/front/20956951_front_a06_@2.png 1x, https://assets.shop.loblaws.ca/products/20956951/b3/en/front/20956951_front_a06_@2.png 2x" loading="lazy" class="chakra-image css-oguq8l" aria-hidden="true"></div><div class="css-qoklea"><div class="css-12dchmx"></div><div data-testid="price-product-tile" class="css-8atqhb"><p class="chakra-text css-0"><span class="chakra-text css-pwnbcb" data-testid="regular-price"><span class="css-idkz9h">$10.99</span>$10.99</span></p></div><a href="/cranberry/p/20956951_EA?source=nspt" class="chakra-linkbox__overlay css-1hnz6hu"><div class="css-0"><p class="chakra-text css-1ecdp9w" data-testid="product-brand">PC Organics</p><h3 class="chakra-heading css-6qrhwc" id="20956951_EA" data-testid="product-title">Cranberry</h3><p class="chakra-text css-1yftjin" data-testid="product-package-size">946 ml, $1.16/100ml</p></div></a><div class="css-8keand"></div></div><div class="css-1q5omjq"><div class="css-fcebb8"><div data-testid="atc-compact" class="css-y94ivq" style="width: 45px;"><button type="button" class="chakra-button css-mudsm6" data-testid="atc-button"><svg stroke="currentColor" fill="currentColor" stroke-width="0" viewBox="0 0 24 24" focusable="false" class="chakra-icon css-1g3sp7a" data-testid="btn-icon" aria-hidden="true" height="1em" width="1em" xmlns="http://www.w3.org/2000/svg"><path d="M19 13h-6v6h-2v-6H5v-2h6V5h2v6h6v2z"></path></svg><span class="css-idkz9h">Add Cranberry to cart</span></button></div></div></div></div></div></div><div class="css-0"><div class="css-f5i5wc"><div class="chakra-linkbox css-vhnn8v"><div data-testid="product-image" class="css-16dr4ly"><img alt="PC Organics Swiss Water Process Decaffeinated Medium Dark Roast Single Serve Coffee Pods 12 ea, $0.75/1ea" src="https://assets.shop.loblaws.ca/products/21030336/b3/en/front/21030336_front_a06_@2.png" srcset="https://assets.shop.loblaws.ca/products/21030336/b3/en/front/21030336_front_a06_@2.png 1x, https://assets.shop.loblaws.ca/products/21030336/b3/en/front/21030336_front_a06_@2.png 2x" loading="lazy" class="chakra-image css-oguq8l" aria-hidden="true"></div><div class="css-qoklea"><div class="css-12dchmx"></div><div data-testid="price-product-tile" class="css-8atqhb"><p class="chakra-text css-0"><span class="chakra-text css-pwnbcb" data-testid="regular-price"><span class="css-idkz9h">$8.99</span>$8.99</span></p></div><a href="/swiss-water-process-decaffeinated-medium-dark-roas/p/21030336_EA?source=nspt" class="chakra-linkbox__overlay css-1hnz6hu"><div class="css-0"><p class="chakra-text css-1ecdp9w" data-testid="product-brand">PC Organics</p><h3 class="chakra-heading css-6qrhwc" id="21030336_EA" data-testid="product-title">Swiss Water Process Decaffeinated Medium Dark Roast Single Serve Coffee Pods</h3><p class="chakra-text css-1yftjin" data-testid="product-package-size">12 ea, $0.75/1ea</p></div></a><div class="css-8keand"></div></div><div class="css-1q5omjq"><div class="css-fcebb8"><div data-testid="atc-compact" class="css-y94ivq" style="width: 45px;"><button type="button" class="chakra-button css-mudsm6" data-testid="atc-button"><svg stroke="currentColor" fill="currentColor" stroke-width="0" viewBox="0 0 24 24" focusable="false" class="chakra-icon css-1g3sp7a" data-testid="btn-icon" aria-hidden="true" height="1em" width="1em" xmlns="http://www.w3.org/2000/svg"><path d="M19 13h-6v6h-2v-6H5v-2h6V5h2v6h6v2z"></path></svg><span class="css-idkz9h">Add Swiss Water Process Decaffeinated Medium Dark Roast Single Serve Coffee Pods to cart</span></button></div></div></div></div></div></div><div class="css-0"><div class="css-f5i5wc"><div class="chakra-linkbox css-vhnn8v"><div data-testid="product-image" class="css-16dr4ly"><img alt="Kiju Organic Apple Grape Fruit Juice Blend 1 l, $0.33/100ml" src="https://assets.shop.loblaws.ca/products/20312710003/b3/en/front/20312710003_front_a06_@2.png" srcset="https://assets.shop.loblaws.ca/products/20312710003/b3/en/front/20312710003_front_a06_@2.png 1x, https://assets.shop.loblaws.ca/products/20312710003/b3/en/front/20312710003_front_a06_@2.png 2x" loading="lazy" class="chakra-image css-oguq8l" aria-hidden="true"></div><div class="css-qoklea"><div class="css-12dchmx"></div><div data-testid="price-product-tile" class="css-8atqhb"><p class="chakra-text css-0"><span class="chakra-text css-pwnbcb" data-testid="regular-price"><span class="css-idkz9h">$3.29</span>$3.29</span></p></div><a href="/organic-apple-grape-fruit-juice-blend/p/20312710003_EA?source=nspt" class="chakra-linkbox__overlay css-1hnz6hu"><div class="css-0"><p class="chakra-text css-1ecdp9w" data-testid="product-brand">Kiju</p><h3 class="chakra-heading css-6qrhwc" id="20312710003_EA" data-testid="product-title">Organic Apple Grape Fruit Juice Blend</h3><p class="chakra-text css-1yftjin" data-testid="product-package-size">1 l, $0.33/100ml</p></div></a><div class="css-8keand"></div></div><div class="css-1q5omjq"><div class="css-fcebb8"><div data-testid="atc-compact" class="css-y94ivq" style="width: 45px;"><button type="button" class="chakra-button css-mudsm6" data-testid="atc-button"><svg stroke="currentColor" fill="currentColor" stroke-width="0" viewBox="0 0 24 24" focusable="false" class="chakra-icon css-1g3sp7a" data-testid="btn-icon" aria-hidden="true" height="1em" width="1em" xmlns="http://www.w3.org/2000/svg"><path d="M19 13h-6v6h-2v-6H5v-2h6V5h2v6h6v2z"></path></svg><span class="css-idkz9h">Add Organic Apple Grape Fruit Juice Blend to cart</span></button></div></div></div></div></div></div><div class="css-0"><div class="css-f5i5wc"><div class="chakra-linkbox css-vhnn8v"><div data-testid="product-image" class="css-16dr4ly"><img alt="Kiju Organic Apple Grape Fruit Juice Boxes 4x200.0 ml, $0.41/100ml" src="https://assets.shop.loblaws.ca/products/20333714002/b3/en/front/20333714002_front_a06_@2.png" srcset="https://assets.shop.loblaws.ca/products/20333714002/b3/en/front/20333714002_front_a06_@2.png 1x, https://assets.shop.loblaws.ca/products/20333714002/b3/en/front/20333714002_front_a06_@2.png 2x" loading="lazy" class="chakra-image css-oguq8l" aria-hidden="true"></div><div class="css-qoklea"><div class="css-12dchmx"></div><div data-testid="price-product-tile" class="css-8atqhb"><p class="chakra-text css-0"><span class="chakra-text css-pwnbcb" data-testid="regular-price"><span class="css-idkz9h">$3.29</span>$3.29</span></p></div><a href="/organic-apple-grape-fruit-juice-boxes/p/20333714002_EA?source=nspt" class="chakra-linkbox__overlay css-1hnz6hu"><div class="css-0"><p class="chakra-text css-1ecdp9w" data-testid="product-brand">Kiju</p><h3 class="chakra-heading css-6qrhwc" id="20333714002_EA" data-testid="product-title">Organic Apple Grape Fruit Juice Boxes</h3><p class="chakra-text css-1yftjin" data-testid="product-package-size">4x200.0 ml, $0.41/100ml</p></div></a><div class="css-8keand"></div></div><div class="css-1q5omjq"><div class="css-fcebb8"><div data-testid="atc-compact" class="css-y94ivq" style="width: 45px;"><button type="button" class="chakra-button css-mudsm6" data-testid="atc-button"><svg stroke="currentColor" fill="currentColor" stroke-width="0" viewBox="0 0 24 24" focusable="false" class="chakra-icon css-1g3sp7a" data-testid="btn-icon" aria-hidden="true" height="1em" width="1em" xmlns="http://www.w3.org/2000/svg"><path d="M19 13h-6v6h-2v-6H5v-2h6V5h2v6h6v2z"></path></svg><span class="css-idkz9h">Add Organic Apple Grape Fruit Juice Boxes to cart</span></button></div></div></div></div></div></div><div class="css-0"><div class="css-f5i5wc"><div class="chakra-linkbox css-vhnn8v"><div data-testid="product-image" class="css-16dr4ly"><img alt="PC Organics Medium Roast Ground Coffee 250 g, $3.20/100g" src="https://assets.shop.loblaws.ca/products/21405540/b3/en/front/21405540_front_a06_@2.png" srcset="https://assets.shop.loblaws.ca/products/21405540/b3/en/front/21405540_front_a06_@2.png 1x, https://assets.shop.loblaws.ca/products/21405540/b3/en/front/21405540_front_a06_@2.png 2x" loading="lazy" class="chakra-image css-oguq8l" aria-hidden="true"></div><div class="css-qoklea"><div class="css-12dchmx"></div><div data-testid="price-product-tile" class="css-8atqhb"><p class="chakra-text css-0"><span class="chakra-text css-pwnbcb" data-testid="regular-price"><span class="css-idkz9h">$7.99</span>$7.99</span></p></div><a href="/medium-roast-ground-coffee/p/21405540_EA?source=nspt" class="chakra-linkbox__overlay css-1hnz6hu"><div class="css-0"><p class="chakra-text css-1ecdp9w" data-testid="product-brand">PC Organics</p><h3 class="chakra-heading css-6qrhwc" id="21405540_EA" data-testid="product-title">Medium Roast Ground Coffee</h3><p class="chakra-text css-1yftjin" data-testid="product-package-size">250 g, $3.20/100g</p></div></a><div class="css-8keand"></div></div><div class="css-1q5omjq"><div class="css-fcebb8"><div data-testid="atc-compact" class="css-y94ivq" style="width: 45px;"><button type="button" class="chakra-button css-mudsm6" data-testid="atc-button"><svg stroke="currentColor" fill="currentColor" stroke-width="0" viewBox="0 0 24 24" focusable="false" class="chakra-icon css-1g3sp7a" data-testid="btn-icon" aria-hidden="true" height="1em" width="1em" xmlns="http://www.w3.org/2000/svg"><path d="M19 13h-6v6h-2v-6H5v-2h6V5h2v6h6v2z"></path></svg><span class="css-idkz9h">Add Medium Roast Ground Coffee to cart</span></button></div></div></div></div></div></div></div><div data-testid="product-grid" class="css-epcqr3"><div class="css-0"><div class="css-f5i5wc"><div class="chakra-linkbox css-vhnn8v"><div data-testid="product-image" class="css-16dr4ly"><img alt="PC Organics Green Tea Blend, Honey &amp; Ginger 1 ea, $4.49/1ea" src="https://assets.shop.loblaws.ca/products/21411105/b3/en/front/21411105_front_a06_@2.png" srcset="https://assets.shop.loblaws.ca/products/21411105/b3/en/front/21411105_front_a06_@2.png 1x, https://assets.shop.loblaws.ca/products/21411105/b3/en/front/21411105_front_a06_@2.png 2x" loading="lazy" class="chakra-image css-oguq8l" aria-hidden="true"></div><div class="css-qoklea"><div class="css-12dchmx"></div><div data-testid="price-product-tile" class="css-8atqhb"><p class="chakra-text css-0"><span class="chakra-text css-pwnbcb" data-testid="regular-price"><span class="css-idkz9h">$4.49</span>$4.49</span></p></div><a href="/green-tea-blend-honey-ginger/p/21411105_EA?source=nspt" class="chakra-linkbox__overlay css-1hnz6hu"><div class="css-0"><p class="chakra-text css-1ecdp9w" data-testid="product-brand">PC Organics</p><h3 class="chakra-heading css-6qrhwc" id="21411105_EA" data-testid="product-title">Green Tea Blend, Honey &amp; Ginger</h3><p class="chakra-text css-1yftjin" data-testid="product-package-size">1 ea, $4.49/1ea</p></div></a><div class="css-8keand"></div></div><div class="css-1q5omjq"><div class="css-fcebb8"><div data-testid="atc-compact" class="css-y94ivq" style="width: 45px;"><button type="button" class="chakra-button css-mudsm6" data-testid="atc-button"><svg stroke="currentColor" fill="currentColor" stroke-width="0" viewBox="0 0 24 24" focusable="false" class="chakra-icon css-1g3sp7a" data-testid="btn-icon" aria-hidden="true" height="1em" width="1em" xmlns="http://www.w3.org/2000/svg"><path d="M19 13h-6v6h-2v-6H5v-2h6V5h2v6h6v2z"></path></svg><span class="css-idkz9h">Add Green Tea Blend, Honey &amp; Ginger to cart</span></button></div></div></div></div></div></div><div class="css-0"><div class="css-f5i5wc"><div class="chakra-linkbox css-vhnn8v"><div data-testid="product-image" class="css-16dr4ly"><img alt="Traditional Medicinals Wrapped Tea Bags Nighty Night Original With Passionflower Organic 28 g, $18.89/100g" src="https://assets.shop.loblaws.ca/products/21397787/b3/en/front/21397787_front_a06_@2.png" srcset="https://assets.shop.loblaws.ca/products/21397787/b3/en/front/21397787_front_a06_@2.png 1x, https://assets.shop.loblaws.ca/products/21397787/b3/en/front/21397787_front_a06_@2.png 2x" loading="lazy" class="chakra-image css-oguq8l" aria-hidden="true"></div><div class="css-qoklea"><div class="css-12dchmx"></div><div data-testid="price-product-tile" class="css-8atqhb"><p class="chakra-text css-0"><span class="chakra-text css-pwnbcb" data-testid="regular-price"><span class="css-idkz9h">$5.29</span>$5.29</span></p></div><a href="/wrapped-tea-bags-nighty-night-original-with-passio/p/21397787_EA?source=nspt" class="chakra-linkbox__overlay css-1hnz6hu"><div class="css-0"><p class="chakra-text css-1ecdp9w" data-testid="product-brand">Traditional Medicinals</p><h3 class="chakra-heading css-6qrhwc" id="21397787_EA" data-testid="product-title">Wrapped Tea Bags Nighty Night Original With Passionflower Organic</h3><p class="chakra-text css-1yftjin" data-testid="product-package-size">28 g, $18.89/100g</p></div></a><div class="css-8keand"></div></div><div class="css-1q5omjq"><div class="css-fcebb8"><div data-testid="atc-compact" class="css-y94ivq" style="width: 45px;"><button type="button" class="chakra-button css-mudsm6" data-testid="atc-button"><svg stroke="currentColor" fill="currentColor" stroke-width="0" viewBox="0 0 24 24" focusable="false" class="chakra-icon css-1g3sp7a" data-testid="btn-icon" aria-hidden="true" height="1em" width="1em" xmlns="http://www.w3.org/2000/svg"><path d="M19 13h-6v6h-2v-6H5v-2h6V5h2v6h6v2z"></path></svg><span class="css-idkz9h">Add Wrapped Tea Bags Nighty Night Original With Passionflower Organic to cart</span></button></div></div></div></div></div></div><div class="css-0"><div class="css-f5i5wc"><div class="chakra-linkbox css-vhnn8v"><div data-testid="product-image" class="css-16dr4ly"><img alt="Kicking Horse Organic Fairtrade Medium Roast Whole Bean Coffee, Cliff Hanger Espresso 454 g, $3.74/100g" src="https://assets.shop.loblaws.ca/products/20322468003/b3/en/front/20322468003_front_a06_@2.png" srcset="https://assets.shop.loblaws.ca/products/20322468003/b3/en/front/20322468003_front_a06_@2.png 1x, https://assets.shop.loblaws.ca/products/20322468003/b3/en/front/20322468003_front_a06_@2.png 2x" loading="lazy" class="chakra-image css-oguq8l" aria-hidden="true"></div><div class="css-qoklea"><div class="css-12dchmx"></div><div data-testid="price-product-tile" class="css-8atqhb"><p class="chakra-text css-0"><span class="chakra-text css-pwnbcb" data-testid="regular-price"><span class="css-idkz9h">$16.99</span>$16.99</span></p></div><a href="/organic-fairtrade-medium-roast-whole-bean-coffee-c/p/20322468003_EA?source=nspt" class="chakra-linkbox__overlay css-1hnz6hu"><div class="css-0"><p class="chakra-text css-1ecdp9w" data-testid="product-brand">Kicking Horse</p><h3 class="chakra-heading css-6qrhwc" id="20322468003_EA" data-testid="product-title">Organic Fairtrade Medium Roast Whole Bean Coffee, Cliff Hanger Espresso</h3><p class="chakra-text css-1yftjin" data-testid="product-package-size">454 g, $3.74/100g</p></div></a><div class="css-8keand"></div></div><div class="css-1q5omjq"><div class="css-fcebb8"><div data-testid="atc-compact" class="css-y94ivq" style="width: 45px;"><button type="button" class="chakra-button css-mudsm6" data-testid="atc-button"><svg stroke="currentColor" fill="currentColor" stroke-width="0" viewBox="0 0 24 24" focusable="false" class="chakra-icon css-1g3sp7a" data-testid="btn-icon" aria-hidden="true" height="1em" width="1em" xmlns="http://www.w3.org/2000/svg"><path d="M19 13h-6v6h-2v-6H5v-2h6V5h2v6h6v2z"></path></svg><span class="css-idkz9h">Add Organic Fairtrade Medium Roast Whole Bean Coffee, Cliff Hanger Espresso to cart</span></button></div></div></div></div></div></div><div class="css-0"><div class="css-f5i5wc"><div class="chakra-linkbox css-vhnn8v"><div data-testid="product-image" class="css-16dr4ly"><img alt="Traditional Medicinals Peppermint Organic Wrapped Tea Bags 16 ea, $0.33/1ea" src="https://assets.shop.loblaws.ca/products/21397740/b3/en/front/21397740_front_a06_@2.png" srcset="https://assets.shop.loblaws.ca/products/21397740/b3/en/front/21397740_front_a06_@2.png 1x, https://assets.shop.loblaws.ca/products/21397740/b3/en/front/21397740_front_a06_@2.png 2x" loading="lazy" class="chakra-image css-oguq8l" aria-hidden="true"></div><div class="css-qoklea"><div class="css-12dchmx"></div><div data-testid="price-product-tile" class="css-8atqhb"><p class="chakra-text css-0"><span class="chakra-text css-pwnbcb" data-testid="regular-price"><span class="css-idkz9h">$5.29</span>$5.29</span></p></div><a href="/peppermint-organic-wrapped-tea-bags/p/21397740_EA?source=nspt" class="chakra-linkbox__overlay css-1hnz6hu"><div class="css-0"><p class="chakra-text css-1ecdp9w" data-testid="product-brand">Traditional Medicinals</p><h3 class="chakra-heading css-6qrhwc" id="21397740_EA" data-testid="product-title">Peppermint Organic Wrapped Tea Bags</h3><p class="chakra-text css-1yftjin" data-testid="product-package-size">16 ea, $0.33/1ea</p></div></a><div class="css-8keand"></div></div><div class="css-1q5omjq"><div class="css-fcebb8"><div data-testid="atc-compact" class="css-y94ivq" style="width: 45px;"><button type="button" class="chakra-button css-mudsm6" data-testid="atc-button"><svg stroke="currentColor" fill="currentColor" stroke-width="0" viewBox="0 0 24 24" focusable="false" class="chakra-icon css-1g3sp7a" data-testid="btn-icon" aria-hidden="true" height="1em" width="1em" xmlns="http://www.w3.org/2000/svg"><path d="M19 13h-6v6h-2v-6H5v-2h6V5h2v6h6v2z"></path></svg><span class="css-idkz9h">Add Peppermint Organic Wrapped Tea Bags to cart</span></button></div></div><div class="css-4saf4a"><p class="chakra-text css-py8788" data-testid="inventory-badge-text">Low Stock</p></div></div></div></div></div><div class="css-0"><div class="css-f5i5wc"><div class="chakra-linkbox css-vhnn8v"><div data-testid="product-image" class="css-16dr4ly"><img alt="Traditional Medicinals Echinacea Plus Elderberry Organic Wrapped Tea Bags 16 ea, $0.33/1ea" src="https://assets.shop.loblaws.ca/products/21398164/b3/en/front/21398164_front_a06_@2.png" srcset="https://assets.shop.loblaws.ca/products/21398164/b3/en/front/21398164_front_a06_@2.png 1x, https://assets.shop.loblaws.ca/products/21398164/b3/en/front/21398164_front_a06_@2.png 2x" loading="lazy" class="chakra-image css-oguq8l" aria-hidden="true"></div><div class="css-qoklea"><div class="css-12dchmx"></div><div data-testid="price-product-tile" class="css-8atqhb"><p class="chakra-text css-0"><span class="chakra-text css-pwnbcb" data-testid="regular-price"><span class="css-idkz9h">$5.29</span>$5.29</span></p></div><a href="/echinacea-plus-elderberry-organic-wrapped-tea-bags/p/21398164_EA?source=nspt" class="chakra-linkbox__overlay css-1hnz6hu"><div class="css-0"><p class="chakra-text css-1ecdp9w" data-testid="product-brand">Traditional Medicinals</p><h3 class="chakra-heading css-6qrhwc" id="21398164_EA" data-testid="product-title">Echinacea Plus Elderberry Organic Wrapped Tea Bags</h3><p class="chakra-text css-1yftjin" data-testid="product-package-size">16 ea, $0.33/1ea</p></div></a><div class="css-8keand"></div></div><div class="css-1q5omjq"><div class="css-fcebb8"><div data-testid="atc-compact" class="css-y94ivq" style="width: 45px;"><button type="button" class="chakra-button css-mudsm6" data-testid="atc-button"><svg stroke="currentColor" fill="currentColor" stroke-width="0" viewBox="0 0 24 24" focusable="false" class="chakra-icon css-1g3sp7a" data-testid="btn-icon" aria-hidden="true" height="1em" width="1em" xmlns="http://www.w3.org/2000/svg"><path d="M19 13h-6v6h-2v-6H5v-2h6V5h2v6h6v2z"></path></svg><span class="css-idkz9h">Add Echinacea Plus Elderberry Organic Wrapped Tea Bags to cart</span></button></div></div><div class="css-4saf4a"><p class="chakra-text css-py8788" data-testid="inventory-badge-text">Low Stock</p></div></div></div></div></div><div class="css-0"><div class="css-f5i5wc"><div class="chakra-linkbox css-vhnn8v"><div data-testid="product-image" class="css-16dr4ly"><img alt="Remedy Organic Kombucha Orange Splash 4x330.0 ml, $0.53/100ml" src="https://assets.shop.loblaws.ca/products/21539999/b3/en/front/21539999_front_a06_@2.png" srcset="https://assets.shop.loblaws.ca/products/21539999/b3/en/front/21539999_front_a06_@2.png 1x, https://assets.shop.loblaws.ca/products/21539999/b3/en/front/21539999_front_a06_@2.png 2x" loading="lazy" class="chakra-image css-oguq8l" aria-hidden="true"></div><div class="css-qoklea"><div class="css-12dchmx"></div><div data-testid="price-product-tile" class="css-8atqhb"><p class="chakra-text css-0"><span class="chakra-text css-o93gbd" data-testid="sale-price"><span class="css-idkz9h">$6.99</span>$6.99</span><span class="chakra-text css-623q5h" data-testid="was-price"><span class="css-idkz9h">$8.49</span>$8.49</span></p><p class="chakra-text css-1m5a6y8" data-testid="price-descriptor">SAVE $1.50</p></div><a href="/organic-kombucha-orange-splash/p/21539999_C04?source=nspt" class="chakra-linkbox__overlay css-1hnz6hu"><div class="css-0"><p class="chakra-text css-1ecdp9w" data-testid="product-brand">Remedy</p><h3 class="chakra-heading css-6qrhwc" id="21539999_C04" data-testid="product-title">Organic Kombucha Orange Splash</h3><p class="chakra-text css-1yftjin" data-testid="product-package-size">4x330.0 ml, $0.53/100ml</p></div></a><div class="css-8keand"></div></div><div class="css-1q5omjq"><div class="css-fcebb8"><div data-testid="atc-compact" class="css-y94ivq" style="width: 45px;"><button type="button" class="chakra-button css-mudsm6" data-testid="atc-button"><svg stroke="currentColor" fill="currentColor" stroke-width="0" viewBox="0 0 24 24" focusable="false" class="chakra-icon css-1g3sp7a" data-testid="btn-icon" aria-hidden="true" height="1em" width="1em" xmlns="http://www.w3.org/2000/svg"><path d="M19 13h-6v6h-2v-6H5v-2h6V5h2v6h6v2z"></path></svg><span class="css-idkz9h">Add Organic Kombucha Orange Splash to cart</span></button></div></div></div></div></div></div><div class="css-0"><div class="css-f5i5wc"><div class="chakra-linkbox css-vhnn8v"><div data-testid="product-image" class="css-16dr4ly"><img alt="PC Organics Peppermint Herbal Tea 1 ea, $4.49/1ea" src="https://assets.shop.loblaws.ca/products/21411124/b3/en/front/21411124_front_a06_@2.png" srcset="https://assets.shop.loblaws.ca/products/21411124/b3/en/front/21411124_front_a06_@2.png 1x, https://assets.shop.loblaws.ca/products/21411124/b3/en/front/21411124_front_a06_@2.png 2x" loading="lazy" class="chakra-image css-oguq8l" aria-hidden="true"></div><div class="css-qoklea"><div class="css-12dchmx"></div><div data-testid="price-product-tile" class="css-8atqhb"><p class="chakra-text css-0"><span class="chakra-text css-pwnbcb" data-testid="regular-price"><span class="css-idkz9h">$4.49</span>$4.49</span></p></div><a href="/peppermint-herbal-tea/p/21411124_EA?source=nspt" class="chakra-linkbox__overlay css-1hnz6hu"><div class="css-0"><p class="chakra-text css-1ecdp9w" data-testid="product-brand">PC Organics</p><h3 class="chakra-heading css-6qrhwc" id="21411124_EA" data-testid="product-title">Peppermint Herbal Tea</h3><p class="chakra-text css-1yftjin" data-testid="product-package-size">1 ea, $4.49/1ea</p></div></a><div class="css-8keand"></div></div><div class="css-1q5omjq"><div class="css-fcebb8"><div data-testid="atc-compact" class="css-y94ivq" style="width: 45px;"><button type="button" class="chakra-button css-mudsm6" data-testid="atc-button"><svg stroke="currentColor" fill="currentColor" stroke-width="0" viewBox="0 0 24 24" focusable="false" class="chakra-icon css-1g3sp7a" data-testid="btn-icon" aria-hidden="true" height="1em" width="1em" xmlns="http://www.w3.org/2000/svg"><path d="M19 13h-6v6h-2v-6H5v-2h6V5h2v6h6v2z"></path></svg><span class="css-idkz9h">Add Peppermint Herbal Tea to cart</span></button></div></div></div></div></div></div><div class="css-0"><div class="css-f5i5wc"><div class="chakra-linkbox css-vhnn8v"><div data-testid="product-image" class="css-16dr4ly"><img alt="Traditional Medicinals Ginger Aid Organic Wrapped Tea Bags 16 ea, $0.33/1ea" src="https://assets.shop.loblaws.ca/products/21397446/b3/en/front/21397446_front_a06_@2.png" srcset="https://assets.shop.loblaws.ca/products/21397446/b3/en/front/21397446_front_a06_@2.png 1x, https://assets.shop.loblaws.ca/products/21397446/b3/en/front/21397446_front_a06_@2.png 2x" loading="lazy" class="chakra-image css-oguq8l" aria-hidden="true"></div><div class="css-qoklea"><div class="css-12dchmx"></div><div data-testid="price-product-tile" class="css-8atqhb"><p class="chakra-text css-0"><span class="chakra-text css-pwnbcb" data-testid="regular-price"><span class="css-idkz9h">$5.29</span>$5.29</span></p></div><a href="/ginger-aid-organic-wrapped-tea-bags/p/21397446_EA?source=nspt" class="chakra-linkbox__overlay css-1hnz6hu"><div class="css-0"><p class="chakra-text css-1ecdp9w" data-testid="product-brand">Traditional Medicinals</p><h3 class="chakra-heading css-6qrhwc" id="21397446_EA" data-testid="product-title">Ginger Aid Organic Wrapped Tea Bags</h3><p class="chakra-text css-1yftjin" data-testid="product-package-size">16 ea, $0.33/1ea</p></div></a><div class="css-8keand"></div></div><div class="css-1q5omjq"><div class="css-fcebb8"><div data-testid="atc-compact" class="css-y94ivq" style="width: 45px;"><button type="button" class="chakra-button css-mudsm6" data-testid="atc-button"><svg stroke="currentColor" fill="currentColor" stroke-width="0" viewBox="0 0 24 24" focusable="false" class="chakra-icon css-1g3sp7a" data-testid="btn-icon" aria-hidden="true" height="1em" width="1em" xmlns="http://www.w3.org/2000/svg"><path d="M19 13h-6v6h-2v-6H5v-2h6V5h2v6h6v2z"></path></svg><span class="css-idkz9h">Add Ginger Aid Organic Wrapped Tea Bags to cart</span></button></div></div></div></div></div></div><div class="css-0"><div class="css-f5i5wc"><div class="chakra-linkbox css-vhnn8v"><div data-testid="product-image" class="css-16dr4ly"><img alt="PC Organics Dark Roast Whole Bean Coffee   454 g, $3.30/100g" src="https://assets.shop.loblaws.ca/products/21405559/b3/en/front/21405559_front_a06_@2.png" srcset="https://assets.shop.loblaws.ca/products/21405559/b3/en/front/21405559_front_a06_@2.png 1x, https://assets.shop.loblaws.ca/products/21405559/b3/en/front/21405559_front_a06_@2.png 2x" loading="lazy" class="chakra-image css-oguq8l" aria-hidden="true"></div><div class="css-qoklea"><div class="css-12dchmx"></div><div data-testid="price-product-tile" class="css-8atqhb"><p class="chakra-text css-0"><span class="chakra-text css-pwnbcb" data-testid="regular-price"><span class="css-idkz9h">$14.99</span>$14.99</span></p></div><a href="/dark-roast-whole-bean-coffee/p/21405559_EA?source=nspt" class="chakra-linkbox__overlay css-1hnz6hu"><div class="css-0"><p class="chakra-text css-1ecdp9w" data-testid="product-brand">PC Organics</p><h3 class="chakra-heading css-6qrhwc" id="21405559_EA" data-testid="product-title">Dark Roast Whole Bean Coffee  </h3><p class="chakra-text css-1yftjin" data-testid="product-package-size">454 g, $3.30/100g</p></div></a><div class="css-8keand"></div></div><div class="css-1q5omjq"><div class="css-fcebb8"><div data-testid="atc-compact" class="css-y94ivq" style="width: 45px;"><button type="button" class="chakra-button css-mudsm6" data-testid="atc-button"><svg stroke="currentColor" fill="currentColor" stroke-width="0" viewBox="0 0 24 24" focusable="false" class="chakra-icon css-1g3sp7a" data-testid="btn-icon" aria-hidden="true" height="1em" width="1em" xmlns="http://www.w3.org/2000/svg"><path d="M19 13h-6v6h-2v-6H5v-2h6V5h2v6h6v2z"></path></svg><span class="css-idkz9h">Add Dark Roast Whole Bean Coffee   to cart</span></button></div></div><div class="css-4saf4a"><p class="chakra-text css-py8788" data-testid="inventory-badge-text">Low Stock</p></div></div></div></div></div><div class="css-0"><div class="css-f5i5wc"><div class="chakra-linkbox css-vhnn8v"><div data-testid="product-image" class="css-16dr4ly"><img alt="PC Organics Medium Roast Single Serve Coffee Pods 12 ea, $0.75/1ea" src="https://assets.shop.loblaws.ca/products/21029933/b3/en/front/21029933_front_a06_@2.png" srcset="https://assets.shop.loblaws.ca/products/21029933/b3/en/front/21029933_front_a06_@2.png 1x, https://assets.shop.loblaws.ca/products/21029933/b3/en/front/21029933_front_a06_@2.png 2x" loading="lazy" class="chakra-image css-oguq8l" aria-hidden="true"></div><div class="css-qoklea"><div class="css-12dchmx"></div><div data-testid="price-product-tile" class="css-8atqhb"><p class="chakra-text css-0"><span class="chakra-text css-pwnbcb" data-testid="regular-price"><span class="css-idkz9h">$8.99</span>$8.99</span></p></div><a href="/medium-roast-single-serve-coffee-pods/p/21029933_EA?source=nspt" class="chakra-linkbox__overlay css-1hnz6hu"><div class="css-0"><p class="chakra-text css-1ecdp9w" data-testid="product-brand">PC Organics</p><h3 class="chakra-heading css-6qrhwc" id="21029933_EA" data-testid="product-title">Medium Roast Single Serve Coffee Pods</h3><p class="chakra-text css-1yftjin" data-testid="product-package-size">12 ea, $0.75/1ea</p></div></a><div class="css-8keand"></div></div><div class="css-1q5omjq"><div class="css-fcebb8"><div data-testid="atc-compact" class="css-y94ivq" style="width: 45px;"><button type="button" class="chakra-button css-mudsm6" data-testid="atc-button"><svg stroke="currentColor" fill="currentColor" stroke-width="0" viewBox="0 0 24 24" focusable="false" class="chakra-icon css-1g3sp7a" data-testid="btn-icon" aria-hidden="true" height="1em" width="1em" xmlns="http://www.w3.org/2000/svg"><path d="M19 13h-6v6h-2v-6H5v-2h6V5h2v6h6v2z"></path></svg><span class="css-idkz9h">Add Medium Roast Single Serve Coffee Pods to cart</span></button></div></div></div></div></div></div><div class="css-0"><div class="css-f5i5wc"><div class="chakra-linkbox css-vhnn8v"><div data-testid="product-image" class="css-16dr4ly"><img alt="PC Organics Espresso Whole Bean Coffee 454 g, $3.30/100g" src="https://assets.shop.loblaws.ca/products/21479695/b3/en/front/21479695_front_a06_@2.png" srcset="https://assets.shop.loblaws.ca/products/21479695/b3/en/front/21479695_front_a06_@2.png 1x, https://assets.shop.loblaws.ca/products/21479695/b3/en/front/21479695_front_a06_@2.png 2x" loading="lazy" class="chakra-image css-oguq8l" aria-hidden="true"></div><div class="css-qoklea"><div class="css-12dchmx"></div><div data-testid="price-product-tile" class="css-8atqhb"><p class="chakra-text css-0"><span class="chakra-text css-pwnbcb" data-testid="regular-price"><span class="css-idkz9h">$14.99</span>$14.99</span></p></div><a href="/espresso-whole-bean-coffee/p/21479695_EA?source=nspt" class="chakra-linkbox__overlay css-1hnz6hu"><div class="css-0"><p class="chakra-text css-1ecdp9w" data-testid="product-brand">PC Organics</p><h3 class="chakra-heading css-6qrhwc" id="21479695_EA" data-testid="product-title">Espresso Whole Bean Coffee</h3><p class="chakra-text css-1yftjin" data-testid="product-package-size">454 g, $3.30/100g</p></div></a><div class="css-8keand"></div></div><div class="css-1q5omjq"><div class="css-fcebb8"><div data-testid="atc-compact" class="css-y94ivq" style="width: 45px;"><button type="button" class="chakra-button css-mudsm6" data-testid="atc-button"><svg stroke="currentColor" fill="currentColor" stroke-width="0" viewBox="0 0 24 24" focusable="false" class="chakra-icon css-1g3sp7a" data-testid="btn-icon" aria-hidden="true" height="1em" width="1em" xmlns="http://www.w3.org/2000/svg"><path d="M19 13h-6v6h-2v-6H5v-2h6V5h2v6h6v2z"></path></svg><span class="css-idkz9h">Add Espresso Whole Bean Coffee to cart</span></button></div></div><div class="css-4saf4a"><p class="chakra-text css-py8788" data-testid="inventory-badge-text">Low Stock</p></div></div></div></div></div><div class="css-0"><div class="css-f5i5wc"><div class="chakra-linkbox css-vhnn8v"><div data-testid="product-image" class="css-16dr4ly"><img alt="Kiju Organic Mango Pineapple Fruit Juice Blend 1 l, $0.35/100ml" src="https://assets.shop.loblaws.ca/products/21313185/b3/en/front/21313185_front_a06_@2.png" srcset="https://assets.shop.loblaws.ca/products/21313185/b3/en/front/21313185_front_a06_@2.png 1x, https://assets.shop.loblaws.ca/products/21313185/b3/en/front/21313185_front_a06_@2.png 2x" loading="lazy" class="chakra-image css-oguq8l" aria-hidden="true"></div><div class="css-qoklea"><div class="css-12dchmx"></div><div data-testid="price-product-tile" class="css-8atqhb"><p class="chakra-text css-0"><span class="chakra-text css-pwnbcb" data-testid="regular-price"><span class="css-idkz9h">$3.49</span>$3.49</span></p></div><a href="/organic-mango-pineapple-fruit-juice-blend/p/21313185_EA?source=nspt" class="chakra-linkbox__overlay css-1hnz6hu"><div class="css-0"><p class="chakra-text css-1ecdp9w" data-testid="product-brand">Kiju</p><h3 class="chakra-heading css-6qrhwc" id="21313185_EA" data-testid="product-title">Organic Mango Pineapple Fruit Juice Blend</h3><p class="chakra-text css-1yftjin" data-testid="product-package-size">1 l, $0.35/100ml</p></div></a><div class="css-8keand"></div></div><div class="css-1q5omjq"><div class="css-fcebb8"><div data-testid="atc-compact" class="css-y94ivq" style="width: 45px;"><button type="button" class="chakra-button css-mudsm6" data-testid="atc-button"><svg stroke="currentColor" fill="currentColor" stroke-width="0" viewBox="0 0 24 24" focusable="false" class="chakra-icon css-1g3sp7a" data-testid="btn-icon" aria-hidden="true" height="1em" width="1em" xmlns="http://www.w3.org/2000/svg"><path d="M19 13h-6v6h-2v-6H5v-2h6V5h2v6h6v2z"></path></svg><span class="css-idkz9h">Add Organic Mango Pineapple Fruit Juice Blend to cart</span></button></div></div></div></div></div></div><div class="css-0"><div class="css-f5i5wc"><div class="chakra-linkbox css-vhnn8v"><div data-testid="product-image" class="css-16dr4ly"><img alt="PC Organics Green Tea 1 ea, $4.49/1ea" src="https://assets.shop.loblaws.ca/products/21411143/b3/en/front/21411143_front_a06_@2.png" srcset="https://assets.shop.loblaws.ca/products/21411143/b3/en/front/21411143_front_a06_@2.png 1x, https://assets.shop.loblaws.ca/products/21411143/b3/en/front/21411143_front_a06_@2.png 2x" loading="lazy" class="chakra-image css-oguq8l" aria-hidden="true"></div><div class="css-qoklea"><div class="css-12dchmx"></div><div data-testid="price-product-tile" class="css-8atqhb"><p class="chakra-text css-0"><span class="chakra-text css-pwnbcb" data-testid="regular-price"><span class="css-idkz9h">$4.49</span>$4.49</span></p></div><a href="/green-tea/p/21411143_EA?source=nspt" class="chakra-linkbox__overlay css-1hnz6hu"><div class="css-0"><p class="chakra-text css-1ecdp9w" data-testid="product-brand">PC Organics</p><h3 class="chakra-heading css-6qrhwc" id="21411143_EA" data-testid="product-title">Green Tea</h3><p class="chakra-text css-1yftjin" data-testid="product-package-size">1 ea, $4.49/1ea</p></div></a><div class="css-8keand"></div></div><div class="css-1q5omjq"><div class="css-fcebb8"><div data-testid="atc-compact" class="css-y94ivq" style="width: 45px;"><button type="button" class="chakra-button css-mudsm6" data-testid="atc-button"><svg stroke="currentColor" fill="currentColor" stroke-width="0" viewBox="0 0 24 24" focusable="false" class="chakra-icon css-1g3sp7a" data-testid="btn-icon" aria-hidden="true" height="1em" width="1em" xmlns="http://www.w3.org/2000/svg"><path d="M19 13h-6v6h-2v-6H5v-2h6V5h2v6h6v2z"></path></svg><span class="css-idkz9h">Add Green Tea to cart</span></button></div></div></div></div></div></div><div class="css-0"><div class="css-f5i5wc"><div class="chakra-linkbox css-vhnn8v"><div data-testid="product-image" class="css-16dr4ly"><img alt="Traditional Medicinals Chamomile &amp; Lavender Organic Wrapped Tea Bags 16 ea, $0.33/1ea" src="https://assets.shop.loblaws.ca/products/21397443/b3/en/front/21397443_front_a06_@2.png" srcset="https://assets.shop.loblaws.ca/products/21397443/b3/en/front/21397443_front_a06_@2.png 1x, https://assets.shop.loblaws.ca/products/21397443/b3/en/front/21397443_front_a06_@2.png 2x" loading="lazy" class="chakra-image css-oguq8l" aria-hidden="true"></div><div class="css-qoklea"><div class="css-12dchmx"></div><div data-testid="price-product-tile" class="css-8atqhb"><p class="chakra-text css-0"><span class="chakra-text css-pwnbcb" data-testid="regular-price"><span class="css-idkz9h">$5.29</span>$5.29</span></p></div><a href="/chamomile-lavender-organic-wrapped-tea-bags/p/21397443_EA?source=nspt" class="chakra-linkbox__overlay css-1hnz6hu"><div class="css-0"><p class="chakra-text css-1ecdp9w" data-testid="product-brand">Traditional Medicinals</p><h3 class="chakra-heading css-6qrhwc" id="21397443_EA" data-testid="product-title">Chamomile &amp; Lavender Organic Wrapped Tea Bags</h3><p class="chakra-text css-1yftjin" data-testid="product-package-size">16 ea, $0.33/1ea</p></div></a><div class="css-8keand"></div></div><div class="css-1q5omjq"><div class="css-fcebb8"><div data-testid="atc-compact" class="css-y94ivq" style="width: 45px;"><button type="button" class="chakra-button css-mudsm6" data-testid="atc-button"><svg stroke="currentColor" fill="currentColor" stroke-width="0" viewBox="0 0 24 24" focusable="false" class="chakra-icon css-1g3sp7a" data-testid="btn-icon" aria-hidden="true" height="1em" width="1em" xmlns="http://www.w3.org/2000/svg"><path d="M19 13h-6v6h-2v-6H5v-2h6V5h2v6h6v2z"></path></svg><span class="css-idkz9h">Add Chamomile &amp; Lavender Organic Wrapped Tea Bags to cart</span></button></div></div></div></div></div></div><div class="css-0"><div class="css-f5i5wc"><div class="chakra-linkbox css-vhnn8v"><div data-testid="product-image" class="css-16dr4ly"><img alt="Traditional Medicinals Lemon Balm Organic Wrapped Tea Bags 16 ea, $0.33/1ea" src="https://assets.shop.loblaws.ca/products/21398152/b3/en/front/21398152_front_a06_@2.png" srcset="https://assets.shop.loblaws.ca/products/21398152/b3/en/front/21398152_front_a06_@2.png 1x, https://assets.shop.loblaws.ca/products/21398152/b3/en/front/21398152_front_a06_@2.png 2x" loading="lazy" class="chakra-image css-oguq8l" aria-hidden="true"></div><div class="css-qoklea"><div class="css-12dchmx"></div><div data-testid="price-product-tile" class="css-8atqhb"><p class="chakra-text css-0"><span class="chakra-text css-pwnbcb" data-testid="regular-price"><span class="css-idkz9h">$5.29</span>$5.29</span></p></div><a href="/lemon-balm-organic-wrapped-tea-bags/p/21398152_EA?source=nspt" class="chakra-linkbox__overlay css-1hnz6hu"><div class="css-0"><p class="chakra-text css-1ecdp9w" data-testid="product-brand">Traditional Medicinals</p><h3 class="chakra-heading css-6qrhwc" id="21398152_EA" data-testid="product-title">Lemon Balm Organic Wrapped Tea Bags</h3><p class="chakra-text css-1yftjin" data-testid="product-package-size">16 ea, $0.33/1ea</p></div></a><div class="css-8keand"></div></div><div class="css-1q5omjq"><div class="css-fcebb8"><div data-testid="atc-compact" class="css-y94ivq" style="width: 45px;"><button type="button" class="chakra-button css-mudsm6" data-testid="atc-button"><svg stroke="currentColor" fill="currentColor" stroke-width="0" viewBox="0 0 24 24" focusable="false" class="chakra-icon css-1g3sp7a" data-testid="btn-icon" aria-hidden="true" height="1em" width="1em" xmlns="http://www.w3.org/2000/svg"><path d="M19 13h-6v6h-2v-6H5v-2h6V5h2v6h6v2z"></path></svg><span class="css-idkz9h">Add Lemon Balm Organic Wrapped Tea Bags to cart</span></button></div></div><div class="css-4saf4a"><p class="chakra-text css-py8788" data-testid="inventory-badge-text">Low Stock</p></div></div></div></div></div><div class="css-0"><div class="css-f5i5wc"><div class="chakra-linkbox css-vhnn8v"><div data-testid="product-image" class="css-16dr4ly"><img alt="Kicking Horse Organic Fairtrade Medium Roast Ground Coffee, Three Sisters 284 g, $4.93/100g" src="https://assets.shop.loblaws.ca/products/20805126001/b3/en/front/20805126001_front_a06_@2.png" srcset="https://assets.shop.loblaws.ca/products/20805126001/b3/en/front/20805126001_front_a06_@2.png 1x, https://assets.shop.loblaws.ca/products/20805126001/b3/en/front/20805126001_front_a06_@2.png 2x" loading="lazy" class="chakra-image css-oguq8l" aria-hidden="true"></div><div class="css-qoklea"><div class="css-12dchmx"></div><div data-testid="price-product-tile" class="css-8atqhb"><p class="chakra-text css-0"><span class="chakra-text css-pwnbcb" data-testid="regular-price"><span class="css-idkz9h">$13.99</span>$13.99</span></p></div><a href="/organic-fairtrade-medium-roast-ground-coffee-three/p/20805126001_EA?source=nspt" class="chakra-linkbox__overlay css-1hnz6hu"><div class="css-0"><p class="chakra-text css-1ecdp9w" data-testid="product-brand">Kicking Horse</p><h3 class="chakra-heading css-6qrhwc" id="20805126001_EA" data-testid="product-title">Organic Fairtrade Medium Roast Ground Coffee, Three Sisters</h3><p class="chakra-text css-1yftjin" data-testid="product-package-size">284 g, $4.93/100g</p></div></a><div class="css-8keand"></div></div><div class="css-1q5omjq"><div class="css-fcebb8"><div data-testid="atc-compact" class="css-y94ivq" style="width: 45px;"><button type="button" class="chakra-button css-mudsm6" data-testid="atc-button"><svg stroke="currentColor" fill="currentColor" stroke-width="0" viewBox="0 0 24 24" focusable="false" class="chakra-icon css-1g3sp7a" data-testid="btn-icon" aria-hidden="true" height="1em" width="1em" xmlns="http://www.w3.org/2000/svg"><path d="M19 13h-6v6h-2v-6H5v-2h6V5h2v6h6v2z"></path></svg><span class="css-idkz9h">Add Organic Fairtrade Medium Roast Ground Coffee, Three Sisters to cart</span></button></div></div></div></div></div></div><div class="css-0"><div class="css-f5i5wc"><div class="chakra-linkbox css-vhnn8v"><div data-testid="product-image" class="css-16dr4ly"><img alt="Traditional Medicinals Wrapped Tea Bags Ginger Organic 16 ea, $0.33/1ea" src="https://assets.shop.loblaws.ca/products/21398591/b3/en/front/21398591_front_a06_@2.png" srcset="https://assets.shop.loblaws.ca/products/21398591/b3/en/front/21398591_front_a06_@2.png 1x, https://assets.shop.loblaws.ca/products/21398591/b3/en/front/21398591_front_a06_@2.png 2x" loading="lazy" class="chakra-image css-oguq8l" aria-hidden="true"></div><div class="css-qoklea"><div class="css-12dchmx"></div><div data-testid="price-product-tile" class="css-8atqhb"><p class="chakra-text css-0"><span class="chakra-text css-pwnbcb" data-testid="regular-price"><span class="css-idkz9h">$5.29</span>$5.29</span></p></div><a href="/wrapped-tea-bags-ginger-organic/p/21398591_EA?source=nspt" class="chakra-linkbox__overlay css-1hnz6hu"><div class="css-0"><p class="chakra-text css-1ecdp9w" data-testid="product-brand">Traditional Medicinals</p><h3 class="chakra-heading css-6qrhwc" id="21398591_EA" data-testid="product-title">Wrapped Tea Bags Ginger Organic</h3><p class="chakra-text css-1yftjin" data-testid="product-package-size">16 ea, $0.33/1ea</p></div></a><div class="css-8keand"></div></div><div class="css-1q5omjq"><div class="css-fcebb8"><div data-testid="atc-compact" class="css-y94ivq" style="width: 45px;"><button type="button" class="chakra-button css-mudsm6" data-testid="atc-button"><svg stroke="currentColor" fill="currentColor" stroke-width="0" viewBox="0 0 24 24" focusable="false" class="chakra-icon css-1g3sp7a" data-testid="btn-icon" aria-hidden="true" height="1em" width="1em" xmlns="http://www.w3.org/2000/svg"><path d="M19 13h-6v6h-2v-6H5v-2h6V5h2v6h6v2z"></path></svg><span class="css-idkz9h">Add Wrapped Tea Bags Ginger Organic to cart</span></button></div></div></div></div></div></div><div class="css-0"><div class="css-f5i5wc"><div class="chakra-linkbox css-vhnn8v"><div data-testid="product-image" class="css-16dr4ly"><img alt="Zevia Zero Sugar Soda, Black Cherry 6x355.0 ml, $0.30/100ml" src="https://assets.shop.loblaws.ca/products/21105194/b3/en/front/21105194_front_a06_@2.png" srcset="https://assets.shop.loblaws.ca/products/21105194/b3/en/front/21105194_front_a06_@2.png 1x, https://assets.shop.loblaws.ca/products/21105194/b3/en/front/21105194_front_a06_@2.png 2x" loading="lazy" class="chakra-image css-oguq8l" aria-hidden="true"></div><div class="css-qoklea"><div class="css-12dchmx"></div><div data-testid="price-product-tile" class="css-8atqhb"><p class="chakra-text css-0"><span class="chakra-text css-o93gbd" data-testid="sale-price"><span class="css-idkz9h">$6.29</span>$6.29</span><span class="chakra-text css-623q5h" data-testid="was-price"><span class="css-idkz9h">$6.99</span>$6.99</span></p><p class="chakra-text css-1m5a6y8" data-testid="price-descriptor">SAVE $0.70</p></div><a href="/zero-sugar-soda-black-cherry/p/21105194_C06?source=nspt" class="chakra-linkbox__overlay css-1hnz6hu"><div class="css-0"><p class="chakra-text css-1ecdp9w" data-testid="product-brand">Zevia</p><h3 class="chakra-heading css-6qrhwc" id="21105194_C06" data-testid="product-title">Zero Sugar Soda, Black Cherry</h3><p class="chakra-text css-1yftjin" data-testid="product-package-size">6x355.0 ml, $0.30/100ml</p></div></a><div class="css-8keand"></div></div><div class="css-1q5omjq"><div class="css-fcebb8"><div data-testid="atc-compact" class="css-y94ivq" style="width: 45px;"><button type="button" class="chakra-button css-mudsm6" data-testid="atc-button"><svg stroke="currentColor" fill="currentColor" stroke-width="0" viewBox="0 0 24 24" focusable="false" class="chakra-icon css-1g3sp7a" data-testid="btn-icon" aria-hidden="true" height="1em" width="1em" xmlns="http://www.w3.org/2000/svg"><path d="M19 13h-6v6h-2v-6H5v-2h6V5h2v6h6v2z"></path></svg><span class="css-idkz9h">Add Zero Sugar Soda, Black Cherry to cart</span></button></div></div></div></div></div></div><div class="css-0"><div class="css-f5i5wc"><div class="chakra-linkbox css-vhnn8v"><div data-testid="product-image" class="css-16dr4ly"><img alt="Kicking Horse Organic Fairtrade Dark Roast Ground Coffee, Grizzly Claw 284 g, $4.93/100g" src="https://assets.shop.loblaws.ca/products/20805126002/b3/en/front/20805126002_front_a06_@2.png" srcset="https://assets.shop.loblaws.ca/products/20805126002/b3/en/front/20805126002_front_a06_@2.png 1x, https://assets.shop.loblaws.ca/products/20805126002/b3/en/front/20805126002_front_a06_@2.png 2x" loading="lazy" class="chakra-image css-oguq8l" aria-hidden="true"></div><div class="css-qoklea"><div class="css-12dchmx"></div><div data-testid="price-product-tile" class="css-8atqhb"><p class="chakra-text css-0"><span class="chakra-text css-pwnbcb" data-testid="regular-price"><span class="css-idkz9h">$13.99</span>$13.99</span></p></div><a href="/organic-fairtrade-dark-roast-ground-coffee-grizzly/p/20805126002_EA?source=nspt" class="chakra-linkbox__overlay css-1hnz6hu"><div class="css-0"><p class="chakra-text css-1ecdp9w" data-testid="product-brand">Kicking Horse</p><h3 class="chakra-heading css-6qrhwc" id="20805126002_EA" data-testid="product-title">Organic Fairtrade Dark Roast Ground Coffee, Grizzly Claw</h3><p class="chakra-text css-1yftjin" data-testid="product-package-size">284 g, $4.93/100g</p></div></a><div class="css-8keand"></div></div><div class="css-1q5omjq"><div class="css-fcebb8"><div data-testid="atc-compact" class="css-y94ivq" style="width: 45px;"><button type="button" class="chakra-button css-mudsm6" data-testid="atc-button"><svg stroke="currentColor" fill="currentColor" stroke-width="0" viewBox="0 0 24 24" focusable="false" class="chakra-icon css-1g3sp7a" data-testid="btn-icon" aria-hidden="true" height="1em" width="1em" xmlns="http://www.w3.org/2000/svg"><path d="M19 13h-6v6h-2v-6H5v-2h6V5h2v6h6v2z"></path></svg><span class="css-idkz9h">Add Organic Fairtrade Dark Roast Ground Coffee, Grizzly Claw to cart</span></button></div></div></div></div></div></div><div class="css-0"><div class="css-f5i5wc"><div class="chakra-linkbox css-vhnn8v"><div data-testid="product-image" class="css-16dr4ly"><img alt="Kiju Organic 100% Pure Apple Juice 1 l, $0.33/100ml" src="https://assets.shop.loblaws.ca/products/20312710002/b3/en/front/20312710002_front_a06_@2.png" srcset="https://assets.shop.loblaws.ca/products/20312710002/b3/en/front/20312710002_front_a06_@2.png 1x, https://assets.shop.loblaws.ca/products/20312710002/b3/en/front/20312710002_front_a06_@2.png 2x" loading="lazy" class="chakra-image css-oguq8l" aria-hidden="true"></div><div class="css-qoklea"><div class="css-12dchmx"></div><div data-testid="price-product-tile" class="css-8atqhb"><p class="chakra-text css-0"><span class="chakra-text css-pwnbcb" data-testid="regular-price"><span class="css-idkz9h">$3.29</span>$3.29</span></p></div><a href="/organic-100-pure-apple-juice/p/20312710002_EA?source=nspt" class="chakra-linkbox__overlay css-1hnz6hu"><div class="css-0"><p class="chakra-text css-1ecdp9w" data-testid="product-brand">Kiju</p><h3 class="chakra-heading css-6qrhwc" id="20312710002_EA" data-testid="product-title">Organic 100% Pure Apple Juice</h3><p class="chakra-text css-1yftjin" data-testid="product-package-size">1 l, $0.33/100ml</p></div></a><div class="css-8keand"></div></div><div class="css-1q5omjq"><div class="css-fcebb8"><div data-testid="atc-compact" class="css-y94ivq" style="width: 45px;"><button type="button" class="chakra-button css-mudsm6" data-testid="atc-button"><svg stroke="currentColor" fill="currentColor" stroke-width="0" viewBox="0 0 24 24" focusable="false" class="chakra-icon css-1g3sp7a" data-testid="btn-icon" aria-hidden="true" height="1em" width="1em" xmlns="http://www.w3.org/2000/svg"><path d="M19 13h-6v6h-2v-6H5v-2h6V5h2v6h6v2z"></path></svg><span class="css-idkz9h">Add Organic 100% Pure Apple Juice to cart</span></button></div></div></div></div></div></div><div class="css-0"><div class="css-f5i5wc"><div class="chakra-linkbox css-vhnn8v"><div data-testid="product-image" class="css-16dr4ly"><img alt="Traditional Medicinals Throat Coat Original With Slippery Elm Organic Wrapped Tea Bags 32 g, $16.53/100g" src="https://assets.shop.loblaws.ca/products/21397723/b3/en/front/21397723_front_a06_@2.png" srcset="https://assets.shop.loblaws.ca/products/21397723/b3/en/front/21397723_front_a06_@2.png 1x, https://assets.shop.loblaws.ca/products/21397723/b3/en/front/21397723_front_a06_@2.png 2x" loading="lazy" class="chakra-image css-oguq8l" aria-hidden="true"></div><div class="css-qoklea"><div class="css-12dchmx"></div><div data-testid="price-product-tile" class="css-8atqhb"><p class="chakra-text css-0"><span class="chakra-text css-pwnbcb" data-testid="regular-price"><span class="css-idkz9h">$5.29</span>$5.29</span></p></div><a href="/throat-coat-original-with-slippery-elm-organic-wra/p/21397723_EA?source=nspt" class="chakra-linkbox__overlay css-1hnz6hu"><div class="css-0"><p class="chakra-text css-1ecdp9w" data-testid="product-brand">Traditional Medicinals</p><h3 class="chakra-heading css-6qrhwc" id="21397723_EA" data-testid="product-title">Throat Coat Original With Slippery Elm Organic Wrapped Tea Bags</h3><p class="chakra-text css-1yftjin" data-testid="product-package-size">32 g, $16.53/100g</p></div></a><div class="css-8keand"></div></div><div class="css-1q5omjq"><div class="css-fcebb8"><div data-testid="atc-compact" class="css-y94ivq" style="width: 45px;"><button type="button" class="chakra-button css-mudsm6" data-testid="atc-button"><svg stroke="currentColor" fill="currentColor" stroke-width="0" viewBox="0 0 24 24" focusable="false" class="chakra-icon css-1g3sp7a" data-testid="btn-icon" aria-hidden="true" height="1em" width="1em" xmlns="http://www.w3.org/2000/svg"><path d="M19 13h-6v6h-2v-6H5v-2h6V5h2v6h6v2z"></path></svg><span class="css-idkz9h">Add Throat Coat Original With Slippery Elm Organic Wrapped Tea Bags to cart</span></button></div></div></div></div></div></div><div class="css-0"><div class="css-f5i5wc"><div class="chakra-linkbox css-vhnn8v"><div data-testid="product-image" class="css-16dr4ly"><img alt="Kicking Horse Organic Fairtrade Medium Roast Whole Bean Coffee, Three Sisters 454 g, $3.74/100g" src="https://assets.shop.loblaws.ca/products/20322468006/b3/en/front/20322468006_front_a06_@2.png" srcset="https://assets.shop.loblaws.ca/products/20322468006/b3/en/front/20322468006_front_a06_@2.png 1x, https://assets.shop.loblaws.ca/products/20322468006/b3/en/front/20322468006_front_a06_@2.png 2x" loading="lazy" class="chakra-image css-oguq8l" aria-hidden="true"></div><div class="css-qoklea"><div class="css-12dchmx"></div><div data-testid="price-product-tile" class="css-8atqhb"><p class="chakra-text css-0"><span class="chakra-text css-pwnbcb" data-testid="regular-price"><span class="css-idkz9h">$16.99</span>$16.99</span></p></div><a href="/organic-fairtrade-medium-roast-whole-bean-coffee-t/p/20322468006_EA?source=nspt" class="chakra-linkbox__overlay css-1hnz6hu"><div class="css-0"><p class="chakra-text css-1ecdp9w" data-testid="product-brand">Kicking Horse</p><h3 class="chakra-heading css-6qrhwc" id="20322468006_EA" data-testid="product-title">Organic Fairtrade Medium Roast Whole Bean Coffee, Three Sisters</h3><p class="chakra-text css-1yftjin" data-testid="product-package-size">454 g, $3.74/100g</p></div></a><div class="css-8keand"></div></div><div class="css-1q5omjq"><div class="css-fcebb8"><div data-testid="atc-compact" class="css-y94ivq" style="width: 45px;"><button type="button" class="chakra-button css-mudsm6" data-testid="atc-button"><svg stroke="currentColor" fill="currentColor" stroke-width="0" viewBox="0 0 24 24" focusable="false" class="chakra-icon css-1g3sp7a" data-testid="btn-icon" aria-hidden="true" height="1em" width="1em" xmlns="http://www.w3.org/2000/svg"><path d="M19 13h-6v6h-2v-6H5v-2h6V5h2v6h6v2z"></path></svg><span class="css-idkz9h">Add Organic Fairtrade Medium Roast Whole Bean Coffee, Three Sisters to cart</span></button></div></div></div></div></div></div><div class="css-0"><div class="css-f5i5wc"><div class="chakra-linkbox css-vhnn8v"><div data-testid="product-image" class="css-16dr4ly"><img alt="PC Organics Dark Roast Single Serve Coffee Pods 330 g, $6.97/100g" src="https://assets.shop.loblaws.ca/products/21037646/b3/en/front/21037646_front_a06_@2.png" srcset="https://assets.shop.loblaws.ca/products/21037646/b3/en/front/21037646_front_a06_@2.png 1x, https://assets.shop.loblaws.ca/products/21037646/b3/en/front/21037646_front_a06_@2.png 2x" loading="lazy" class="chakra-image css-oguq8l" aria-hidden="true"></div><div class="css-qoklea"><div class="css-12dchmx"></div><div data-testid="price-product-tile" class="css-8atqhb"><p class="chakra-text css-0"><span class="chakra-text css-pwnbcb" data-testid="regular-price"><span class="css-idkz9h">$22.99</span>$22.99</span></p></div><a href="/dark-roast-single-serve-coffee-pods/p/21037646_EA?source=nspt" class="chakra-linkbox__overlay css-1hnz6hu"><div class="css-0"><p class="chakra-text css-1ecdp9w" data-testid="product-brand">PC Organics</p><h3 class="chakra-heading css-6qrhwc" id="21037646_EA" data-testid="product-title">Dark Roast Single Serve Coffee Pods</h3><p class="chakra-text css-1yftjin" data-testid="product-package-size">330 g, $6.97/100g</p></div></a><div class="css-8keand"></div></div><div class="css-1q5omjq"><div class="css-fcebb8"><div data-testid="atc-compact" class="css-y94ivq" style="width: 45px;"><button disabled="" type="button" class="chakra-button css-mudsm6" data-testid="atc-button"><svg stroke="currentColor" fill="currentColor" stroke-width="0" viewBox="0 0 24 24" focusable="false" class="chakra-icon css-1g3sp7a" data-testid="btn-icon" aria-hidden="true" height="1em" width="1em" xmlns="http://www.w3.org/2000/svg"><path d="M19 13h-6v6h-2v-6H5v-2h6V5h2v6h6v2z"></path></svg><span class="css-idkz9h">Add Dark Roast Single Serve Coffee Pods to cart</span></button></div></div><div class="css-4saf4a"><p class="chakra-text css-py8788" data-testid="inventory-badge-text">Out of Stock</p></div></div></div></div></div><div class="css-0"><div class="css-f5i5wc"><div class="chakra-linkbox css-vhnn8v"><div data-testid="product-image" class="css-16dr4ly"><img alt="Kiju Organic Lemonade Fruit Juice Blend 1 l, $0.33/100ml" src="https://assets.shop.loblaws.ca/products/20312710004/b3/en/front/20312710004_front_a06_@2.png" srcset="https://assets.shop.loblaws.ca/products/20312710004/b3/en/front/20312710004_front_a06_@2.png 1x, https://assets.shop.loblaws.ca/products/20312710004/b3/en/front/20312710004_front_a06_@2.png 2x" loading="lazy" class="chakra-image css-oguq8l" aria-hidden="true"></div><div class="css-qoklea"><div class="css-12dchmx"></div><div data-testid="price-product-tile" class="css-8atqhb"><p class="chakra-text css-0"><span class="chakra-text css-pwnbcb" data-testid="regular-price"><span class="css-idkz9h">$3.29</span>$3.29</span></p></div><a href="/organic-lemonade-fruit-juice-blend/p/20312710004_EA?source=nspt" class="chakra-linkbox__overlay css-1hnz6hu"><div class="css-0"><p class="chakra-text css-1ecdp9w" data-testid="product-brand">Kiju</p><h3 class="chakra-heading css-6qrhwc" id="20312710004_EA" data-testid="product-title">Organic Lemonade Fruit Juice Blend</h3><p class="chakra-text css-1yftjin" data-testid="product-package-size">1 l, $0.33/100ml</p></div></a><div class="css-8keand"></div></div><div class="css-1q5omjq"><div class="css-fcebb8"><div data-testid="atc-compact" class="css-y94ivq" style="width: 45px;"><button type="button" class="chakra-button css-mudsm6" data-testid="atc-button"><svg stroke="currentColor" fill="currentColor" stroke-width="0" viewBox="0 0 24 24" focusable="false" class="chakra-icon css-1g3sp7a" data-testid="btn-icon" aria-hidden="true" height="1em" width="1em" xmlns="http://www.w3.org/2000/svg"><path d="M19 13h-6v6h-2v-6H5v-2h6V5h2v6h6v2z"></path></svg><span class="css-idkz9h">Add Organic Lemonade Fruit Juice Blend to cart</span></button></div></div></div></div></div></div><div class="css-0"><div class="css-f5i5wc"><div class="chakra-linkbox css-vhnn8v"><div data-testid="product-image" class="css-16dr4ly"><img alt="Kiju Organic Mango Orange Fruit Juice Boxes 4x200.0 ml, $0.41/100ml" src="https://assets.shop.loblaws.ca/products/20333714004/b3/en/front/20333714004_front_a06_@2.png" srcset="https://assets.shop.loblaws.ca/products/20333714004/b3/en/front/20333714004_front_a06_@2.png 1x, https://assets.shop.loblaws.ca/products/20333714004/b3/en/front/20333714004_front_a06_@2.png 2x" loading="lazy" class="chakra-image css-oguq8l" aria-hidden="true"></div><div class="css-qoklea"><div class="css-12dchmx"></div><div data-testid="price-product-tile" class="css-8atqhb"><p class="chakra-text css-0"><span class="chakra-text css-pwnbcb" data-testid="regular-price"><span class="css-idkz9h">$3.29</span>$3.29</span></p></div><a href="/organic-mango-orange-fruit-juice-boxes/p/20333714004_EA?source=nspt" class="chakra-linkbox__overlay css-1hnz6hu"><div class="css-0"><p class="chakra-text css-1ecdp9w" data-testid="product-brand">Kiju</p><h3 class="chakra-heading css-6qrhwc" id="20333714004_EA" data-testid="product-title">Organic Mango Orange Fruit Juice Boxes</h3><p class="chakra-text css-1yftjin" data-testid="product-package-size">4x200.0 ml, $0.41/100ml</p></div></a><div class="css-8keand"></div></div><div class="css-1q5omjq"><div class="css-fcebb8"><div data-testid="atc-compact" class="css-y94ivq" style="width: 45px;"><button type="button" class="chakra-button css-mudsm6" data-testid="atc-button"><svg stroke="currentColor" fill="currentColor" stroke-width="0" viewBox="0 0 24 24" focusable="false" class="chakra-icon css-1g3sp7a" data-testid="btn-icon" aria-hidden="true" height="1em" width="1em" xmlns="http://www.w3.org/2000/svg"><path d="M19 13h-6v6h-2v-6H5v-2h6V5h2v6h6v2z"></path></svg><span class="css-idkz9h">Add Organic Mango Orange Fruit Juice Boxes to cart</span></button></div></div></div></div></div></div><div class="css-0"><div class="css-f5i5wc"><div class="chakra-linkbox css-vhnn8v"><div data-testid="product-image" class="css-16dr4ly"><img alt="PC Organics Organic Mango Lemonade 946 ml, $0.41/100ml" src="https://assets.shop.loblaws.ca/products/21022975/b3/en/front/21022975_front_a06_@2.png" srcset="https://assets.shop.loblaws.ca/products/21022975/b3/en/front/21022975_front_a06_@2.png 1x, https://assets.shop.loblaws.ca/products/21022975/b3/en/front/21022975_front_a06_@2.png 2x" loading="lazy" class="chakra-image css-oguq8l" aria-hidden="true"></div><div class="css-qoklea"><div class="css-12dchmx"></div><div data-testid="price-product-tile" class="css-8atqhb"><p class="chakra-text css-0"><span class="chakra-text css-pwnbcb" data-testid="regular-price"><span class="css-idkz9h">$3.89</span>$3.89</span></p></div><a href="/organic-mango-lemonade/p/21022975_EA?source=nspt" class="chakra-linkbox__overlay css-1hnz6hu"><div class="css-0"><p class="chakra-text css-1ecdp9w" data-testid="product-brand">PC Organics</p><h3 class="chakra-heading css-6qrhwc" id="21022975_EA" data-testid="product-title">Organic Mango Lemonade</h3><p class="chakra-text css-1yftjin" data-testid="product-package-size">946 ml, $0.41/100ml</p></div></a><div class="css-8keand"></div></div><div class="css-1q5omjq"><div class="css-fcebb8"><div data-testid="atc-compact" class="css-y94ivq" style="width: 45px;"><button type="button" class="chakra-button css-mudsm6" data-testid="atc-button"><svg stroke="currentColor" fill="currentColor" stroke-width="0" viewBox="0 0 24 24" focusable="false" class="chakra-icon css-1g3sp7a" data-testid="btn-icon" aria-hidden="true" height="1em" width="1em" xmlns="http://www.w3.org/2000/svg"><path d="M19 13h-6v6h-2v-6H5v-2h6V5h2v6h6v2z"></path></svg><span class="css-idkz9h">Add Organic Mango Lemonade to cart</span></button></div></div></div></div></div></div><div class="css-0"><div class="css-f5i5wc"><div class="chakra-linkbox css-vhnn8v"><div data-testid="product-image" class="css-16dr4ly"><img alt="PC Organics Medium Roast Whole Bean Coffee 907 g, $2.20/100g" src="https://assets.shop.loblaws.ca/products/21478111/b3/en/front/21478111_front_a06_@2.png" srcset="https://assets.shop.loblaws.ca/products/21478111/b3/en/front/21478111_front_a06_@2.png 1x, https://assets.shop.loblaws.ca/products/21478111/b3/en/front/21478111_front_a06_@2.png 2x" loading="lazy" class="chakra-image css-oguq8l" aria-hidden="true"></div><div class="css-qoklea"><div class="css-12dchmx"></div><div data-testid="price-product-tile" class="css-8atqhb"><p class="chakra-text css-0"><span class="chakra-text css-pwnbcb" data-testid="regular-price"><span class="css-idkz9h">$19.99</span>$19.99</span></p></div><a href="/medium-roast-whole-bean-coffee/p/21478111_EA?source=nspt" class="chakra-linkbox__overlay css-1hnz6hu"><div class="css-0"><p class="chakra-text css-1ecdp9w" data-testid="product-brand">PC Organics</p><h3 class="chakra-heading css-6qrhwc" id="21478111_EA" data-testid="product-title">Medium Roast Whole Bean Coffee</h3><p class="chakra-text css-1yftjin" data-testid="product-package-size">907 g, $2.20/100g</p></div></a><div class="css-8keand"></div></div><div class="css-1q5omjq"><div class="css-fcebb8"><div data-testid="atc-compact" class="css-y94ivq" style="width: 45px;"><button type="button" class="chakra-button css-mudsm6" data-testid="atc-button"><svg stroke="currentColor" fill="currentColor" stroke-width="0" viewBox="0 0 24 24" focusable="false" class="chakra-icon css-1g3sp7a" data-testid="btn-icon" aria-hidden="true" height="1em" width="1em" xmlns="http://www.w3.org/2000/svg"><path d="M19 13h-6v6h-2v-6H5v-2h6V5h2v6h6v2z"></path></svg><span class="css-idkz9h">Add Medium Roast Whole Bean Coffee to cart</span></button></div></div></div></div></div></div><div class="css-0"><div class="css-f5i5wc"><div class="chakra-linkbox css-vhnn8v"><div data-testid="product-image" class="css-16dr4ly"><img alt="PC Organics Medium Roast Whole Bean Coffee   454 g, $3.30/100g" src="https://assets.shop.loblaws.ca/products/21405551/b3/en/front/21405551_front_a06_@2.png" srcset="https://assets.shop.loblaws.ca/products/21405551/b3/en/front/21405551_front_a06_@2.png 1x, https://assets.shop.loblaws.ca/products/21405551/b3/en/front/21405551_front_a06_@2.png 2x" loading="lazy" class="chakra-image css-oguq8l" aria-hidden="true"></div><div class="css-qoklea"><div class="css-12dchmx"></div><div data-testid="price-product-tile" class="css-8atqhb"><p class="chakra-text css-0"><span class="chakra-text css-pwnbcb" data-testid="regular-price"><span class="css-idkz9h">$14.99</span>$14.99</span></p></div><a href="/medium-roast-whole-bean-coffee/p/21405551_EA?source=nspt" class="chakra-linkbox__overlay css-1hnz6hu"><div class="css-0"><p class="chakra-text css-1ecdp9w" data-testid="product-brand">PC Organics</p><h3 class="chakra-heading css-6qrhwc" id="21405551_EA" data-testid="product-title">Medium Roast Whole Bean Coffee  </h3><p class="chakra-text css-1yftjin" data-testid="product-package-size">454 g, $3.30/100g</p></div></a><div class="css-8keand"></div></div><div class="css-1q5omjq"><div class="css-fcebb8"><div data-testid="atc-compact" class="css-y94ivq" style="width: 45px;"><button type="button" class="chakra-button css-mudsm6" data-testid="atc-button"><svg stroke="currentColor" fill="currentColor" stroke-width="0" viewBox="0 0 24 24" focusable="false" class="chakra-icon css-1g3sp7a" data-testid="btn-icon" aria-hidden="true" height="1em" width="1em" xmlns="http://www.w3.org/2000/svg"><path d="M19 13h-6v6h-2v-6H5v-2h6V5h2v6h6v2z"></path></svg><span class="css-idkz9h">Add Medium Roast Whole Bean Coffee   to cart</span></button></div></div></div></div></div></div><div class="css-0"><div class="css-f5i5wc"><div class="chakra-linkbox css-vhnn8v"><div data-testid="product-image" class="css-16dr4ly"><img alt="PC Organics Ginger Kombucha 473 ml, $0.84/100ml" src="https://assets.shop.loblaws.ca/products/21180527/b3/en/front/21180527_front_a06_@2.png" srcset="https://assets.shop.loblaws.ca/products/21180527/b3/en/front/21180527_front_a06_@2.png 1x, https://assets.shop.loblaws.ca/products/21180527/b3/en/front/21180527_front_a06_@2.png 2x" loading="lazy" class="chakra-image css-oguq8l" aria-hidden="true"></div><div class="css-qoklea"><div class="css-12dchmx"></div><div data-testid="price-product-tile" class="css-8atqhb"><p class="chakra-text css-0"><span class="chakra-text css-pwnbcb" data-testid="regular-price"><span class="css-idkz9h">$3.99</span>$3.99</span></p></div><a href="/ginger-kombucha/p/21180527_EA?source=nspt" class="chakra-linkbox__overlay css-1hnz6hu"><div class="css-0"><p class="chakra-text css-1ecdp9w" data-testid="product-brand">PC Organics</p><h3 class="chakra-heading css-6qrhwc" id="21180527_EA" data-testid="product-title">Ginger Kombucha</h3><p class="chakra-text css-1yftjin" data-testid="product-package-size">473 ml, $0.84/100ml</p></div></a><div class="css-8keand"></div></div><div class="css-1q5omjq"><div class="css-fcebb8"><div data-testid="atc-compact" class="css-y94ivq" style="width: 45px;"><button type="button" class="chakra-button css-mudsm6" data-testid="atc-button"><svg stroke="currentColor" fill="currentColor" stroke-width="0" viewBox="0 0 24 24" focusable="false" class="chakra-icon css-1g3sp7a" data-testid="btn-icon" aria-hidden="true" height="1em" width="1em" xmlns="http://www.w3.org/2000/svg"><path d="M19 13h-6v6h-2v-6H5v-2h6V5h2v6h6v2z"></path></svg><span class="css-idkz9h">Add Ginger Kombucha to cart</span></button></div></div></div></div></div></div><div class="css-0"><div class="css-f5i5wc"><div class="chakra-linkbox css-vhnn8v"><div data-testid="product-image" class="css-16dr4ly"><img alt="PC Organics PC Organics Swiss Water Process Decaffeinated Medium Dark Roast Ground Coffee 250 g, $3.20/100g" src="https://assets.shop.loblaws.ca/products/21405543/b3/en/front/21405543_front_a06_@2.png" srcset="https://assets.shop.loblaws.ca/products/21405543/b3/en/front/21405543_front_a06_@2.png 1x, https://assets.shop.loblaws.ca/products/21405543/b3/en/front/21405543_front_a06_@2.png 2x" loading="lazy" class="chakra-image css-oguq8l" aria-hidden="true"></div><div class="css-qoklea"><div class="css-12dchmx"></div><div data-testid="price-product-tile" class="css-8atqhb"><p class="chakra-text css-0"><span class="chakra-text css-pwnbcb" data-testid="regular-price"><span class="css-idkz9h">$7.99</span>$7.99</span></p></div><a href="/pc-organics-swiss-water-process-decaffeinated-medi/p/21405543_EA?source=nspt" class="chakra-linkbox__overlay css-1hnz6hu"><div class="css-0"><p class="chakra-text css-1ecdp9w" data-testid="product-brand">PC Organics</p><h3 class="chakra-heading css-6qrhwc" id="21405543_EA" data-testid="product-title">PC Organics Swiss Water Process Decaffeinated Medium Dark Roast Ground Coffee</h3><p class="chakra-text css-1yftjin" data-testid="product-package-size">250 g, $3.20/100g</p></div></a><div class="css-8keand"></div></div><div class="css-1q5omjq"><div class="css-fcebb8"><div data-testid="atc-compact" class="css-y94ivq" style="width: 45px;"><button type="button" class="chakra-button css-mudsm6" data-testid="atc-button"><svg stroke="currentColor" fill="currentColor" stroke-width="0" viewBox="0 0 24 24" focusable="false" class="chakra-icon css-1g3sp7a" data-testid="btn-icon" aria-hidden="true" height="1em" width="1em" xmlns="http://www.w3.org/2000/svg"><path d="M19 13h-6v6h-2v-6H5v-2h6V5h2v6h6v2z"></path></svg><span class="css-idkz9h">Add PC Organics Swiss Water Process Decaffeinated Medium Dark Roast Ground Coffee to cart</span></button></div></div></div></div></div></div><div class="css-0"><div class="css-f5i5wc"><div class="chakra-linkbox css-vhnn8v"><div data-testid="product-image" class="css-16dr4ly"><img alt="Flow Water Alkaline Spring Water 1000 ml, $0.30/100ml" src="https://assets.shop.loblaws.ca/products/20987454/b3/en/front/20987454_front_a06_@2.png" srcset="https://assets.shop.loblaws.ca/products/20987454/b3/en/front/20987454_front_a06_@2.png 1x, https://assets.shop.loblaws.ca/products/20987454/b3/en/front/20987454_front_a06_@2.png 2x" loading="lazy" class="chakra-image css-oguq8l" aria-hidden="true"></div><div class="css-qoklea"><div class="css-12dchmx"></div><div data-testid="price-product-tile" class="css-8atqhb"><p class="chakra-text css-0"><span class="chakra-text css-pwnbcb" data-testid="regular-price"><span class="css-idkz9h">$2.99</span>$2.99</span></p></div><a href="/alkaline-spring-water/p/20987454_EA?source=nspt" class="chakra-linkbox__overlay css-1hnz6hu"><div class="css-0"><p class="chakra-text css-1ecdp9w" data-testid="product-brand">Flow Water</p><h3 class="chakra-heading css-6qrhwc" id="20987454_EA" data-testid="product-title">Alkaline Spring Water</h3><p class="chakra-text css-1yftjin" data-testid="product-package-size">1000 ml, $0.30/100ml</p></div></a><div class="css-8keand"></div></div><div class="css-1q5omjq"><div class="css-fcebb8"><div data-testid="atc-compact" class="css-y94ivq" style="width: 45px;"><button type="button" class="chakra-button css-mudsm6" data-testid="atc-button"><svg stroke="currentColor" fill="currentColor" stroke-width="0" viewBox="0 0 24 24" focusable="false" class="chakra-icon css-1g3sp7a" data-testid="btn-icon" aria-hidden="true" height="1em" width="1em" xmlns="http://www.w3.org/2000/svg"><path d="M19 13h-6v6h-2v-6H5v-2h6V5h2v6h6v2z"></path></svg><span class="css-idkz9h">Add Alkaline Spring Water to cart</span></button></div></div></div></div></div></div><div class="css-0"><div class="css-f5i5wc"><div class="chakra-linkbox css-vhnn8v"><div data-testid="product-image" class="css-16dr4ly"><img alt="COVE Gut Healthy Soda Lemon Lime 4x355.0 ml, $0.67/100ml" src="https://assets.shop.loblaws.ca/products/21515636/b3/en/front/21515636_front_a06_@2.png" srcset="https://assets.shop.loblaws.ca/products/21515636/b3/en/front/21515636_front_a06_@2.png 1x, https://assets.shop.loblaws.ca/products/21515636/b3/en/front/21515636_front_a06_@2.png 2x" loading="lazy" class="chakra-image css-oguq8l" aria-hidden="true"></div><div class="css-qoklea"><div class="css-12dchmx"></div><div data-testid="price-product-tile" class="css-8atqhb"><p class="chakra-text css-0"><span class="chakra-text css-pwnbcb" data-testid="regular-price"><span class="css-idkz9h">$9.49</span>$9.49</span></p></div><a href="/gut-healthy-soda-lemon-lime/p/21515636_EA?source=nspt" class="chakra-linkbox__overlay css-1hnz6hu"><div class="css-0"><p class="chakra-text css-1ecdp9w" data-testid="product-brand">COVE</p><h3 class="chakra-heading css-6qrhwc" id="21515636_EA" data-testid="product-title">Gut Healthy Soda Lemon Lime</h3><p class="chakra-text css-1yftjin" data-testid="product-package-size">4x355.0 ml, $0.67/100ml</p></div></a><div class="css-8keand"></div></div><div class="css-1q5omjq"><div class="css-fcebb8"><div data-testid="atc-compact" class="css-y94ivq" style="width: 45px;"><button type="button" class="chakra-button css-mudsm6" data-testid="atc-button"><svg stroke="currentColor" fill="currentColor" stroke-width="0" viewBox="0 0 24 24" focusable="false" class="chakra-icon css-1g3sp7a" data-testid="btn-icon" aria-hidden="true" height="1em" width="1em" xmlns="http://www.w3.org/2000/svg"><path d="M19 13h-6v6h-2v-6H5v-2h6V5h2v6h6v2z"></path></svg><span class="css-idkz9h">Add Gut Healthy Soda Lemon Lime to cart</span></button></div></div></div></div></div></div><div class="css-0"><div class="css-f5i5wc"><div class="chakra-linkbox css-vhnn8v"><div data-testid="product-image" class="css-16dr4ly"><img alt="Traditional Medicinals Hibiscus Organic Wrapped Tea Bags 16 ea, $0.33/1ea" src="https://assets.shop.loblaws.ca/products/21398066/b3/en/front/21398066_front_a06_@2.png" srcset="https://assets.shop.loblaws.ca/products/21398066/b3/en/front/21398066_front_a06_@2.png 1x, https://assets.shop.loblaws.ca/products/21398066/b3/en/front/21398066_front_a06_@2.png 2x" loading="lazy" class="chakra-image css-oguq8l" aria-hidden="true"></div><div class="css-qoklea"><div class="css-12dchmx"></div><div data-testid="price-product-tile" class="css-8atqhb"><p class="chakra-text css-0"><span class="chakra-text css-pwnbcb" data-testid="regular-price"><span class="css-idkz9h">$5.29</span>$5.29</span></p></div><a href="/hibiscus-organic-wrapped-tea-bags/p/21398066_EA?source=nspt" class="chakra-linkbox__overlay css-1hnz6hu"><div class="css-0"><p class="chakra-text css-1ecdp9w" data-testid="product-brand">Traditional Medicinals</p><h3 class="chakra-heading css-6qrhwc" id="21398066_EA" data-testid="product-title">Hibiscus Organic Wrapped Tea Bags</h3><p class="chakra-text css-1yftjin" data-testid="product-package-size">16 ea, $0.33/1ea</p></div></a><div class="css-8keand"></div></div><div class="css-1q5omjq"><div class="css-fcebb8"><div data-testid="atc-compact" class="css-y94ivq" style="width: 45px;"><button type="button" class="chakra-button css-mudsm6" data-testid="atc-button"><svg stroke="currentColor" fill="currentColor" stroke-width="0" viewBox="0 0 24 24" focusable="false" class="chakra-icon css-1g3sp7a" data-testid="btn-icon" aria-hidden="true" height="1em" width="1em" xmlns="http://www.w3.org/2000/svg"><path d="M19 13h-6v6h-2v-6H5v-2h6V5h2v6h6v2z"></path></svg><span class="css-idkz9h">Add Hibiscus Organic Wrapped Tea Bags to cart</span></button></div></div></div></div></div></div><div class="css-0"><div class="css-f5i5wc"><div class="chakra-linkbox css-vhnn8v"><div data-testid="product-image" class="css-16dr4ly"><img alt="Kicking Horse Organic Fairtrade Dark Roast Whole Bean Coffee, 454 Horse Power 454 g, $3.74/100g" src="https://assets.shop.loblaws.ca/products/20322468009/b3/en/front/20322468009_front_a06_@2.png" srcset="https://assets.shop.loblaws.ca/products/20322468009/b3/en/front/20322468009_front_a06_@2.png 1x, https://assets.shop.loblaws.ca/products/20322468009/b3/en/front/20322468009_front_a06_@2.png 2x" loading="lazy" class="chakra-image css-oguq8l" aria-hidden="true"></div><div class="css-qoklea"><div class="css-12dchmx"></div><div data-testid="price-product-tile" class="css-8atqhb"><p class="chakra-text css-0"><span class="chakra-text css-pwnbcb" data-testid="regular-price"><span class="css-idkz9h">$16.99</span>$16.99</span></p></div><a href="/organic-fairtrade-dark-roast-whole-bean-coffee-454/p/20322468009_EA?source=nspt" class="chakra-linkbox__overlay css-1hnz6hu"><div class="css-0"><p class="chakra-text css-1ecdp9w" data-testid="product-brand">Kicking Horse</p><h3 class="chakra-heading css-6qrhwc" id="20322468009_EA" data-testid="product-title">Organic Fairtrade Dark Roast Whole Bean Coffee, 454 Horse Power</h3><p class="chakra-text css-1yftjin" data-testid="product-package-size">454 g, $3.74/100g</p></div></a><div class="css-8keand"></div></div><div class="css-1q5omjq"><div class="css-fcebb8"><div data-testid="atc-compact" class="css-y94ivq" style="width: 45px;"><button type="button" class="chakra-button css-mudsm6" data-testid="atc-button"><svg stroke="currentColor" fill="currentColor" stroke-width="0" viewBox="0 0 24 24" focusable="false" class="chakra-icon css-1g3sp7a" data-testid="btn-icon" aria-hidden="true" height="1em" width="1em" xmlns="http://www.w3.org/2000/svg"><path d="M19 13h-6v6h-2v-6H5v-2h6V5h2v6h6v2z"></path></svg><span class="css-idkz9h">Add Organic Fairtrade Dark Roast Whole Bean Coffee, 454 Horse Power to cart</span></button></div></div></div></div></div></div><div class="css-0"><div class="css-f5i5wc"><div class="chakra-linkbox css-vhnn8v"><div data-testid="product-image" class="css-16dr4ly"><img alt="Zevia Zero Sugar Soda, Cherry Cola 6x355.0 ml, $0.30/100ml" src="https://assets.shop.loblaws.ca/products/21544076/b3/en/front/21544076_front_a06_@2.png" srcset="https://assets.shop.loblaws.ca/products/21544076/b3/en/front/21544076_front_a06_@2.png 1x, https://assets.shop.loblaws.ca/products/21544076/b3/en/front/21544076_front_a06_@2.png 2x" loading="lazy" class="chakra-image css-oguq8l" aria-hidden="true"></div><div class="css-qoklea"><div class="css-12dchmx"></div><div data-testid="price-product-tile" class="css-8atqhb"><p class="chakra-text css-0"><span class="chakra-text css-o93gbd" data-testid="sale-price"><span class="css-idkz9h">$6.29</span>$6.29</span><span class="chakra-text css-623q5h" data-testid="was-price"><span class="css-idkz9h">$6.99</span>$6.99</span></p><p class="chakra-text css-1m5a6y8" data-testid="price-descriptor">SAVE $0.70</p></div><a href="/zero-sugar-soda-cherry-cola/p/21544076_C06?source=nspt" class="chakra-linkbox__overlay css-1hnz6hu"><div class="css-0"><p class="chakra-text css-1ecdp9w" data-testid="product-brand">Zevia</p><h3 class="chakra-heading css-6qrhwc" id="21544076_C06" data-testid="product-title">Zero Sugar Soda, Cherry Cola</h3><p class="chakra-text css-1yftjin" data-testid="product-package-size">6x355.0 ml, $0.30/100ml</p></div></a><div class="css-8keand"></div></div><div class="css-1q5omjq"><div class="css-fcebb8"><div data-testid="atc-compact" class="css-y94ivq" style="width: 45px;"><button type="button" class="chakra-button css-mudsm6" data-testid="atc-button"><svg stroke="currentColor" fill="currentColor" stroke-width="0" viewBox="0 0 24 24" focusable="false" class="chakra-icon css-1g3sp7a" data-testid="btn-icon" aria-hidden="true" height="1em" width="1em" xmlns="http://www.w3.org/2000/svg"><path d="M19 13h-6v6h-2v-6H5v-2h6V5h2v6h6v2z"></path></svg><span class="css-idkz9h">Add Zero Sugar Soda, Cherry Cola to cart</span></button></div></div><div class="css-4saf4a"><p class="chakra-text css-py8788" data-testid="inventory-badge-text">Low Stock</p></div></div></div></div></div><div class="css-0"><div class="css-f5i5wc"><div class="chakra-linkbox css-vhnn8v"><div data-testid="product-image" class="css-16dr4ly"><img alt="Kicking Horse Organic Fairtrade Medium Roast Whole Bean Coffee, Smart Ass 454 g, $3.74/100g" src="https://assets.shop.loblaws.ca/products/20810001/b3/en/front/20810001_front_a06_@2.png" srcset="https://assets.shop.loblaws.ca/products/20810001/b3/en/front/20810001_front_a06_@2.png 1x, https://assets.shop.loblaws.ca/products/20810001/b3/en/front/20810001_front_a06_@2.png 2x" loading="lazy" class="chakra-image css-oguq8l" aria-hidden="true"></div><div class="css-qoklea"><div class="css-12dchmx"></div><div data-testid="price-product-tile" class="css-8atqhb"><p class="chakra-text css-0"><span class="chakra-text css-pwnbcb" data-testid="regular-price"><span class="css-idkz9h">$16.99</span>$16.99</span></p></div><a href="/organic-fairtrade-medium-roast-whole-bean-coffee-s/p/20810001_EA?source=nspt" class="chakra-linkbox__overlay css-1hnz6hu"><div class="css-0"><p class="chakra-text css-1ecdp9w" data-testid="product-brand">Kicking Horse</p><h3 class="chakra-heading css-6qrhwc" id="20810001_EA" data-testid="product-title">Organic Fairtrade Medium Roast Whole Bean Coffee, Smart Ass</h3><p class="chakra-text css-1yftjin" data-testid="product-package-size">454 g, $3.74/100g</p></div></a><div class="css-8keand"></div></div><div class="css-1q5omjq"><div class="css-fcebb8"><div data-testid="atc-compact" class="css-y94ivq" style="width: 45px;"><button type="button" class="chakra-button css-mudsm6" data-testid="atc-button"><svg stroke="currentColor" fill="currentColor" stroke-width="0" viewBox="0 0 24 24" focusable="false" class="chakra-icon css-1g3sp7a" data-testid="btn-icon" aria-hidden="true" height="1em" width="1em" xmlns="http://www.w3.org/2000/svg"><path d="M19 13h-6v6h-2v-6H5v-2h6V5h2v6h6v2z"></path></svg><span class="css-idkz9h">Add Organic Fairtrade Medium Roast Whole Bean Coffee, Smart Ass to cart</span></button></div></div></div></div></div></div><div class="css-0"><div class="css-f5i5wc"><div class="chakra-linkbox css-vhnn8v"><div data-testid="product-image" class="css-16dr4ly"><img alt="Traditional Medicinals Everyday Detox Lemon Organic Wrapped Tea Bags 16 ea, $0.33/1ea" src="https://assets.shop.loblaws.ca/products/21397790/b3/en/front/21397790_front_a06_@2.png" srcset="https://assets.shop.loblaws.ca/products/21397790/b3/en/front/21397790_front_a06_@2.png 1x, https://assets.shop.loblaws.ca/products/21397790/b3/en/front/21397790_front_a06_@2.png 2x" loading="lazy" class="chakra-image css-oguq8l" aria-hidden="true"></div><div class="css-qoklea"><div class="css-12dchmx"></div><div data-testid="price-product-tile" class="css-8atqhb"><p class="chakra-text css-0"><span class="chakra-text css-pwnbcb" data-testid="regular-price"><span class="css-idkz9h">$5.29</span>$5.29</span></p></div><a href="/everyday-detox-lemon-organic-wrapped-tea-bags/p/21397790_EA?source=nspt" class="chakra-linkbox__overlay css-1hnz6hu"><div class="css-0"><p class="chakra-text css-1ecdp9w" data-testid="product-brand">Traditional Medicinals</p><h3 class="chakra-heading css-6qrhwc" id="21397790_EA" data-testid="product-title">Everyday Detox Lemon Organic Wrapped Tea Bags</h3><p class="chakra-text css-1yftjin" data-testid="product-package-size">16 ea, $0.33/1ea</p></div></a><div class="css-8keand"></div></div><div class="css-1q5omjq"><div class="css-fcebb8"><div data-testid="atc-compact" class="css-y94ivq" style="width: 45px;"><button type="button" class="chakra-button css-mudsm6" data-testid="atc-button"><svg stroke="currentColor" fill="currentColor" stroke-width="0" viewBox="0 0 24 24" focusable="false" class="chakra-icon css-1g3sp7a" data-testid="btn-icon" aria-hidden="true" height="1em" width="1em" xmlns="http://www.w3.org/2000/svg"><path d="M19 13h-6v6h-2v-6H5v-2h6V5h2v6h6v2z"></path></svg><span class="css-idkz9h">Add Everyday Detox Lemon Organic Wrapped Tea Bags to cart</span></button></div></div></div></div></div></div><div class="css-0"><div class="css-f5i5wc"><div class="chakra-linkbox css-vhnn8v"><div data-testid="product-image" class="css-16dr4ly"><img alt="Traditional Medicinals Wrapped Tea Bags Organic Dandelion Leaf &amp; Root 16 ea, $0.33/1ea" src="https://assets.shop.loblaws.ca/products/21452637/b3/en/front/21452637_front_a06_@2.png" srcset="https://assets.shop.loblaws.ca/products/21452637/b3/en/front/21452637_front_a06_@2.png 1x, https://assets.shop.loblaws.ca/products/21452637/b3/en/front/21452637_front_a06_@2.png 2x" loading="lazy" class="chakra-image css-oguq8l" aria-hidden="true"></div><div class="css-qoklea"><div class="css-12dchmx"></div><div data-testid="price-product-tile" class="css-8atqhb"><p class="chakra-text css-0"><span class="chakra-text css-pwnbcb" data-testid="regular-price"><span class="css-idkz9h">$5.29</span>$5.29</span></p></div><a href="/wrapped-tea-bags-organic-dandelion-leaf-root/p/21452637_EA?source=nspt" class="chakra-linkbox__overlay css-1hnz6hu"><div class="css-0"><p class="chakra-text css-1ecdp9w" data-testid="product-brand">Traditional Medicinals</p><h3 class="chakra-heading css-6qrhwc" id="21452637_EA" data-testid="product-title">Wrapped Tea Bags Organic Dandelion Leaf &amp; Root</h3><p class="chakra-text css-1yftjin" data-testid="product-package-size">16 ea, $0.33/1ea</p></div></a><div class="css-8keand"></div></div><div class="css-1q5omjq"><div class="css-fcebb8"><div data-testid="atc-compact" class="css-y94ivq" style="width: 45px;"><button type="button" class="chakra-button css-mudsm6" data-testid="atc-button"><svg stroke="currentColor" fill="currentColor" stroke-width="0" viewBox="0 0 24 24" focusable="false" class="chakra-icon css-1g3sp7a" data-testid="btn-icon" aria-hidden="true" height="1em" width="1em" xmlns="http://www.w3.org/2000/svg"><path d="M19 13h-6v6h-2v-6H5v-2h6V5h2v6h6v2z"></path></svg><span class="css-idkz9h">Add Wrapped Tea Bags Organic Dandelion Leaf &amp; Root to cart</span></button></div></div></div></div></div></div><div class="css-0"><div class="css-f5i5wc"><div class="chakra-linkbox css-vhnn8v"><div data-testid="product-image" class="css-16dr4ly"><img alt="PC Organics Dark Roast Ground Coffee 250 g, $3.20/100g" src="https://assets.shop.loblaws.ca/products/21405547/b3/en/front/21405547_front_a06_@2.png" srcset="https://assets.shop.loblaws.ca/products/21405547/b3/en/front/21405547_front_a06_@2.png 1x, https://assets.shop.loblaws.ca/products/21405547/b3/en/front/21405547_front_a06_@2.png 2x" loading="lazy" class="chakra-image css-oguq8l" aria-hidden="true"></div><div class="css-qoklea"><div class="css-12dchmx"></div><div data-testid="price-product-tile" class="css-8atqhb"><p class="chakra-text css-0"><span class="chakra-text css-pwnbcb" data-testid="regular-price"><span class="css-idkz9h">$7.99</span>$7.99</span></p></div><a href="/dark-roast-ground-coffee/p/21405547_EA?source=nspt" class="chakra-linkbox__overlay css-1hnz6hu"><div class="css-0"><p class="chakra-text css-1ecdp9w" data-testid="product-brand">PC Organics</p><h3 class="chakra-heading css-6qrhwc" id="21405547_EA" data-testid="product-title">Dark Roast Ground Coffee</h3><p class="chakra-text css-1yftjin" data-testid="product-package-size">250 g, $3.20/100g</p></div></a><div class="css-8keand"></div></div><div class="css-1q5omjq"><div class="css-fcebb8"><div data-testid="atc-compact" class="css-y94ivq" style="width: 45px;"><button type="button" class="chakra-button css-mudsm6" data-testid="atc-button"><svg stroke="currentColor" fill="currentColor" stroke-width="0" viewBox="0 0 24 24" focusable="false" class="chakra-icon css-1g3sp7a" data-testid="btn-icon" aria-hidden="true" height="1em" width="1em" xmlns="http://www.w3.org/2000/svg"><path d="M19 13h-6v6h-2v-6H5v-2h6V5h2v6h6v2z"></path></svg><span class="css-idkz9h">Add Dark Roast Ground Coffee to cart</span></button></div></div></div></div></div></div><div class="css-0"><div class="css-f5i5wc"><div class="chakra-linkbox css-vhnn8v"><div data-testid="product-image" class="css-16dr4ly"><img alt="PC Organics Lemonade 946 ml, $0.41/100ml" src="https://assets.shop.loblaws.ca/products/20936902/b3/en/front/20936902_front_a06_@2.png" srcset="https://assets.shop.loblaws.ca/products/20936902/b3/en/front/20936902_front_a06_@2.png 1x, https://assets.shop.loblaws.ca/products/20936902/b3/en/front/20936902_front_a06_@2.png 2x" loading="lazy" class="chakra-image css-oguq8l" aria-hidden="true"></div><div class="css-qoklea"><div class="css-12dchmx"></div><div data-testid="price-product-tile" class="css-8atqhb"><p class="chakra-text css-0"><span class="chakra-text css-pwnbcb" data-testid="regular-price"><span class="css-idkz9h">$3.89</span>$3.89</span></p></div><a href="/lemonade/p/20936902_EA?source=nspt" class="chakra-linkbox__overlay css-1hnz6hu"><div class="css-0"><p class="chakra-text css-1ecdp9w" data-testid="product-brand">PC Organics</p><h3 class="chakra-heading css-6qrhwc" id="20936902_EA" data-testid="product-title">Lemonade</h3><p class="chakra-text css-1yftjin" data-testid="product-package-size">946 ml, $0.41/100ml</p></div></a><div class="css-8keand"></div></div><div class="css-1q5omjq"><div class="css-fcebb8"><div data-testid="atc-compact" class="css-y94ivq" style="width: 45px;"><button type="button" class="chakra-button css-mudsm6" data-testid="atc-button"><svg stroke="currentColor" fill="currentColor" stroke-width="0" viewBox="0 0 24 24" focusable="false" class="chakra-icon css-1g3sp7a" data-testid="btn-icon" aria-hidden="true" height="1em" width="1em" xmlns="http://www.w3.org/2000/svg"><path d="M19 13h-6v6h-2v-6H5v-2h6V5h2v6h6v2z"></path></svg><span class="css-idkz9h">Add Lemonade to cart</span></button></div></div></div></div></div></div><div class="css-0"><div class="css-f5i5wc"><div class="chakra-linkbox css-vhnn8v"><div data-testid="product-image" class="css-16dr4ly"><img alt="PC Organics Medium Dark Roast Single Serve Coffee Pods 136 g, $6.61/100g" src="https://assets.shop.loblaws.ca/products/21036469/b3/en/front/21036469_front_a06_@2.png" srcset="https://assets.shop.loblaws.ca/products/21036469/b3/en/front/21036469_front_a06_@2.png 1x, https://assets.shop.loblaws.ca/products/21036469/b3/en/front/21036469_front_a06_@2.png 2x" loading="lazy" class="chakra-image css-oguq8l" aria-hidden="true"></div><div class="css-qoklea"><div class="css-12dchmx"></div><div data-testid="price-product-tile" class="css-8atqhb"><p class="chakra-text css-0"><span class="chakra-text css-pwnbcb" data-testid="regular-price"><span class="css-idkz9h">$8.99</span>$8.99</span></p></div><a href="/medium-dark-roast-single-serve-coffee-pods/p/21036469_EA?source=nspt" class="chakra-linkbox__overlay css-1hnz6hu"><div class="css-0"><p class="chakra-text css-1ecdp9w" data-testid="product-brand">PC Organics</p><h3 class="chakra-heading css-6qrhwc" id="21036469_EA" data-testid="product-title">Medium Dark Roast Single Serve Coffee Pods</h3><p class="chakra-text css-1yftjin" data-testid="product-package-size">136 g, $6.61/100g</p></div></a><div class="css-8keand"></div></div><div class="css-1q5omjq"><div class="css-fcebb8"><div data-testid="atc-compact" class="css-y94ivq" style="width: 45px;"><button type="button" class="chakra-button css-mudsm6" data-testid="atc-button"><svg stroke="currentColor" fill="currentColor" stroke-width="0" viewBox="0 0 24 24" focusable="false" class="chakra-icon css-1g3sp7a" data-testid="btn-icon" aria-hidden="true" height="1em" width="1em" xmlns="http://www.w3.org/2000/svg"><path d="M19 13h-6v6h-2v-6H5v-2h6V5h2v6h6v2z"></path></svg><span class="css-idkz9h">Add Medium Dark Roast Single Serve Coffee Pods to cart</span></button></div></div><div class="css-4saf4a"><p class="chakra-text css-py8788" data-testid="inventory-badge-text">Low Stock</p></div></div></div></div></div><div class="css-0"><div class="css-f5i5wc"><div class="chakra-linkbox css-vhnn8v"><div data-testid="product-image" class="css-16dr4ly"><img alt="Kiju Organic Strawberry Watermelon Juice Blend 1 l, $0.35/100ml" src="https://assets.shop.loblaws.ca/products/21313187/b3/en/front/21313187_front_a06_@2.png" srcset="https://assets.shop.loblaws.ca/products/21313187/b3/en/front/21313187_front_a06_@2.png 1x, https://assets.shop.loblaws.ca/products/21313187/b3/en/front/21313187_front_a06_@2.png 2x" loading="lazy" class="chakra-image css-oguq8l" aria-hidden="true"></div><div class="css-qoklea"><div class="css-12dchmx"></div><div data-testid="price-product-tile" class="css-8atqhb"><p class="chakra-text css-0"><span class="chakra-text css-pwnbcb" data-testid="regular-price"><span class="css-idkz9h">$3.49</span>$3.49</span></p></div><a href="/organic-strawberry-watermelon-juice-blend/p/21313187_EA?source=nspt" class="chakra-linkbox__overlay css-1hnz6hu"><div class="css-0"><p class="chakra-text css-1ecdp9w" data-testid="product-brand">Kiju</p><h3 class="chakra-heading css-6qrhwc" id="21313187_EA" data-testid="product-title">Organic Strawberry Watermelon Juice Blend</h3><p class="chakra-text css-1yftjin" data-testid="product-package-size">1 l, $0.35/100ml</p></div></a><div class="css-8keand"></div></div><div class="css-1q5omjq"><div class="css-fcebb8"><div data-testid="atc-compact" class="css-y94ivq" style="width: 45px;"><button type="button" class="chakra-button css-mudsm6" data-testid="atc-button"><svg stroke="currentColor" fill="currentColor" stroke-width="0" viewBox="0 0 24 24" focusable="false" class="chakra-icon css-1g3sp7a" data-testid="btn-icon" aria-hidden="true" height="1em" width="1em" xmlns="http://www.w3.org/2000/svg"><path d="M19 13h-6v6h-2v-6H5v-2h6V5h2v6h6v2z"></path></svg><span class="css-idkz9h">Add Organic Strawberry Watermelon Juice Blend to cart</span></button></div></div><div class="css-4saf4a"><p class="chakra-text css-py8788" data-testid="inventory-badge-text">Low Stock</p></div></div></div></div></div><div class="css-0"><div class="css-f5i5wc"><div class="chakra-linkbox css-vhnn8v"><div data-testid="product-image" class="css-16dr4ly"><img alt="Kiju Organic Mango Orange Fruit Juice Blend 1 l, $0.33/100ml" src="https://assets.shop.loblaws.ca/products/20312710001/b3/en/front/20312710001_front_a06_@2.png" srcset="https://assets.shop.loblaws.ca/products/20312710001/b3/en/front/20312710001_front_a06_@2.png 1x, https://assets.shop.loblaws.ca/products/20312710001/b3/en/front/20312710001_front_a06_@2.png 2x" loading="lazy" class="chakra-image css-oguq8l" aria-hidden="true"></div><div class="css-qoklea"><div class="css-12dchmx"></div><div data-testid="price-product-tile" class="css-8atqhb"><p class="chakra-text css-0"><span class="chakra-text css-pwnbcb" data-testid="regular-price"><span class="css-idkz9h">$3.29</span>$3.29</span></p></div><a href="/organic-mango-orange-fruit-juice-blend/p/20312710001_EA?source=nspt" class="chakra-linkbox__overlay css-1hnz6hu"><div class="css-0"><p class="chakra-text css-1ecdp9w" data-testid="product-brand">Kiju</p><h3 class="chakra-heading css-6qrhwc" id="20312710001_EA" data-testid="product-title">Organic Mango Orange Fruit Juice Blend</h3><p class="chakra-text css-1yftjin" data-testid="product-package-size">1 l, $0.33/100ml</p></div></a><div class="css-8keand"></div></div><div class="css-1q5omjq"><div class="css-fcebb8"><div data-testid="atc-compact" class="css-y94ivq" style="width: 45px;"><button type="button" class="chakra-button css-mudsm6" data-testid="atc-button"><svg stroke="currentColor" fill="currentColor" stroke-width="0" viewBox="0 0 24 24" focusable="false" class="chakra-icon css-1g3sp7a" data-testid="btn-icon" aria-hidden="true" height="1em" width="1em" xmlns="http://www.w3.org/2000/svg"><path d="M19 13h-6v6h-2v-6H5v-2h6V5h2v6h6v2z"></path></svg><span class="css-idkz9h">Add Organic Mango Orange Fruit Juice Blend to cart</span></button></div></div></div></div></div></div><div class="css-0"><div class="css-f5i5wc"><div class="chakra-linkbox css-vhnn8v"><div data-testid="product-image" class="css-16dr4ly"><img alt="Kicking Horse Organic Fairtrade Dark Roast Ground Coffee, 454 Horse Power 284 g, $4.93/100g" src="https://assets.shop.loblaws.ca/products/20805126004/b3/en/front/20805126004_front_a06_@2.png" srcset="https://assets.shop.loblaws.ca/products/20805126004/b3/en/front/20805126004_front_a06_@2.png 1x, https://assets.shop.loblaws.ca/products/20805126004/b3/en/front/20805126004_front_a06_@2.png 2x" loading="lazy" class="chakra-image css-oguq8l" aria-hidden="true"></div><div class="css-qoklea"><div class="css-12dchmx"></div><div data-testid="price-product-tile" class="css-8atqhb"><p class="chakra-text css-0"><span class="chakra-text css-pwnbcb" data-testid="regular-price"><span class="css-idkz9h">$13.99</span>$13.99</span></p></div><a href="/organic-fairtrade-dark-roast-ground-coffee-454-hor/p/20805126004_EA?source=nspt" class="chakra-linkbox__overlay css-1hnz6hu"><div class="css-0"><p class="chakra-text css-1ecdp9w" data-testid="product-brand">Kicking Horse</p><h3 class="chakra-heading css-6qrhwc" id="20805126004_EA" data-testid="product-title">Organic Fairtrade Dark Roast Ground Coffee, 454 Horse Power</h3><p class="chakra-text css-1yftjin" data-testid="product-package-size">284 g, $4.93/100g</p></div></a><div class="css-8keand"></div></div><div class="css-1q5omjq"><div class="css-fcebb8"><div data-testid="atc-compact" class="css-y94ivq" style="width: 45px;"><button type="button" class="chakra-button css-mudsm6" data-testid="atc-button"><svg stroke="currentColor" fill="currentColor" stroke-width="0" viewBox="0 0 24 24" focusable="false" class="chakra-icon css-1g3sp7a" data-testid="btn-icon" aria-hidden="true" height="1em" width="1em" xmlns="http://www.w3.org/2000/svg"><path d="M19 13h-6v6h-2v-6H5v-2h6V5h2v6h6v2z"></path></svg><span class="css-idkz9h">Add Organic Fairtrade Dark Roast Ground Coffee, 454 Horse Power to cart</span></button></div></div></div></div></div></div><div class="css-0"><div class="css-f5i5wc"><div class="chakra-linkbox css-vhnn8v"><div data-testid="product-image" class="css-16dr4ly"><img alt="Kicking Horse Organic Fairtrade Light Roast Ground Coffee, Hola 284 g, $4.93/100g" src="https://assets.shop.loblaws.ca/products/20982015/b3/en/front/20982015_front_a06_@2.png" srcset="https://assets.shop.loblaws.ca/products/20982015/b3/en/front/20982015_front_a06_@2.png 1x, https://assets.shop.loblaws.ca/products/20982015/b3/en/front/20982015_front_a06_@2.png 2x" loading="lazy" class="chakra-image css-oguq8l" aria-hidden="true"></div><div class="css-qoklea"><div class="css-12dchmx"></div><div data-testid="price-product-tile" class="css-8atqhb"><p class="chakra-text css-0"><span class="chakra-text css-pwnbcb" data-testid="regular-price"><span class="css-idkz9h">$13.99</span>$13.99</span></p></div><a href="/organic-fairtrade-light-roast-ground-coffee-hola/p/20982015_EA?source=nspt" class="chakra-linkbox__overlay css-1hnz6hu"><div class="css-0"><p class="chakra-text css-1ecdp9w" data-testid="product-brand">Kicking Horse</p><h3 class="chakra-heading css-6qrhwc" id="20982015_EA" data-testid="product-title">Organic Fairtrade Light Roast Ground Coffee, Hola</h3><p class="chakra-text css-1yftjin" data-testid="product-package-size">284 g, $4.93/100g</p></div></a><div class="css-8keand"></div></div><div class="css-1q5omjq"><div class="css-fcebb8"><div data-testid="atc-compact" class="css-y94ivq" style="width: 45px;"><button type="button" class="chakra-button css-mudsm6" data-testid="atc-button"><svg stroke="currentColor" fill="currentColor" stroke-width="0" viewBox="0 0 24 24" focusable="false" class="chakra-icon css-1g3sp7a" data-testid="btn-icon" aria-hidden="true" height="1em" width="1em" xmlns="http://www.w3.org/2000/svg"><path d="M19 13h-6v6h-2v-6H5v-2h6V5h2v6h6v2z"></path></svg><span class="css-idkz9h">Add Organic Fairtrade Light Roast Ground Coffee, Hola to cart</span></button></div></div></div></div></div></div><div class="css-0"><div class="css-f5i5wc"><div class="chakra-linkbox css-vhnn8v"><div data-testid="product-image" class="css-16dr4ly"><img alt="Kicking Horse Organic Fairtrade Dark Roast Whole Bean Coffee, Decaf 454 g, $3.74/100g" src="https://assets.shop.loblaws.ca/products/20322468002/b3/en/front/20322468002_front_a06_@2.png" srcset="https://assets.shop.loblaws.ca/products/20322468002/b3/en/front/20322468002_front_a06_@2.png 1x, https://assets.shop.loblaws.ca/products/20322468002/b3/en/front/20322468002_front_a06_@2.png 2x" loading="lazy" class="chakra-image css-oguq8l" aria-hidden="true"></div><div class="css-qoklea"><div class="css-12dchmx"></div><div data-testid="price-product-tile" class="css-8atqhb"><p class="chakra-text css-0"><span class="chakra-text css-pwnbcb" data-testid="regular-price"><span class="css-idkz9h">$16.99</span>$16.99</span></p></div><a href="/organic-fairtrade-dark-roast-whole-bean-coffee-dec/p/20322468002_EA?source=nspt" class="chakra-linkbox__overlay css-1hnz6hu"><div class="css-0"><p class="chakra-text css-1ecdp9w" data-testid="product-brand">Kicking Horse</p><h3 class="chakra-heading css-6qrhwc" id="20322468002_EA" data-testid="product-title">Organic Fairtrade Dark Roast Whole Bean Coffee, Decaf</h3><p class="chakra-text css-1yftjin" data-testid="product-package-size">454 g, $3.74/100g</p></div></a><div class="css-8keand"></div></div><div class="css-1q5omjq"><div class="css-fcebb8"><div data-testid="atc-compact" class="css-y94ivq" style="width: 45px;"><button type="button" class="chakra-button css-mudsm6" data-testid="atc-button"><svg stroke="currentColor" fill="currentColor" stroke-width="0" viewBox="0 0 24 24" focusable="false" class="chakra-icon css-1g3sp7a" data-testid="btn-icon" aria-hidden="true" height="1em" width="1em" xmlns="http://www.w3.org/2000/svg"><path d="M19 13h-6v6h-2v-6H5v-2h6V5h2v6h6v2z"></path></svg><span class="css-idkz9h">Add Organic Fairtrade Dark Roast Whole Bean Coffee, Decaf to cart</span></button></div></div><div class="css-4saf4a"><p class="chakra-text css-py8788" data-testid="inventory-badge-text">Low Stock</p></div></div></div></div></div><div class="css-0"><div class="css-f5i5wc"><div class="chakra-linkbox css-vhnn8v"><div data-testid="product-image" class="css-16dr4ly"><img alt="Kicking Horse Organic Fairtrade Dark Roast Ground Coffee, Kick Ass 284 g, $4.93/100g" src="https://assets.shop.loblaws.ca/products/20805126003/b3/en/front/20805126003_front_a06_@2.png" srcset="https://assets.shop.loblaws.ca/products/20805126003/b3/en/front/20805126003_front_a06_@2.png 1x, https://assets.shop.loblaws.ca/products/20805126003/b3/en/front/20805126003_front_a06_@2.png 2x" loading="lazy" class="chakra-image css-oguq8l" aria-hidden="true"></div><div class="css-qoklea"><div class="css-12dchmx"></div><div data-testid="price-product-tile" class="css-8atqhb"><p class="chakra-text css-0"><span class="chakra-text css-pwnbcb" data-testid="regular-price"><span class="css-idkz9h">$13.99</span>$13.99</span></p></div><a href="/organic-fairtrade-dark-roast-ground-coffee-kick-as/p/20805126003_EA?source=nspt" class="chakra-linkbox__overlay css-1hnz6hu"><div class="css-0"><p class="chakra-text css-1ecdp9w" data-testid="product-brand">Kicking Horse</p><h3 class="chakra-heading css-6qrhwc" id="20805126003_EA" data-testid="product-title">Organic Fairtrade Dark Roast Ground Coffee, Kick Ass</h3><p class="chakra-text css-1yftjin" data-testid="product-package-size">284 g, $4.93/100g</p></div></a><div class="css-8keand"></div></div><div class="css-1q5omjq"><div class="css-fcebb8"><div data-testid="atc-compact" class="css-y94ivq" style="width: 45px;"><button type="button" class="chakra-button css-mudsm6" data-testid="atc-button"><svg stroke="currentColor" fill="currentColor" stroke-width="0" viewBox="0 0 24 24" focusable="false" class="chakra-icon css-1g3sp7a" data-testid="btn-icon" aria-hidden="true" height="1em" width="1em" xmlns="http://www.w3.org/2000/svg"><path d="M19 13h-6v6h-2v-6H5v-2h6V5h2v6h6v2z"></path></svg><span class="css-idkz9h">Add Organic Fairtrade Dark Roast Ground Coffee, Kick Ass to cart</span></button></div></div></div></div></div></div><div class="css-0"><div class="css-f5i5wc"><div class="chakra-linkbox css-vhnn8v"><div data-testid="product-image" class="css-16dr4ly"><img alt="Kicking Horse Organic Fairtrade Medium Roast Ground Coffee, Smart Ass 284 g, $4.93/100g" src="https://assets.shop.loblaws.ca/products/20982074/b3/en/front/20982074_front_a06_@2.png" srcset="https://assets.shop.loblaws.ca/products/20982074/b3/en/front/20982074_front_a06_@2.png 1x, https://assets.shop.loblaws.ca/products/20982074/b3/en/front/20982074_front_a06_@2.png 2x" loading="lazy" class="chakra-image css-oguq8l" aria-hidden="true"></div><div class="css-qoklea"><div class="css-12dchmx"></div><div data-testid="price-product-tile" class="css-8atqhb"><p class="chakra-text css-0"><span class="chakra-text css-pwnbcb" data-testid="regular-price"><span class="css-idkz9h">$13.99</span>$13.99</span></p></div><a href="/organic-fairtrade-medium-roast-ground-coffee-smart/p/20982074_EA?source=nspt" class="chakra-linkbox__overlay css-1hnz6hu"><div class="css-0"><p class="chakra-text css-1ecdp9w" data-testid="product-brand">Kicking Horse</p><h3 class="chakra-heading css-6qrhwc" id="20982074_EA" data-testid="product-title">Organic Fairtrade Medium Roast Ground Coffee, Smart Ass</h3><p class="chakra-text css-1yftjin" data-testid="product-package-size">284 g, $4.93/100g</p></div></a><div class="css-8keand"></div></div><div class="css-1q5omjq"><div class="css-fcebb8"><div data-testid="atc-compact" class="css-y94ivq" style="width: 45px;"><button type="button" class="chakra-button css-mudsm6" data-testid="atc-button"><svg stroke="currentColor" fill="currentColor" stroke-width="0" viewBox="0 0 24 24" focusable="false" class="chakra-icon css-1g3sp7a" data-testid="btn-icon" aria-hidden="true" height="1em" width="1em" xmlns="http://www.w3.org/2000/svg"><path d="M19 13h-6v6h-2v-6H5v-2h6V5h2v6h6v2z"></path></svg><span class="css-idkz9h">Add Organic Fairtrade Medium Roast Ground Coffee, Smart Ass to cart</span></button></div></div></div></div></div></div></div><div data-testid="product-grid" class="css-epcqr3"><div class="css-0"><div class="css-f5i5wc"><div class="chakra-linkbox css-vhnn8v"><div data-testid="product-image" class="css-16dr4ly"><img alt="Kicking Horse Organic Fairtrade Medium Roast Ground Coffee, Smart Ass 284 g, $4.93/100g" src="https://assets.shop.loblaws.ca/products/20982074/b3/en/front/20982074_front_a06_@2.png" srcset="https://assets.shop.loblaws.ca/products/20982074/b3/en/front/20982074_front_a06_@2.png 1x, https://assets.shop.loblaws.ca/products/20982074/b3/en/front/20982074_front_a06_@2.png 2x" loading="lazy" class="chakra-image css-oguq8l" aria-hidden="true"></div><div class="css-qoklea"><div class="css-12dchmx"></div><div data-testid="price-product-tile" class="css-8atqhb"><p class="chakra-text css-0"><span class="chakra-text css-pwnbcb" data-testid="regular-price"><span class="css-idkz9h">$13.99</span>$13.99</span></p></div><a href="/organic-fairtrade-medium-roast-ground-coffee-smart/p/20982074_EA?source=nspt" class="chakra-linkbox__overlay css-1hnz6hu"><div class="css-0"><p class="chakra-text css-1ecdp9w" data-testid="product-brand">Kicking Horse</p><h3 class="chakra-heading css-6qrhwc" id="20982074_EA" data-testid="product-title">Organic Fairtrade Medium Roast Ground Coffee, Smart Ass</h3><p class="chakra-text css-1yftjin" data-testid="product-package-size">284 g, $4.93/100g</p></div></a><div class="css-8keand"></div></div><div class="css-1q5omjq"><div class="css-fcebb8"><div data-testid="atc-compact" class="css-y94ivq" style="width: 45px;"><button type="button" class="chakra-button css-mudsm6" data-testid="atc-button"><svg stroke="currentColor" fill="currentColor" stroke-width="0" viewBox="0 0 24 24" focusable="false" class="chakra-icon css-1g3sp7a" data-testid="btn-icon" aria-hidden="true" height="1em" width="1em" xmlns="http://www.w3.org/2000/svg"><path d="M19 13h-6v6h-2v-6H5v-2h6V5h2v6h6v2z"></path></svg><span class="css-idkz9h">Add Organic Fairtrade Medium Roast Ground Coffee, Smart Ass to cart</span></button></div></div></div></div></div></div><div class="css-0"><div class="css-f5i5wc"><div class="chakra-linkbox css-vhnn8v"><div data-testid="product-image" class="css-16dr4ly"><img alt="Traditional Medicinals Smooth Move Original With Senna Organic Wrapped Tea Bags 16 ea, $0.33/1ea" src="https://assets.shop.loblaws.ca/products/21397464/b3/en/front/21397464_front_a06_@2.png" srcset="https://assets.shop.loblaws.ca/products/21397464/b3/en/front/21397464_front_a06_@2.png 1x, https://assets.shop.loblaws.ca/products/21397464/b3/en/front/21397464_front_a06_@2.png 2x" loading="lazy" class="chakra-image css-oguq8l" aria-hidden="true"></div><div class="css-qoklea"><div class="css-12dchmx"></div><div data-testid="price-product-tile" class="css-8atqhb"><p class="chakra-text css-0"><span class="chakra-text css-pwnbcb" data-testid="regular-price"><span class="css-idkz9h">$5.29</span>$5.29</span></p></div><a href="/smooth-move-original-with-senna-organic-wrapped-te/p/21397464_EA?source=nspt" class="chakra-linkbox__overlay css-1hnz6hu"><div class="css-0"><p class="chakra-text css-1ecdp9w" data-testid="product-brand">Traditional Medicinals</p><h3 class="chakra-heading css-6qrhwc" id="21397464_EA" data-testid="product-title">Smooth Move Original With Senna Organic Wrapped Tea Bags</h3><p class="chakra-text css-1yftjin" data-testid="product-package-size">16 ea, $0.33/1ea</p></div></a><div class="css-8keand"></div></div><div class="css-1q5omjq"><div class="css-fcebb8"><div data-testid="atc-compact" class="css-y94ivq" style="width: 45px;"><button type="button" class="chakra-button css-mudsm6" data-testid="atc-button"><svg stroke="currentColor" fill="currentColor" stroke-width="0" viewBox="0 0 24 24" focusable="false" class="chakra-icon css-1g3sp7a" data-testid="btn-icon" aria-hidden="true" height="1em" width="1em" xmlns="http://www.w3.org/2000/svg"><path d="M19 13h-6v6h-2v-6H5v-2h6V5h2v6h6v2z"></path></svg><span class="css-idkz9h">Add Smooth Move Original With Senna Organic Wrapped Tea Bags to cart</span></button></div></div></div></div></div></div><div class="css-0"><div class="css-f5i5wc"><div class="chakra-linkbox css-vhnn8v"><div data-testid="product-image" class="css-16dr4ly"><img alt="PC Organics Organic Apple Juice from Concentrate Unsweetened 1.36 l, $0.29/100ml" src="https://assets.shop.loblaws.ca/products/21209313/b3/en/front/21209313_front_a06_@2.png" srcset="https://assets.shop.loblaws.ca/products/21209313/b3/en/front/21209313_front_a06_@2.png 1x, https://assets.shop.loblaws.ca/products/21209313/b3/en/front/21209313_front_a06_@2.png 2x" loading="lazy" class="chakra-image css-oguq8l" aria-hidden="true"></div><div class="css-qoklea"><div class="css-12dchmx"></div><div data-testid="price-product-tile" class="css-8atqhb"><p class="chakra-text css-0"><span class="chakra-text css-pwnbcb" data-testid="regular-price"><span class="css-idkz9h">$3.89</span>$3.89</span></p></div><a href="/organic-apple-juice-from-concentrate-unsweetened/p/21209313_EA?source=nspt" class="chakra-linkbox__overlay css-1hnz6hu"><div class="css-0"><p class="chakra-text css-1ecdp9w" data-testid="product-brand">PC Organics</p><h3 class="chakra-heading css-6qrhwc" id="21209313_EA" data-testid="product-title">Organic Apple Juice from Concentrate Unsweetened</h3><p class="chakra-text css-1yftjin" data-testid="product-package-size">1.36 l, $0.29/100ml</p></div></a><div class="css-8keand"></div></div><div class="css-1q5omjq"><div class="css-fcebb8"><div data-testid="atc-compact" class="css-y94ivq" style="width: 45px;"><button type="button" class="chakra-button css-mudsm6" data-testid="atc-button"><svg stroke="currentColor" fill="currentColor" stroke-width="0" viewBox="0 0 24 24" focusable="false" class="chakra-icon css-1g3sp7a" data-testid="btn-icon" aria-hidden="true" height="1em" width="1em" xmlns="http://www.w3.org/2000/svg"><path d="M19 13h-6v6h-2v-6H5v-2h6V5h2v6h6v2z"></path></svg><span class="css-idkz9h">Add Organic Apple Juice from Concentrate Unsweetened to cart</span></button></div></div><div class="css-4saf4a"><p class="chakra-text css-py8788" data-testid="inventory-badge-text">Low Stock</p></div></div></div></div></div><div class="css-0"><div class="css-f5i5wc"><div class="chakra-linkbox css-vhnn8v"><div data-testid="product-image" class="css-16dr4ly"><img alt="Kicking Horse Organic Fairtrade Dark Roast Whole Bean Coffee, Half Ass 454 g, $3.74/100g" src="https://assets.shop.loblaws.ca/products/20616063/b3/en/front/20616063_front_a06_@2.png" srcset="https://assets.shop.loblaws.ca/products/20616063/b3/en/front/20616063_front_a06_@2.png 1x, https://assets.shop.loblaws.ca/products/20616063/b3/en/front/20616063_front_a06_@2.png 2x" loading="lazy" class="chakra-image css-oguq8l" aria-hidden="true"></div><div class="css-qoklea"><div class="css-12dchmx"></div><div data-testid="price-product-tile" class="css-8atqhb"><p class="chakra-text css-0"><span class="chakra-text css-pwnbcb" data-testid="regular-price"><span class="css-idkz9h">$16.99</span>$16.99</span></p></div><a href="/organic-fairtrade-dark-roast-whole-bean-coffee-hal/p/20616063_EA?source=nspt" class="chakra-linkbox__overlay css-1hnz6hu"><div class="css-0"><p class="chakra-text css-1ecdp9w" data-testid="product-brand">Kicking Horse</p><h3 class="chakra-heading css-6qrhwc" id="20616063_EA" data-testid="product-title">Organic Fairtrade Dark Roast Whole Bean Coffee, Half Ass</h3><p class="chakra-text css-1yftjin" data-testid="product-package-size">454 g, $3.74/100g</p></div></a><div class="css-8keand"></div></div><div class="css-1q5omjq"><div class="css-fcebb8"><div data-testid="atc-compact" class="css-y94ivq" style="width: 45px;"><button type="button" class="chakra-button css-mudsm6" data-testid="atc-button"><svg stroke="currentColor" fill="currentColor" stroke-width="0" viewBox="0 0 24 24" focusable="false" class="chakra-icon css-1g3sp7a" data-testid="btn-icon" aria-hidden="true" height="1em" width="1em" xmlns="http://www.w3.org/2000/svg"><path d="M19 13h-6v6h-2v-6H5v-2h6V5h2v6h6v2z"></path></svg><span class="css-idkz9h">Add Organic Fairtrade Dark Roast Whole Bean Coffee, Half Ass to cart</span></button></div></div></div></div></div></div></div>