<div data-testid="product-grid" class="css-epcqr3"><div class="css-0"><div class="css-f5i5wc"><div class="chakra-linkbox css-vhnn8v"><div data-testid="product-image" class="css-16dr4ly"><img alt="Schneider Pepperettes Sausage Sticks, European 300 g, $3.66/100g" src="https://assets.shop.loblaws.ca/products/21196171/b3/en/front/21196171_front_a06_@2.png" srcset="https://assets.shop.loblaws.ca/products/21196171/b3/en/front/21196171_front_a06_@2.png 1x, https://assets.shop.loblaws.ca/products/21196171/b3/en/front/21196171_front_a06_@2.png 2x" loading="lazy" class="chakra-image css-oguq8l" aria-hidden="true"></div><div class="css-qoklea"><div class="css-12dchmx"></div><div data-testid="price-product-tile" class="css-8atqhb"><p class="chakra-text css-0"><span class="chakra-text css-pwnbcb" data-testid="regular-price"><span class="css-idkz9h">$10.99</span>$10.99</span></p></div><a href="/pepperettes-sausage-sticks-european/p/21196171_EA?source=nspt" class="chakra-linkbox__overlay css-1hnz6hu"><div class="css-0"><p class="chakra-text css-1ecdp9w" data-testid="product-brand">Schneider</p><h3 class="chakra-heading css-6qrhwc" id="21196171_EA" data-testid="product-title">Pepperettes Sausage Sticks, European</h3><p class="chakra-text css-1yftjin" data-testid="product-package-size">300 g, $3.66/100g</p></div></a><div class="css-8keand"></div></div><div class="css-1q5omjq"><div class="css-fcebb8"><div data-testid="atc-compact" class="css-y94ivq" style="width: 45px;"><button type="button" class="chakra-button css-mudsm6" data-testid="atc-button"><svg stroke="currentColor" fill="currentColor" stroke-width="0" viewBox="0 0 24 24" focusable="false" class="chakra-icon css-1g3sp7a" data-testid="btn-icon" aria-hidden="true" height="1em" width="1em" xmlns="http://www.w3.org/2000/svg"><path d="M19 13h-6v6h-2v-6H5v-2h6V5h2v6h6v2z"></path></svg><span class="css-idkz9h">Add Pepperettes Sausage Sticks, European to cart</span></button></div></div></div></div></div></div><div class="css-0"><div class="css-f5i5wc"><div class="chakra-linkbox css-vhnn8v"><div data-testid="product-image" class="css-16dr4ly"><img alt="Schneider Pepperettes Sausage Sticks, Original 375 g, $2.93/100g" src="https://assets.shop.loblaws.ca/products/20976110/b3/en/front/20976110_front_a06_@2.png" srcset="https://assets.shop.loblaws.ca/products/20976110/b3/en/front/20976110_front_a06_@2.png 1x, https://assets.shop.loblaws.ca/products/20976110/b3/en/front/20976110_front_a06_@2.png 2x" loading="lazy" class="chakra-image css-oguq8l" aria-hidden="true"></div><div class="css-qoklea"><div class="css-12dchmx"></div><div data-testid="price-product-tile" class="css-8atqhb"><p class="chakra-text css-0"><span class="chakra-text css-pwnbcb" data-testid="regular-price"><span class="css-idkz9h">$10.99</span>$10.99</span></p></div><a href="/pepperettes-sausage-sticks-original/p/20976110_EA?source=nspt" class="chakra-linkbox__overlay css-1hnz6hu"><div class="css-0"><p class="chakra-text css-1ecdp9w" data-testid="product-brand">Schneider</p><h3 class="chakra-heading css-6qrhwc" id="20976110_EA" data-testid="product-title">Pepperettes Sausage Sticks, Original</h3><p class="chakra-text css-1yftjin" data-testid="product-package-size">375 g, $2.93/100g</p></div></a><div class="css-8keand"></div></div><div class="css-1q5omjq"><div class="css-fcebb8"><div data-testid="atc-compact" class="css-y94ivq" style="width: 45px;"><button type="button" class="chakra-button css-mudsm6" data-testid="atc-button"><svg stroke="currentColor" fill="currentColor" stroke-width="0" viewBox="0 0 24 24" focusable="false" class="chakra-icon css-1g3sp7a" data-testid="btn-icon" aria-hidden="true" height="1em" width="1em" xmlns="http://www.w3.org/2000/svg"><path d="M19 13h-6v6h-2v-6H5v-2h6V5h2v6h6v2z"></path></svg><span class="css-idkz9h">Add Pepperettes Sausage Sticks, Original to cart</span></button></div></div></div></div></div></div><div class="css-0"><div class="css-f5i5wc"><div class="chakra-linkbox css-vhnn8v"><div data-testid="product-image" class="css-16dr4ly"><img alt="Schneider Pepperettes Sausage Sticks, Pepperoni 300 g, $3.66/100g" src="https://assets.shop.loblaws.ca/products/21433636/b3/en/front/21433636_front_a06_@2.png" srcset="https://assets.shop.loblaws.ca/products/21433636/b3/en/front/21433636_front_a06_@2.png 1x, https://assets.shop.loblaws.ca/products/21433636/b3/en/front/21433636_front_a06_@2.png 2x" loading="lazy" class="chakra-image css-oguq8l" aria-hidden="true"></div><div class="css-qoklea"><div class="css-12dchmx"></div><div data-testid="price-product-tile" class="css-8atqhb"><p class="chakra-text css-0"><span class="chakra-text css-pwnbcb" data-testid="regular-price"><span class="css-idkz9h">$10.99</span>$10.99</span></p></div><a href="/pepperettes-sausage-sticks-pepperoni/p/21433636_EA?source=nspt" class="chakra-linkbox__overlay css-1hnz6hu"><div class="css-0"><p class="chakra-text css-1ecdp9w" data-testid="product-brand">Schneider</p><h3 class="chakra-heading css-6qrhwc" id="21433636_EA" data-testid="product-title">Pepperettes Sausage Sticks, Pepperoni</h3><p class="chakra-text css-1yftjin" data-testid="product-package-size">300 g, $3.66/100g</p></div></a><div class="css-8keand"></div></div><div class="css-1q5omjq"><div class="css-fcebb8"><div data-testid="atc-compact" class="css-y94ivq" style="width: 45px;"><button type="button" class="chakra-button css-mudsm6" data-testid="atc-button"><svg stroke="currentColor" fill="currentColor" stroke-width="0" viewBox="0 0 24 24" focusable="false" class="chakra-icon css-1g3sp7a" data-testid="btn-icon" aria-hidden="true" height="1em" width="1em" xmlns="http://www.w3.org/2000/svg"><path d="M19 13h-6v6h-2v-6H5v-2h6V5h2v6h6v2z"></path></svg><span class="css-idkz9h">Add Pepperettes Sausage Sticks, Pepperoni to cart</span></button></div></div></div></div></div></div><div class="css-0"><div class="css-f5i5wc"><div class="chakra-linkbox css-vhnn8v"><div data-testid="product-image" class="css-16dr4ly"><img alt="Maple Leaf Natural Selections Sliced Black Forest Deli Ham, Smoked 175 g, $34.23/1kg $3.42/100g" src="https://assets.shop.loblaws.ca/products/20065285/b3/en/front/20065285_front_a06_@2.png" srcset="https://assets.shop.loblaws.ca/products/20065285/b3/en/front/20065285_front_a06_@2.png 1x, https://assets.shop.loblaws.ca/products/20065285/b3/en/front/20065285_front_a06_@2.png 2x" loading="lazy" class="chakra-image css-oguq8l" aria-hidden="true"></div><div class="css-qoklea"><div class="css-12dchmx"></div><div data-testid="price-product-tile" class="css-8atqhb"><p class="chakra-text css-0"><span class="chakra-text css-o93gbd" data-testid="sale-price"><span class="css-idkz9h">$5.99</span>$5.99</span><span class="chakra-text css-623q5h" data-testid="was-price"><span class="css-idkz9h">$7.49</span>$7.49</span></p><p class="chakra-text css-1m5a6y8" data-testid="price-descriptor">SAVE $1.50</p></div><a href="/natural-selections-sliced-black-forest-deli-ham-sm/p/20065285_EA?source=nspt" class="chakra-linkbox__overlay css-1hnz6hu"><div class="css-0"><p class="chakra-text css-1ecdp9w" data-testid="product-brand">Maple Leaf</p><h3 class="chakra-heading css-6qrhwc" id="20065285_EA" data-testid="product-title">Natural Selections Sliced Black Forest Deli Ham, Smoked</h3><p class="chakra-text css-1yftjin" data-testid="product-package-size">175 g, $34.23/1kg $3.42/100g</p></div></a><div class="css-8keand"></div></div><div class="css-1q5omjq"><div class="css-fcebb8"><div data-testid="atc-compact" class="css-y94ivq" style="width: 45px;"><button type="button" class="chakra-button css-mudsm6" data-testid="atc-button"><svg stroke="currentColor" fill="currentColor" stroke-width="0" viewBox="0 0 24 24" focusable="false" class="chakra-icon css-1g3sp7a" data-testid="btn-icon" aria-hidden="true" height="1em" width="1em" xmlns="http://www.w3.org/2000/svg"><path d="M19 13h-6v6h-2v-6H5v-2h6V5h2v6h6v2z"></path></svg><span class="css-idkz9h">Add Natural Selections Sliced Black Forest Deli Ham, Smoked to cart</span></button></div></div></div></div></div></div><div class="css-0"><div class="css-f5i5wc"><div class="chakra-linkbox css-vhnn8v"><div data-testid="product-image" class="css-16dr4ly"><img alt="Maple Leaf Natural Selections Sliced Deli Turkey Breast, Oven Roasted 175 g, $34.23/1kg $3.42/100g" src="https://assets.shop.loblaws.ca/products/20009282/b3/en/front/20009282_front_a06_@2.png" srcset="https://assets.shop.loblaws.ca/products/20009282/b3/en/front/20009282_front_a06_@2.png 1x, https://assets.shop.loblaws.ca/products/20009282/b3/en/front/20009282_front_a06_@2.png 2x" loading="lazy" class="chakra-image css-oguq8l" aria-hidden="true"></div><div class="css-qoklea"><div class="css-12dchmx"></div><div data-testid="price-product-tile" class="css-8atqhb"><p class="chakra-text css-0"><span class="chakra-text css-o93gbd" data-testid="sale-price"><span class="css-idkz9h">$5.99</span>$5.99</span><span class="chakra-text css-623q5h" data-testid="was-price"><span class="css-idkz9h">$7.49</span>$7.49</span></p><p class="chakra-text css-1m5a6y8" data-testid="price-descriptor">SAVE $1.50</p></div><a href="/natural-selections-sliced-deli-turkey-breast-oven/p/20009282_EA?source=nspt" class="chakra-linkbox__overlay css-1hnz6hu"><div class="css-0"><p class="chakra-text css-1ecdp9w" data-testid="product-brand">Maple Leaf</p><h3 class="chakra-heading css-6qrhwc" id="20009282_EA" data-testid="product-title">Natural Selections Sliced Deli Turkey Breast, Oven Roasted</h3><p class="chakra-text css-1yftjin" data-testid="product-package-size">175 g, $34.23/1kg $3.42/100g</p></div></a><div class="css-8keand"></div></div><div class="css-1q5omjq"><div class="css-fcebb8"><div data-testid="atc-compact" class="css-y94ivq" style="width: 45px;"><button type="button" class="chakra-button css-mudsm6" data-testid="atc-button"><svg stroke="currentColor" fill="currentColor" stroke-width="0" viewBox="0 0 24 24" focusable="false" class="chakra-icon css-1g3sp7a" data-testid="btn-icon" aria-hidden="true" height="1em" width="1em" xmlns="http://www.w3.org/2000/svg"><path d="M19 13h-6v6h-2v-6H5v-2h6V5h2v6h6v2z"></path></svg><span class="css-idkz9h">Add Natural Selections Sliced Deli Turkey Breast, Oven Roasted to cart</span></button></div></div></div></div></div></div><div class="css-0"><div class="css-f5i5wc"><div class="chakra-linkbox css-vhnn8v"><div data-testid="product-image" class="css-16dr4ly"><img alt="Pillers Kolbassa Sausage 375 g, $19.97/1kg $2.00/100g" src="https://assets.shop.loblaws.ca/products/20308469/b3/en/front/20308469_front_a06_@2.png" srcset="https://assets.shop.loblaws.ca/products/20308469/b3/en/front/20308469_front_a06_@2.png 1x, https://assets.shop.loblaws.ca/products/20308469/b3/en/front/20308469_front_a06_@2.png 2x" loading="lazy" class="chakra-image css-oguq8l" aria-hidden="true"></div><div class="css-qoklea"><div class="css-12dchmx"></div><div data-testid="price-product-tile" class="css-8atqhb"><p class="chakra-text css-0"><span class="chakra-text css-pwnbcb" data-testid="regular-price"><span class="css-idkz9h">$7.49</span>$7.49</span></p></div><a href="/kolbassa-sausage/p/20308469_EA?source=nspt" class="chakra-linkbox__overlay css-1hnz6hu"><div class="css-0"><p class="chakra-text css-1ecdp9w" data-testid="product-brand">Pillers</p><h3 class="chakra-heading css-6qrhwc" id="20308469_EA" data-testid="product-title">Kolbassa Sausage</h3><p class="chakra-text css-1yftjin" data-testid="product-package-size">375 g, $19.97/1kg $2.00/100g</p></div></a><div class="css-8keand"></div></div><div class="css-1q5omjq"><div class="css-fcebb8"><div data-testid="atc-compact" class="css-y94ivq" style="width: 45px;"><button type="button" class="chakra-button css-mudsm6" data-testid="atc-button"><svg stroke="currentColor" fill="currentColor" stroke-width="0" viewBox="0 0 24 24" focusable="false" class="chakra-icon css-1g3sp7a" data-testid="btn-icon" aria-hidden="true" height="1em" width="1em" xmlns="http://www.w3.org/2000/svg"><path d="M19 13h-6v6h-2v-6H5v-2h6V5h2v6h6v2z"></path></svg><span class="css-idkz9h">Add Kolbassa Sausage to cart</span></button></div></div></div></div></div></div><div class="css-0"><div class="css-f5i5wc"><div class="chakra-linkbox css-vhnn8v"><div data-testid="product-image" class="css-16dr4ly"><img alt="Maple Leaf Natural Selections Shaved Deli Turkey Breast, Hickory Smoked 175 g, $34.23/1kg $3.42/100g" src="https://assets.shop.loblaws.ca/products/20582322/b3/en/front/20582322_front_a06_@2.png" srcset="https://assets.shop.loblaws.ca/products/20582322/b3/en/front/20582322_front_a06_@2.png 1x, https://assets.shop.loblaws.ca/products/20582322/b3/en/front/20582322_front_a06_@2.png 2x" loading="lazy" class="chakra-image css-oguq8l" aria-hidden="true"></div><div class="css-qoklea"><div class="css-12dchmx"></div><div data-testid="price-product-tile" class="css-8atqhb"><p class="chakra-text css-0"><span class="chakra-text css-o93gbd" data-testid="sale-price"><span class="css-idkz9h">$5.99</span>$5.99</span><span class="chakra-text css-623q5h" data-testid="was-price"><span class="css-idkz9h">$7.49</span>$7.49</span></p><p class="chakra-text css-1m5a6y8" data-testid="price-descriptor">SAVE $1.50</p></div><a href="/natural-selections-shaved-deli-turkey-breast-hicko/p/20582322_EA?source=nspt" class="chakra-linkbox__overlay css-1hnz6hu"><div class="css-0"><p class="chakra-text css-1ecdp9w" data-testid="product-brand">Maple Leaf</p><h3 class="chakra-heading css-6qrhwc" id="20582322_EA" data-testid="product-title">Natural Selections Shaved Deli Turkey Breast, Hickory Smoked</h3><p class="chakra-text css-1yftjin" data-testid="product-package-size">175 g, $34.23/1kg $3.42/100g</p></div></a><div class="css-8keand"></div></div><div class="css-1q5omjq"><div class="css-fcebb8"><div data-testid="atc-compact" class="css-y94ivq" style="width: 45px;"><button type="button" class="chakra-button css-mudsm6" data-testid="atc-button"><svg stroke="currentColor" fill="currentColor" stroke-width="0" viewBox="0 0 24 24" focusable="false" class="chakra-icon css-1g3sp7a" data-testid="btn-icon" aria-hidden="true" height="1em" width="1em" xmlns="http://www.w3.org/2000/svg"><path d="M19 13h-6v6h-2v-6H5v-2h6V5h2v6h6v2z"></path></svg><span class="css-idkz9h">Add Natural Selections Shaved Deli Turkey Breast, Hickory Smoked to cart</span></button></div></div></div></div></div></div><div class="css-0"><div class="css-f5i5wc"><div class="chakra-linkbox css-vhnn8v"><div data-testid="product-image" class="css-16dr4ly"><img alt="Schneider Pepperettes® Sausage Sticks, Hot Pepperoni 375 g, $2.93/100g" src="https://assets.shop.loblaws.ca/products/21053172/b3/en/front/21053172_front_a06_@2.png" srcset="https://assets.shop.loblaws.ca/products/21053172/b3/en/front/21053172_front_a06_@2.png 1x, https://assets.shop.loblaws.ca/products/21053172/b3/en/front/21053172_front_a06_@2.png 2x" loading="lazy" class="chakra-image css-oguq8l" aria-hidden="true"></div><div class="css-qoklea"><div class="css-12dchmx"></div><div data-testid="price-product-tile" class="css-8atqhb"><p class="chakra-text css-0"><span class="chakra-text css-pwnbcb" data-testid="regular-price"><span class="css-idkz9h">$10.99</span>$10.99</span></p></div><a href="/pepperettes-sausage-sticks-hot-pepperoni/p/21053172_EA?source=nspt" class="chakra-linkbox__overlay css-1hnz6hu"><div class="css-0"><p class="chakra-text css-1ecdp9w" data-testid="product-brand">Schneider</p><h3 class="chakra-heading css-6qrhwc" id="21053172_EA" data-testid="product-title">Pepperettes® Sausage Sticks, Hot Pepperoni</h3><p class="chakra-text css-1yftjin" data-testid="product-package-size">375 g, $2.93/100g</p></div></a><div class="css-8keand"></div></div><div class="css-1q5omjq"><div class="css-fcebb8"><div data-testid="atc-compact" class="css-y94ivq" style="width: 45px;"><button type="button" class="chakra-button css-mudsm6" data-testid="atc-button"><svg stroke="currentColor" fill="currentColor" stroke-width="0" viewBox="0 0 24 24" focusable="false" class="chakra-icon css-1g3sp7a" data-testid="btn-icon" aria-hidden="true" height="1em" width="1em" xmlns="http://www.w3.org/2000/svg"><path d="M19 13h-6v6h-2v-6H5v-2h6V5h2v6h6v2z"></path></svg><span class="css-idkz9h">Add Pepperettes® Sausage Sticks, Hot Pepperoni to cart</span></button></div></div></div></div></div></div><div class="css-0"><div class="css-f5i5wc"><div class="chakra-linkbox css-vhnn8v"><div data-testid="product-image" class="css-16dr4ly"><img alt="President's Choice Pizzeria Style Pepperoni 150 g, $3.33/100g" src="https://assets.shop.loblaws.ca/products/21464136/b3/en/front/21464136_front_a06_@2.png" srcset="https://assets.shop.loblaws.ca/products/21464136/b3/en/front/21464136_front_a06_@2.png 1x, https://assets.shop.loblaws.ca/products/21464136/b3/en/front/21464136_front_a06_@2.png 2x" loading="lazy" class="chakra-image css-oguq8l" aria-hidden="true"></div><div class="css-qoklea"><div class="css-12dchmx"></div><div data-testid="price-product-tile" class="css-8atqhb"><p class="chakra-text css-0"><span class="chakra-text css-pwnbcb" data-testid="regular-price"><span class="css-idkz9h">$4.99</span>$4.99</span></p></div><a href="/pizzeria-style-pepperoni/p/21464136_EA?source=nspt" class="chakra-linkbox__overlay css-1hnz6hu"><div class="css-0"><p class="chakra-text css-1ecdp9w" data-testid="product-brand">President's Choice</p><h3 class="chakra-heading css-6qrhwc" id="21464136_EA" data-testid="product-title">Pizzeria Style Pepperoni</h3><p class="chakra-text css-1yftjin" data-testid="product-package-size">150 g, $3.33/100g</p></div></a><div class="css-8keand"></div></div><div class="css-1q5omjq"><div class="css-fcebb8"><div data-testid="atc-compact" class="css-y94ivq" style="width: 45px;"><button type="button" class="chakra-button css-mudsm6" data-testid="atc-button"><svg stroke="currentColor" fill="currentColor" stroke-width="0" viewBox="0 0 24 24" focusable="false" class="chakra-icon css-1g3sp7a" data-testid="btn-icon" aria-hidden="true" height="1em" width="1em" xmlns="http://www.w3.org/2000/svg"><path d="M19 13h-6v6h-2v-6H5v-2h6V5h2v6h6v2z"></path></svg><span class="css-idkz9h">Add Pizzeria Style Pepperoni to cart</span></button></div></div></div></div></div></div><div class="css-0"><div class="css-f5i5wc"><div class="chakra-linkbox css-vhnn8v"><div data-testid="product-image" class="css-16dr4ly"><img alt="Maple Leaf Natural Selections Shaved Deli Turkey Breast, Oven Roasted, Family Size 375 g, $37.31/1kg $3.73/100g" src="https://assets.shop.loblaws.ca/products/20772016/b3/en/front/20772016_front_a06_@2.png" srcset="https://assets.shop.loblaws.ca/products/20772016/b3/en/front/20772016_front_a06_@2.png 1x, https://assets.shop.loblaws.ca/products/20772016/b3/en/front/20772016_front_a06_@2.png 2x" loading="lazy" class="chakra-image css-oguq8l" aria-hidden="true"></div><div class="css-qoklea"><div class="css-12dchmx"></div><div data-testid="price-product-tile" class="css-8atqhb"><p class="chakra-text css-0"><span class="chakra-text css-pwnbcb" data-testid="regular-price"><span class="css-idkz9h">$13.99</span>$13.99</span></p></div><a href="/natural-selections-shaved-deli-turkey-breast-oven/p/20772016_EA?source=nspt" class="chakra-linkbox__overlay css-1hnz6hu"><div class="css-0"><p class="chakra-text css-1ecdp9w" data-testid="product-brand">Maple Leaf</p><h3 class="chakra-heading css-6qrhwc" id="20772016_EA" data-testid="product-title">Natural Selections Shaved Deli Turkey Breast, Oven Roasted, Family Size</h3><p class="chakra-text css-1yftjin" data-testid="product-package-size">375 g, $37.31/1kg $3.73/100g</p></div></a><div class="css-8keand"></div></div><div class="css-1q5omjq"><div class="css-fcebb8"><div data-testid="atc-compact" class="css-y94ivq" style="width: 45px;"><button type="button" class="chakra-button css-mudsm6" data-testid="atc-button"><svg stroke="currentColor" fill="currentColor" stroke-width="0" viewBox="0 0 24 24" focusable="false" class="chakra-icon css-1g3sp7a" data-testid="btn-icon" aria-hidden="true" height="1em" width="1em" xmlns="http://www.w3.org/2000/svg"><path d="M19 13h-6v6h-2v-6H5v-2h6V5h2v6h6v2z"></path></svg><span class="css-idkz9h">Add Natural Selections Shaved Deli Turkey Breast, Oven Roasted, Family Size to cart</span></button></div></div></div></div></div></div><div class="css-0"><div class="css-f5i5wc"><div class="chakra-linkbox css-vhnn8v"><div data-testid="product-image" class="css-16dr4ly"><img alt="Pillers Pepperoni, Sliced 250 g, $29.96/1kg $3.00/100g" src="https://assets.shop.loblaws.ca/products/20042333/b3/en/front/20042333_front_a06_@2.png" srcset="https://assets.shop.loblaws.ca/products/20042333/b3/en/front/20042333_front_a06_@2.png 1x, https://assets.shop.loblaws.ca/products/20042333/b3/en/front/20042333_front_a06_@2.png 2x" loading="lazy" class="chakra-image css-oguq8l" aria-hidden="true"></div><div class="css-qoklea"><div class="css-12dchmx"></div><div data-testid="price-product-tile" class="css-8atqhb"><p class="chakra-text css-0"><span class="chakra-text css-pwnbcb" data-testid="regular-price"><span class="css-idkz9h">$7.49</span>$7.49</span></p></div><a href="/pepperoni-sliced/p/20042333_EA?source=nspt" class="chakra-linkbox__overlay css-1hnz6hu"><div class="css-0"><p class="chakra-text css-1ecdp9w" data-testid="product-brand">Pillers</p><h3 class="chakra-heading css-6qrhwc" id="20042333_EA" data-testid="product-title">Pepperoni, Sliced</h3><p class="chakra-text css-1yftjin" data-testid="product-package-size">250 g, $29.96/1kg $3.00/100g</p></div></a><div class="css-8keand"></div></div><div class="css-1q5omjq"><div class="css-fcebb8"><div data-testid="atc-compact" class="css-y94ivq" style="width: 45px;"><button type="button" class="chakra-button css-mudsm6" data-testid="atc-button"><svg stroke="currentColor" fill="currentColor" stroke-width="0" viewBox="0 0 24 24" focusable="false" class="chakra-icon css-1g3sp7a" data-testid="btn-icon" aria-hidden="true" height="1em" width="1em" xmlns="http://www.w3.org/2000/svg"><path d="M19 13h-6v6h-2v-6H5v-2h6V5h2v6h6v2z"></path></svg><span class="css-idkz9h">Add Pepperoni, Sliced to cart</span></button></div></div></div></div></div></div><div class="css-0"><div class="css-f5i5wc"><div class="chakra-linkbox css-vhnn8v"><div data-testid="product-image" class="css-16dr4ly"><img alt="Pillers Turkey Bites Smoked Turkey Sausage Original 300 g, $2.83/100g" src="https://assets.shop.loblaws.ca/products/21099386/b3/en/front/21099386_front_a06_@2.png" srcset="https://assets.shop.loblaws.ca/products/21099386/b3/en/front/21099386_front_a06_@2.png 1x, https://assets.shop.loblaws.ca/products/21099386/b3/en/front/21099386_front_a06_@2.png 2x" loading="lazy" class="chakra-image css-oguq8l" aria-hidden="true"></div><div class="css-qoklea"><div class="css-12dchmx"></div><div data-testid="price-product-tile" class="css-8atqhb"><p class="chakra-text css-0"><span class="chakra-text css-o93gbd" data-testid="sale-price"><span class="css-idkz9h">$8.49</span>$8.49</span><span class="chakra-text css-623q5h" data-testid="was-price"><span class="css-idkz9h">$10.99</span>$10.99</span></p><p class="chakra-text css-1m5a6y8" data-testid="price-descriptor">SAVE $2.50</p></div><a href="/turkey-bites-smoked-turkey-sausage-original/p/21099386_EA?source=nspt" class="chakra-linkbox__overlay css-1hnz6hu"><div class="css-0"><p class="chakra-text css-1ecdp9w" data-testid="product-brand">Pillers</p><h3 class="chakra-heading css-6qrhwc" id="21099386_EA" data-testid="product-title">Turkey Bites Smoked Turkey Sausage Original</h3><p class="chakra-text css-1yftjin" data-testid="product-package-size">300 g, $2.83/100g</p></div></a><div class="css-8keand"></div></div><div class="css-1q5omjq"><div class="css-fcebb8"><div data-testid="atc-compact" class="css-y94ivq" style="width: 45px;"><button type="button" class="chakra-button css-mudsm6" data-testid="atc-button"><svg stroke="currentColor" fill="currentColor" stroke-width="0" viewBox="0 0 24 24" focusable="false" class="chakra-icon css-1g3sp7a" data-testid="btn-icon" aria-hidden="true" height="1em" width="1em" xmlns="http://www.w3.org/2000/svg"><path d="M19 13h-6v6h-2v-6H5v-2h6V5h2v6h6v2z"></path></svg><span class="css-idkz9h">Add Turkey Bites Smoked Turkey Sausage Original to cart</span></button></div></div></div></div></div></div><div class="css-0"><div class="css-f5i5wc"><div class="chakra-linkbox css-vhnn8v"><div data-testid="product-image" class="css-16dr4ly"><img alt="Maple Leaf Natural Selections Sliced Deli Chicken Breast, Oven Roasted 175 g, $34.23/1kg $3.42/100g" src="https://assets.shop.loblaws.ca/products/20066495/b3/en/front/20066495_front_a06_@2.png" srcset="https://assets.shop.loblaws.ca/products/20066495/b3/en/front/20066495_front_a06_@2.png 1x, https://assets.shop.loblaws.ca/products/20066495/b3/en/front/20066495_front_a06_@2.png 2x" loading="lazy" class="chakra-image css-oguq8l" aria-hidden="true"></div><div class="css-qoklea"><div class="css-12dchmx"></div><div data-testid="price-product-tile" class="css-8atqhb"><p class="chakra-text css-0"><span class="chakra-text css-o93gbd" data-testid="sale-price"><span class="css-idkz9h">$5.99</span>$5.99</span><span class="chakra-text css-623q5h" data-testid="was-price"><span class="css-idkz9h">$7.49</span>$7.49</span></p><p class="chakra-text css-1m5a6y8" data-testid="price-descriptor">SAVE $1.50</p></div><a href="/natural-selections-sliced-deli-chicken-breast-oven/p/20066495_EA?source=nspt" class="chakra-linkbox__overlay css-1hnz6hu"><div class="css-0"><p class="chakra-text css-1ecdp9w" data-testid="product-brand">Maple Leaf</p><h3 class="chakra-heading css-6qrhwc" id="20066495_EA" data-testid="product-title">Natural Selections Sliced Deli Chicken Breast, Oven Roasted</h3><p class="chakra-text css-1yftjin" data-testid="product-package-size">175 g, $34.23/1kg $3.42/100g</p></div></a><div class="css-8keand"></div></div><div class="css-1q5omjq"><div class="css-fcebb8"><div data-testid="atc-compact" class="css-y94ivq" style="width: 45px;"><button type="button" class="chakra-button css-mudsm6" data-testid="atc-button"><svg stroke="currentColor" fill="currentColor" stroke-width="0" viewBox="0 0 24 24" focusable="false" class="chakra-icon css-1g3sp7a" data-testid="btn-icon" aria-hidden="true" height="1em" width="1em" xmlns="http://www.w3.org/2000/svg"><path d="M19 13h-6v6h-2v-6H5v-2h6V5h2v6h6v2z"></path></svg><span class="css-idkz9h">Add Natural Selections Sliced Deli Chicken Breast, Oven Roasted to cart</span></button></div></div></div></div></div></div><div class="css-0"><div class="css-f5i5wc"><div class="chakra-linkbox css-vhnn8v"><div data-testid="product-image" class="css-16dr4ly"><img alt="Maple Leaf Natural Selections Shaved Black Forest Deli Ham, Smoked, Family Size 400 g, $34.98/1kg $3.50/100g" src="https://assets.shop.loblaws.ca/products/20772015/b3/en/front/20772015_front_a06_@2.png" srcset="https://assets.shop.loblaws.ca/products/20772015/b3/en/front/20772015_front_a06_@2.png 1x, https://assets.shop.loblaws.ca/products/20772015/b3/en/front/20772015_front_a06_@2.png 2x" loading="lazy" class="chakra-image css-oguq8l" aria-hidden="true"></div><div class="css-qoklea"><div class="css-12dchmx"></div><div data-testid="price-product-tile" class="css-8atqhb"><p class="chakra-text css-0"><span class="chakra-text css-pwnbcb" data-testid="regular-price"><span class="css-idkz9h">$13.99</span>$13.99</span></p></div><a href="/natural-selections-shaved-black-forest-deli-ham-sm/p/20772015_EA?source=nspt" class="chakra-linkbox__overlay css-1hnz6hu"><div class="css-0"><p class="chakra-text css-1ecdp9w" data-testid="product-brand">Maple Leaf</p><h3 class="chakra-heading css-6qrhwc" id="20772015_EA" data-testid="product-title">Natural Selections Shaved Black Forest Deli Ham, Smoked, Family Size</h3><p class="chakra-text css-1yftjin" data-testid="product-package-size">400 g, $34.98/1kg $3.50/100g</p></div></a><div class="css-8keand"></div></div><div class="css-1q5omjq"><div class="css-fcebb8"><div data-testid="atc-compact" class="css-y94ivq" style="width: 45px;"><button disabled="" type="button" class="chakra-button css-mudsm6" data-testid="atc-button"><svg stroke="currentColor" fill="currentColor" stroke-width="0" viewBox="0 0 24 24" focusable="false" class="chakra-icon css-1g3sp7a" data-testid="btn-icon" aria-hidden="true" height="1em" width="1em" xmlns="http://www.w3.org/2000/svg"><path d="M19 13h-6v6h-2v-6H5v-2h6V5h2v6h6v2z"></path></svg><span class="css-idkz9h">Add Natural Selections Shaved Black Forest Deli Ham, Smoked, Family Size to cart</span></button></div></div><div class="css-4saf4a"><p class="chakra-text css-py8788" data-testid="inventory-badge-text">Out of Stock</p></div></div></div></div></div><div class="css-0"><div class="css-f5i5wc"><div class="chakra-linkbox css-vhnn8v"><div data-testid="product-image" class="css-16dr4ly"><img alt="Roma Pepperoni Mild Sliced 900 g, $1.33/100g" src="https://assets.shop.loblaws.ca/products/21217461/b3/en/front/21217461_front_a06_@2.png" srcset="https://assets.shop.loblaws.ca/products/21217461/b3/en/front/21217461_front_a06_@2.png 1x, https://assets.shop.loblaws.ca/products/21217461/b3/en/front/21217461_front_a06_@2.png 2x" loading="lazy" class="chakra-image css-oguq8l" aria-hidden="true"></div><div class="css-qoklea"><div class="css-12dchmx"></div><div data-testid="price-product-tile" class="css-8atqhb"><p class="chakra-text css-0"><span class="chakra-text css-pwnbcb" data-testid="regular-price"><span class="css-idkz9h">$11.99</span>$11.99</span></p></div><a href="/pepperoni-mild-sliced/p/21217461_EA?source=nspt" class="chakra-linkbox__overlay css-1hnz6hu"><div class="css-0"><p class="chakra-text css-1ecdp9w" data-testid="product-brand">Roma</p><h3 class="chakra-heading css-6qrhwc" id="21217461_EA" data-testid="product-title">Pepperoni Mild Sliced</h3><p class="chakra-text css-1yftjin" data-testid="product-package-size">900 g, $1.33/100g</p></div></a><div class="css-8keand"></div></div><div class="css-1q5omjq"><div class="css-fcebb8"><div data-testid="atc-compact" class="css-y94ivq" style="width: 45px;"><button type="button" class="chakra-button css-mudsm6" data-testid="atc-button"><svg stroke="currentColor" fill="currentColor" stroke-width="0" viewBox="0 0 24 24" focusable="false" class="chakra-icon css-1g3sp7a" data-testid="btn-icon" aria-hidden="true" height="1em" width="1em" xmlns="http://www.w3.org/2000/svg"><path d="M19 13h-6v6h-2v-6H5v-2h6V5h2v6h6v2z"></path></svg><span class="css-idkz9h">Add Pepperoni Mild Sliced to cart</span></button></div></div></div></div></div></div><div class="css-0"><div class="css-f5i5wc"><div class="chakra-linkbox css-vhnn8v"><div data-testid="product-image" class="css-16dr4ly"><img alt="San Daniele Mortadella 175 g, $25.66/1kg $2.57/100g" src="https://assets.shop.loblaws.ca/products/20576743/b3/en/front/20576743_front_a06_@2.png" srcset="https://assets.shop.loblaws.ca/products/20576743/b3/en/front/20576743_front_a06_@2.png 1x, https://assets.shop.loblaws.ca/products/20576743/b3/en/front/20576743_front_a06_@2.png 2x" loading="lazy" class="chakra-image css-oguq8l" aria-hidden="true"></div><div class="css-qoklea"><div class="css-12dchmx"></div><div data-testid="price-product-tile" class="css-8atqhb"><p class="chakra-text css-0"><span class="chakra-text css-pwnbcb" data-testid="regular-price"><span class="css-idkz9h">$4.49</span>$4.49</span></p></div><a href="/mortadella/p/20576743_EA?source=nspt" class="chakra-linkbox__overlay css-1hnz6hu"><div class="css-0"><p class="chakra-text css-1ecdp9w" data-testid="product-brand">San Daniele</p><h3 class="chakra-heading css-6qrhwc" id="20576743_EA" data-testid="product-title">Mortadella</h3><p class="chakra-text css-1yftjin" data-testid="product-package-size">175 g, $25.66/1kg $2.57/100g</p></div></a><div class="css-8keand"></div></div><div class="css-1q5omjq"><div class="css-fcebb8"><div data-testid="atc-compact" class="css-y94ivq" style="width: 45px;"><button type="button" class="chakra-button css-mudsm6" data-testid="atc-button"><svg stroke="currentColor" fill="currentColor" stroke-width="0" viewBox="0 0 24 24" focusable="false" class="chakra-icon css-1g3sp7a" data-testid="btn-icon" aria-hidden="true" height="1em" width="1em" xmlns="http://www.w3.org/2000/svg"><path d="M19 13h-6v6h-2v-6H5v-2h6V5h2v6h6v2z"></path></svg><span class="css-idkz9h">Add Mortadella to cart</span></button></div></div></div></div></div></div><div class="css-0"><div class="css-f5i5wc"><div class="chakra-linkbox css-vhnn8v"><div data-testid="product-image" class="css-16dr4ly"><img alt="Mastro Genoa Salami     150 g, $4.33/100g" src="https://assets.shop.loblaws.ca/products/21061099/b3/en/front/21061099_front_a06_@2.png" srcset="https://assets.shop.loblaws.ca/products/21061099/b3/en/front/21061099_front_a06_@2.png 1x, https://assets.shop.loblaws.ca/products/21061099/b3/en/front/21061099_front_a06_@2.png 2x" loading="lazy" class="chakra-image css-oguq8l" aria-hidden="true"></div><div class="css-qoklea"><div class="css-12dchmx"></div><div data-testid="price-product-tile" class="css-8atqhb"><p class="chakra-text css-0"><span class="chakra-text css-pwnbcb" data-testid="regular-price"><span class="css-idkz9h">$6.49</span>$6.49</span></p></div><a href="/genoa-salami/p/21061099_EA?source=nspt" class="chakra-linkbox__overlay css-1hnz6hu"><div class="css-0"><p class="chakra-text css-1ecdp9w" data-testid="product-brand">Mastro</p><h3 class="chakra-heading css-6qrhwc" id="21061099_EA" data-testid="product-title">Genoa Salami    </h3><p class="chakra-text css-1yftjin" data-testid="product-package-size">150 g, $4.33/100g</p></div></a><div class="css-8keand"></div></div><div class="css-1q5omjq"><div class="css-fcebb8"><div data-testid="atc-compact" class="css-y94ivq" style="width: 45px;"><button type="button" class="chakra-button css-mudsm6" data-testid="atc-button"><svg stroke="currentColor" fill="currentColor" stroke-width="0" viewBox="0 0 24 24" focusable="false" class="chakra-icon css-1g3sp7a" data-testid="btn-icon" aria-hidden="true" height="1em" width="1em" xmlns="http://www.w3.org/2000/svg"><path d="M19 13h-6v6h-2v-6H5v-2h6V5h2v6h6v2z"></path></svg><span class="css-idkz9h">Add Genoa Salami     to cart</span></button></div></div></div></div></div></div><div class="css-0"><div class="css-f5i5wc"><div class="chakra-linkbox css-vhnn8v"><div data-testid="product-image" class="css-16dr4ly"><img alt="Maple Leaf Natural Selections Sliced Baked Honey Deli Ham 175 g, $34.23/1kg $3.42/100g" src="https://assets.shop.loblaws.ca/products/20339105/b3/en/front/20339105_front_a06_@2.png" srcset="https://assets.shop.loblaws.ca/products/20339105/b3/en/front/20339105_front_a06_@2.png 1x, https://assets.shop.loblaws.ca/products/20339105/b3/en/front/20339105_front_a06_@2.png 2x" loading="lazy" class="chakra-image css-oguq8l" aria-hidden="true"></div><div class="css-qoklea"><div class="css-12dchmx"></div><div data-testid="price-product-tile" class="css-8atqhb"><p class="chakra-text css-0"><span class="chakra-text css-o93gbd" data-testid="sale-price"><span class="css-idkz9h">$5.99</span>$5.99</span><span class="chakra-text css-623q5h" data-testid="was-price"><span class="css-idkz9h">$7.49</span>$7.49</span></p><p class="chakra-text css-1m5a6y8" data-testid="price-descriptor">SAVE $1.50</p></div><a href="/natural-selections-sliced-baked-honey-deli-ham/p/20339105_EA?source=nspt" class="chakra-linkbox__overlay css-1hnz6hu"><div class="css-0"><p class="chakra-text css-1ecdp9w" data-testid="product-brand">Maple Leaf</p><h3 class="chakra-heading css-6qrhwc" id="20339105_EA" data-testid="product-title">Natural Selections Sliced Baked Honey Deli Ham</h3><p class="chakra-text css-1yftjin" data-testid="product-package-size">175 g, $34.23/1kg $3.42/100g</p></div></a><div class="css-8keand"></div></div><div class="css-1q5omjq"><div class="css-fcebb8"><div data-testid="atc-compact" class="css-y94ivq" style="width: 45px;"><button disabled="" type="button" class="chakra-button css-mudsm6" data-testid="atc-button"><svg stroke="currentColor" fill="currentColor" stroke-width="0" viewBox="0 0 24 24" focusable="false" class="chakra-icon css-1g3sp7a" data-testid="btn-icon" aria-hidden="true" height="1em" width="1em" xmlns="http://www.w3.org/2000/svg"><path d="M19 13h-6v6h-2v-6H5v-2h6V5h2v6h6v2z"></path></svg><span class="css-idkz9h">Add Natural Selections Sliced Baked Honey Deli Ham to cart</span></button></div></div><div class="css-4saf4a"><p class="chakra-text css-py8788" data-testid="inventory-badge-text">Out of Stock</p></div></div></div></div></div><div class="css-0"><div class="css-f5i5wc"><div class="chakra-linkbox css-vhnn8v"><div data-testid="product-image" class="css-16dr4ly"><img alt="Maple Leaf Natural Selections Sliced Deli Ham, Baked 175 g, $34.23/1kg $3.42/100g" src="https://assets.shop.loblaws.ca/products/20060489/b3/en/front/20060489_front_a06_@2.png" srcset="https://assets.shop.loblaws.ca/products/20060489/b3/en/front/20060489_front_a06_@2.png 1x, https://assets.shop.loblaws.ca/products/20060489/b3/en/front/20060489_front_a06_@2.png 2x" loading="lazy" class="chakra-image css-oguq8l" aria-hidden="true"></div><div class="css-qoklea"><div class="css-12dchmx"></div><div data-testid="price-product-tile" class="css-8atqhb"><p class="chakra-text css-0"><span class="chakra-text css-o93gbd" data-testid="sale-price"><span class="css-idkz9h">$5.99</span>$5.99</span><span class="chakra-text css-623q5h" data-testid="was-price"><span class="css-idkz9h">$7.49</span>$7.49</span></p><p class="chakra-text css-1m5a6y8" data-testid="price-descriptor">SAVE $1.50</p></div><a href="/natural-selections-sliced-deli-ham-baked/p/20060489_EA?source=nspt" class="chakra-linkbox__overlay css-1hnz6hu"><div class="css-0"><p class="chakra-text css-1ecdp9w" data-testid="product-brand">Maple Leaf</p><h3 class="chakra-heading css-6qrhwc" id="20060489_EA" data-testid="product-title">Natural Selections Sliced Deli Ham, Baked</h3><p class="chakra-text css-1yftjin" data-testid="product-package-size">175 g, $34.23/1kg $3.42/100g</p></div></a><div class="css-8keand"></div></div><div class="css-1q5omjq"><div class="css-fcebb8"><div data-testid="atc-compact" class="css-y94ivq" style="width: 45px;"><button type="button" class="chakra-button css-mudsm6" data-testid="atc-button"><svg stroke="currentColor" fill="currentColor" stroke-width="0" viewBox="0 0 24 24" focusable="false" class="chakra-icon css-1g3sp7a" data-testid="btn-icon" aria-hidden="true" height="1em" width="1em" xmlns="http://www.w3.org/2000/svg"><path d="M19 13h-6v6h-2v-6H5v-2h6V5h2v6h6v2z"></path></svg><span class="css-idkz9h">Add Natural Selections Sliced Deli Ham, Baked to cart</span></button></div></div></div></div></div></div><div class="css-0"><div class="css-f5i5wc"><div class="chakra-linkbox css-vhnn8v"><div data-testid="product-image" class="css-16dr4ly"><img alt="Pillers Pepperoni Original 500 g, $1.70/100g" src="https://assets.shop.loblaws.ca/products/21099391/b3/en/front/21099391_front_a06_@2.png" srcset="https://assets.shop.loblaws.ca/products/21099391/b3/en/front/21099391_front_a06_@2.png 1x, https://assets.shop.loblaws.ca/products/21099391/b3/en/front/21099391_front_a06_@2.png 2x" loading="lazy" class="chakra-image css-oguq8l" aria-hidden="true"></div><div class="css-qoklea"><div class="css-12dchmx"></div><div data-testid="price-product-tile" class="css-8atqhb"><p class="chakra-text css-0"><span class="chakra-text css-o93gbd" data-testid="sale-price"><span class="css-idkz9h">$8.49</span>$8.49</span><span class="chakra-text css-623q5h" data-testid="was-price"><span class="css-idkz9h">$10.99</span>$10.99</span></p><p class="chakra-text css-1m5a6y8" data-testid="price-descriptor">SAVE $2.50</p></div><a href="/pepperoni-original/p/21099391_EA?source=nspt" class="chakra-linkbox__overlay css-1hnz6hu"><div class="css-0"><p class="chakra-text css-1ecdp9w" data-testid="product-brand">Pillers</p><h3 class="chakra-heading css-6qrhwc" id="21099391_EA" data-testid="product-title">Pepperoni Original</h3><p class="chakra-text css-1yftjin" data-testid="product-package-size">500 g, $1.70/100g</p></div></a><div class="css-8keand"></div></div><div class="css-1q5omjq"><div class="css-fcebb8"><div data-testid="atc-compact" class="css-y94ivq" style="width: 45px;"><button type="button" class="chakra-button css-mudsm6" data-testid="atc-button"><svg stroke="currentColor" fill="currentColor" stroke-width="0" viewBox="0 0 24 24" focusable="false" class="chakra-icon css-1g3sp7a" data-testid="btn-icon" aria-hidden="true" height="1em" width="1em" xmlns="http://www.w3.org/2000/svg"><path d="M19 13h-6v6h-2v-6H5v-2h6V5h2v6h6v2z"></path></svg><span class="css-idkz9h">Add Pepperoni Original to cart</span></button></div></div></div></div></div></div><div class="css-0"><div class="css-f5i5wc"><div class="chakra-linkbox css-vhnn8v"><div data-testid="product-image" class="css-16dr4ly"><img alt="Marcangelo Antipasto Misto  100 g, $59.90/1kg $5.99/100g" src="https://assets.shop.loblaws.ca/products/20865352/b3/en/front/20865352_front_a06_@2.png" srcset="https://assets.shop.loblaws.ca/products/20865352/b3/en/front/20865352_front_a06_@2.png 1x, https://assets.shop.loblaws.ca/products/20865352/b3/en/front/20865352_front_a06_@2.png 2x" loading="lazy" class="chakra-image css-oguq8l" aria-hidden="true"></div><div class="css-qoklea"><div class="css-12dchmx"></div><div data-testid="price-product-tile" class="css-8atqhb"><p class="chakra-text css-0"><span class="chakra-text css-o93gbd" data-testid="sale-price"><span class="css-idkz9h">$5.99</span>$5.99</span><span class="chakra-text css-623q5h" data-testid="was-price"><span class="css-idkz9h">$6.99</span>$6.99</span></p><p class="chakra-text css-1m5a6y8" data-testid="price-descriptor">SAVE $1.00</p></div><a href="/antipasto-misto/p/20865352_EA?source=nspt" class="chakra-linkbox__overlay css-1hnz6hu"><div class="css-0"><p class="chakra-text css-1ecdp9w" data-testid="product-brand">Marcangelo</p><h3 class="chakra-heading css-6qrhwc" id="20865352_EA" data-testid="product-title">Antipasto Misto </h3><p class="chakra-text css-1yftjin" data-testid="product-package-size">100 g, $59.90/1kg $5.99/100g</p></div></a><div class="css-8keand"></div></div><div class="css-1q5omjq"><div class="css-fcebb8"><div data-testid="atc-compact" class="css-y94ivq" style="width: 45px;"><button type="button" class="chakra-button css-mudsm6" data-testid="atc-button"><svg stroke="currentColor" fill="currentColor" stroke-width="0" viewBox="0 0 24 24" focusable="false" class="chakra-icon css-1g3sp7a" data-testid="btn-icon" aria-hidden="true" height="1em" width="1em" xmlns="http://www.w3.org/2000/svg"><path d="M19 13h-6v6h-2v-6H5v-2h6V5h2v6h6v2z"></path></svg><span class="css-idkz9h">Add Antipasto Misto  to cart</span></button></div></div></div></div></div></div><div class="css-0"><div class="css-f5i5wc"><div class="chakra-linkbox css-vhnn8v"><div data-testid="product-image" class="css-16dr4ly"><img alt="Solmaz Halal Mild Salami All Beef 200 g, $3.25/100g" src="https://assets.shop.loblaws.ca/products/21548100/b3/en/front/21548100_front_a06_@2.png" srcset="https://assets.shop.loblaws.ca/products/21548100/b3/en/front/21548100_front_a06_@2.png 1x, https://assets.shop.loblaws.ca/products/21548100/b3/en/front/21548100_front_a06_@2.png 2x" loading="lazy" class="chakra-image css-oguq8l" aria-hidden="true"></div><div class="css-qoklea"><div class="css-12dchmx"></div><div data-testid="price-product-tile" class="css-8atqhb"><p class="chakra-text css-0"><span class="chakra-text css-pwnbcb" data-testid="regular-price"><span class="css-idkz9h">$6.49</span>$6.49</span></p></div><a href="/halal-mild-salami-all-beef/p/21548100_EA?source=nspt" class="chakra-linkbox__overlay css-1hnz6hu"><div class="css-0"><p class="chakra-text css-1ecdp9w" data-testid="product-brand">Solmaz</p><h3 class="chakra-heading css-6qrhwc" id="21548100_EA" data-testid="product-title">Halal Mild Salami All Beef</h3><p class="chakra-text css-1yftjin" data-testid="product-package-size">200 g, $3.25/100g</p></div></a><div class="css-8keand"></div></div><div class="css-1q5omjq"><div class="css-fcebb8"><div data-testid="atc-compact" class="css-y94ivq" style="width: 45px;"><button type="button" class="chakra-button css-mudsm6" data-testid="atc-button"><svg stroke="currentColor" fill="currentColor" stroke-width="0" viewBox="0 0 24 24" focusable="false" class="chakra-icon css-1g3sp7a" data-testid="btn-icon" aria-hidden="true" height="1em" width="1em" xmlns="http://www.w3.org/2000/svg"><path d="M19 13h-6v6h-2v-6H5v-2h6V5h2v6h6v2z"></path></svg><span class="css-idkz9h">Add Halal Mild Salami All Beef to cart</span></button></div></div></div></div></div></div><div class="css-0"><div class="css-f5i5wc"><div class="chakra-linkbox css-vhnn8v"><div data-testid="product-image" class="css-16dr4ly"><img alt="Borges Morcela, Sweet $19.90/1kg" src="https://assets.shop.loblaws.ca/products/20321630/b3/en/front/20321630_front_a06_@2.png" srcset="https://assets.shop.loblaws.ca/products/20321630/b3/en/front/20321630_front_a06_@2.png 1x, https://assets.shop.loblaws.ca/products/20321630/b3/en/front/20321630_front_a06_@2.png 2x" loading="lazy" class="chakra-image css-oguq8l" aria-hidden="true"></div><div class="css-qoklea"><div class="css-12dchmx"></div><div data-testid="price-product-tile" class="css-8atqhb"><p class="chakra-text css-0"><span class="chakra-text css-pwnbcb" data-testid="regular-price"><span class="css-idkz9h">$1.99</span>$1.99</span></p></div><a href="/morcela-sweet/p/20321630_KG?source=nspt" class="chakra-linkbox__overlay css-1hnz6hu"><div class="css-0"><p class="chakra-text css-1ecdp9w" data-testid="product-brand">Borges</p><h3 class="chakra-heading css-6qrhwc" id="20321630_KG" data-testid="product-title">Morcela, Sweet</h3><p class="chakra-text css-1yftjin" data-testid="product-package-size">$19.90/1kg</p></div></a><div class="css-8keand"></div></div><div class="css-1q5omjq"><div class="css-fcebb8"><div data-testid="atc-compact" class="css-y94ivq" style="width: 45px;"><button type="button" class="chakra-button css-mudsm6" data-testid="atc-button"><svg stroke="currentColor" fill="currentColor" stroke-width="0" viewBox="0 0 24 24" focusable="false" class="chakra-icon css-1g3sp7a" data-testid="btn-icon" aria-hidden="true" height="1em" width="1em" xmlns="http://www.w3.org/2000/svg"><path d="M19 13h-6v6h-2v-6H5v-2h6V5h2v6h6v2z"></path></svg><span class="css-idkz9h">Add Morcela, Sweet to cart</span></button></div></div></div></div></div></div><div class="css-0"><div class="css-f5i5wc"><div class="chakra-linkbox css-vhnn8v"><div data-testid="product-image" class="css-16dr4ly"><img alt="Borges Bacon Chunks, Mild $21.90/1kg" src="https://assets.shop.loblaws.ca/products/20317309/b3/en/front/20317309_front_a06_@2.png" srcset="https://assets.shop.loblaws.ca/products/20317309/b3/en/front/20317309_front_a06_@2.png 1x, https://assets.shop.loblaws.ca/products/20317309/b3/en/front/20317309_front_a06_@2.png 2x" loading="lazy" class="chakra-image css-oguq8l" aria-hidden="true"></div><div class="css-qoklea"><div class="css-12dchmx"></div><div data-testid="price-product-tile" class="css-8atqhb"><p class="chakra-text css-0"><span class="chakra-text css-pwnbcb" data-testid="regular-price"><span class="css-idkz9h">$2.19</span>$2.19</span></p></div><a href="/bacon-chunks-mild/p/20317309_KG?source=nspt" class="chakra-linkbox__overlay css-1hnz6hu"><div class="css-0"><p class="chakra-text css-1ecdp9w" data-testid="product-brand">Borges</p><h3 class="chakra-heading css-6qrhwc" id="20317309_KG" data-testid="product-title">Bacon Chunks, Mild</h3><p class="chakra-text css-1yftjin" data-testid="product-package-size">$21.90/1kg</p></div></a><div class="css-8keand"></div></div><div class="css-1q5omjq"><div class="css-fcebb8"><div data-testid="atc-compact" class="css-y94ivq" style="width: 45px;"><button type="button" class="chakra-button css-mudsm6" data-testid="atc-button"><svg stroke="currentColor" fill="currentColor" stroke-width="0" viewBox="0 0 24 24" focusable="false" class="chakra-icon css-1g3sp7a" data-testid="btn-icon" aria-hidden="true" height="1em" width="1em" xmlns="http://www.w3.org/2000/svg"><path d="M19 13h-6v6h-2v-6H5v-2h6V5h2v6h6v2z"></path></svg><span class="css-idkz9h">Add Bacon Chunks, Mild to cart</span></button></div></div></div></div></div></div><div class="css-0"><div class="css-f5i5wc"><div class="chakra-linkbox css-vhnn8v"><div data-testid="product-image" class="css-16dr4ly"><img alt="Solmaz Halal Turkey Breast Smoked Oven Roasted 175 g, $4.00/100g" src="https://assets.shop.loblaws.ca/products/21542596/b3/en/front/21542596_front_a06_@2.png" srcset="https://assets.shop.loblaws.ca/products/21542596/b3/en/front/21542596_front_a06_@2.png 1x, https://assets.shop.loblaws.ca/products/21542596/b3/en/front/21542596_front_a06_@2.png 2x" loading="lazy" class="chakra-image css-oguq8l" aria-hidden="true"></div><div class="css-qoklea"><div class="css-12dchmx"></div><div data-testid="price-product-tile" class="css-8atqhb"><p class="chakra-text css-0"><span class="chakra-text css-pwnbcb" data-testid="regular-price"><span class="css-idkz9h">$7.00</span>$7.00</span></p></div><a href="/halal-turkey-breast-smoked-oven-roasted/p/21542596_EA?source=nspt" class="chakra-linkbox__overlay css-1hnz6hu"><div class="css-0"><p class="chakra-text css-1ecdp9w" data-testid="product-brand">Solmaz</p><h3 class="chakra-heading css-6qrhwc" id="21542596_EA" data-testid="product-title">Halal Turkey Breast Smoked Oven Roasted</h3><p class="chakra-text css-1yftjin" data-testid="product-package-size">175 g, $4.00/100g</p></div></a><div class="css-8keand"></div></div><div class="css-1q5omjq"><div class="css-fcebb8"><div data-testid="atc-compact" class="css-y94ivq" style="width: 45px;"><button type="button" class="chakra-button css-mudsm6" data-testid="atc-button"><svg stroke="currentColor" fill="currentColor" stroke-width="0" viewBox="0 0 24 24" focusable="false" class="chakra-icon css-1g3sp7a" data-testid="btn-icon" aria-hidden="true" height="1em" width="1em" xmlns="http://www.w3.org/2000/svg"><path d="M19 13h-6v6h-2v-6H5v-2h6V5h2v6h6v2z"></path></svg><span class="css-idkz9h">Add Halal Turkey Breast Smoked Oven Roasted to cart</span></button></div></div></div></div></div></div><div class="css-0"><div class="css-f5i5wc"><div class="chakra-linkbox css-vhnn8v"><div data-testid="product-image" class="css-16dr4ly"><img alt="Brandt Polish Sausage      300 g, $1.50/100g" src="https://assets.shop.loblaws.ca/products/20854423/b3/en/front/20854423_front_a06_@2.png" srcset="https://assets.shop.loblaws.ca/products/20854423/b3/en/front/20854423_front_a06_@2.png 1x, https://assets.shop.loblaws.ca/products/20854423/b3/en/front/20854423_front_a06_@2.png 2x" loading="lazy" class="chakra-image css-oguq8l" aria-hidden="true"></div><div class="css-qoklea"><div class="css-12dchmx"></div><div data-testid="price-product-tile" class="css-8atqhb"><p class="chakra-text css-0"><span class="chakra-text css-pwnbcb" data-testid="regular-price"><span class="css-idkz9h">$4.49</span>$4.49</span></p></div><a href="/polish-sausage/p/20854423_EA?source=nspt" class="chakra-linkbox__overlay css-1hnz6hu"><div class="css-0"><p class="chakra-text css-1ecdp9w" data-testid="product-brand">Brandt</p><h3 class="chakra-heading css-6qrhwc" id="20854423_EA" data-testid="product-title">Polish Sausage     </h3><p class="chakra-text css-1yftjin" data-testid="product-package-size">300 g, $1.50/100g</p></div></a><div class="css-8keand"></div></div><div class="css-1q5omjq"><div class="css-fcebb8"><div data-testid="atc-compact" class="css-y94ivq" style="width: 45px;"><button type="button" class="chakra-button css-mudsm6" data-testid="atc-button"><svg stroke="currentColor" fill="currentColor" stroke-width="0" viewBox="0 0 24 24" focusable="false" class="chakra-icon css-1g3sp7a" data-testid="btn-icon" aria-hidden="true" height="1em" width="1em" xmlns="http://www.w3.org/2000/svg"><path d="M19 13h-6v6h-2v-6H5v-2h6V5h2v6h6v2z"></path></svg><span class="css-idkz9h">Add Polish Sausage      to cart</span></button></div></div></div></div></div></div><div class="css-0"><div class="css-f5i5wc"><div class="chakra-linkbox css-vhnn8v"><div data-testid="product-image" class="css-16dr4ly"><img alt="Borges Traditional Sausage, Spanish     $19.90/1kg" src="https://assets.shop.loblaws.ca/products/20087144/b3/en/front/20087144_front_a06_@2.png" srcset="https://assets.shop.loblaws.ca/products/20087144/b3/en/front/20087144_front_a06_@2.png 1x, https://assets.shop.loblaws.ca/products/20087144/b3/en/front/20087144_front_a06_@2.png 2x" loading="lazy" class="chakra-image css-oguq8l" aria-hidden="true"></div><div class="css-qoklea"><div class="css-12dchmx"></div><div data-testid="price-product-tile" class="css-8atqhb"><p class="chakra-text css-0"><span class="chakra-text css-pwnbcb" data-testid="regular-price"><span class="css-idkz9h">$1.99</span>$1.99</span></p></div><a href="/traditional-sausage-spanish/p/20087144_KG?source=nspt" class="chakra-linkbox__overlay css-1hnz6hu"><div class="css-0"><p class="chakra-text css-1ecdp9w" data-testid="product-brand">Borges</p><h3 class="chakra-heading css-6qrhwc" id="20087144_KG" data-testid="product-title">Traditional Sausage, Spanish    </h3><p class="chakra-text css-1yftjin" data-testid="product-package-size">$19.90/1kg</p></div></a><div class="css-8keand"></div></div><div class="css-1q5omjq"><div class="css-fcebb8"><div data-testid="atc-compact" class="css-y94ivq" style="width: 45px;"><button type="button" class="chakra-button css-mudsm6" data-testid="atc-button"><svg stroke="currentColor" fill="currentColor" stroke-width="0" viewBox="0 0 24 24" focusable="false" class="chakra-icon css-1g3sp7a" data-testid="btn-icon" aria-hidden="true" height="1em" width="1em" xmlns="http://www.w3.org/2000/svg"><path d="M19 13h-6v6h-2v-6H5v-2h6V5h2v6h6v2z"></path></svg><span class="css-idkz9h">Add Traditional Sausage, Spanish     to cart</span></button></div></div></div></div></div></div><div class="css-0"><div class="css-f5i5wc"><div class="chakra-linkbox css-vhnn8v"><div data-testid="product-image" class="css-16dr4ly"><img alt="Borges Linguina Sausage, Mild (Thin Sliced) $19.90/1kg" src="https://assets.shop.loblaws.ca/products/20129579/b3/en/front/20129579_front_a06_@2.png" srcset="https://assets.shop.loblaws.ca/products/20129579/b3/en/front/20129579_front_a06_@2.png 1x, https://assets.shop.loblaws.ca/products/20129579/b3/en/front/20129579_front_a06_@2.png 2x" loading="lazy" class="chakra-image css-oguq8l" aria-hidden="true"></div><div class="css-qoklea"><div class="css-12dchmx"></div><div data-testid="price-product-tile" class="css-8atqhb"><p class="chakra-text css-0"><span class="chakra-text css-pwnbcb" data-testid="regular-price"><span class="css-idkz9h">$1.99</span>$1.99</span></p></div><a href="/linguina-sausage-mild-thin-sliced/p/20129579_KG?source=nspt" class="chakra-linkbox__overlay css-1hnz6hu"><div class="css-0"><p class="chakra-text css-1ecdp9w" data-testid="product-brand">Borges</p><h3 class="chakra-heading css-6qrhwc" id="20129579_KG" data-testid="product-title">Linguina Sausage, Mild (Thin Sliced)</h3><p class="chakra-text css-1yftjin" data-testid="product-package-size">$19.90/1kg</p></div></a><div class="css-8keand"></div></div><div class="css-1q5omjq"><div class="css-fcebb8"><div data-testid="atc-compact" class="css-y94ivq" style="width: 45px;"><button type="button" class="chakra-button css-mudsm6" data-testid="atc-button"><svg stroke="currentColor" fill="currentColor" stroke-width="0" viewBox="0 0 24 24" focusable="false" class="chakra-icon css-1g3sp7a" data-testid="btn-icon" aria-hidden="true" height="1em" width="1em" xmlns="http://www.w3.org/2000/svg"><path d="M19 13h-6v6h-2v-6H5v-2h6V5h2v6h6v2z"></path></svg><span class="css-idkz9h">Add Linguina Sausage, Mild (Thin Sliced) to cart</span></button></div></div></div></div></div></div><div class="css-0"><div class="css-f5i5wc"><div class="chakra-linkbox css-vhnn8v"><div data-testid="product-image" class="css-16dr4ly"><img alt="Carl Buddig Chicken, Sliced 55 g, $36.18/1kg $3.62/100g" src="https://assets.shop.loblaws.ca/products/20662016/b3/en/front/20662016_front_a06_@2.png" srcset="https://assets.shop.loblaws.ca/products/20662016/b3/en/front/20662016_front_a06_@2.png 1x, https://assets.shop.loblaws.ca/products/20662016/b3/en/front/20662016_front_a06_@2.png 2x" loading="lazy" class="chakra-image css-oguq8l" aria-hidden="true"></div><div class="css-qoklea"><div class="css-12dchmx"></div><div data-testid="price-product-tile" class="css-8atqhb"><p class="chakra-text css-0"><span class="chakra-text css-pwnbcb" data-testid="regular-price"><span class="css-idkz9h">$1.99</span>$1.99</span></p></div><a href="/chicken-sliced/p/20662016_EA?source=nspt" class="chakra-linkbox__overlay css-1hnz6hu"><div class="css-0"><p class="chakra-text css-1ecdp9w" data-testid="product-brand">Carl Buddig</p><h3 class="chakra-heading css-6qrhwc" id="20662016_EA" data-testid="product-title">Chicken, Sliced</h3><p class="chakra-text css-1yftjin" data-testid="product-package-size">55 g, $36.18/1kg $3.62/100g</p></div></a><div class="css-8keand"></div></div><div class="css-1q5omjq"><div class="css-fcebb8"><div data-testid="atc-compact" class="css-y94ivq" style="width: 45px;"><button type="button" class="chakra-button css-mudsm6" data-testid="atc-button"><svg stroke="currentColor" fill="currentColor" stroke-width="0" viewBox="0 0 24 24" focusable="false" class="chakra-icon css-1g3sp7a" data-testid="btn-icon" aria-hidden="true" height="1em" width="1em" xmlns="http://www.w3.org/2000/svg"><path d="M19 13h-6v6h-2v-6H5v-2h6V5h2v6h6v2z"></path></svg><span class="css-idkz9h">Add Chicken, Sliced to cart</span></button></div></div></div></div></div></div><div class="css-0"><div class="css-f5i5wc"><div class="chakra-linkbox css-vhnn8v"><div data-testid="product-image" class="css-16dr4ly"><img alt="President's Choice Black Forest Ham 400 g, $3.25/100g" src="https://assets.shop.loblaws.ca/products/21301478/b3/en/front/21301478_front_a06_@2.png" srcset="https://assets.shop.loblaws.ca/products/21301478/b3/en/front/21301478_front_a06_@2.png 1x, https://assets.shop.loblaws.ca/products/21301478/b3/en/front/21301478_front_a06_@2.png 2x" loading="lazy" class="chakra-image css-oguq8l" aria-hidden="true"></div><div class="css-qoklea"><div class="css-12dchmx"></div><div data-testid="price-product-tile" class="css-8atqhb"><p class="chakra-text css-0"><span class="chakra-text css-pwnbcb" data-testid="regular-price"><span class="css-idkz9h">$12.99</span>$12.99</span></p></div><a href="/black-forest-ham/p/21301478_EA?source=nspt" class="chakra-linkbox__overlay css-1hnz6hu"><div class="css-0"><p class="chakra-text css-1ecdp9w" data-testid="product-brand">President's Choice</p><h3 class="chakra-heading css-6qrhwc" id="21301478_EA" data-testid="product-title">Black Forest Ham</h3><p class="chakra-text css-1yftjin" data-testid="product-package-size">400 g, $3.25/100g</p></div></a><div class="css-8keand"></div></div><div class="css-1q5omjq"><div class="css-fcebb8"><div data-testid="atc-compact" class="css-y94ivq" style="width: 45px;"><button type="button" class="chakra-button css-mudsm6" data-testid="atc-button"><svg stroke="currentColor" fill="currentColor" stroke-width="0" viewBox="0 0 24 24" focusable="false" class="chakra-icon css-1g3sp7a" data-testid="btn-icon" aria-hidden="true" height="1em" width="1em" xmlns="http://www.w3.org/2000/svg"><path d="M19 13h-6v6h-2v-6H5v-2h6V5h2v6h6v2z"></path></svg><span class="css-idkz9h">Add Black Forest Ham to cart</span></button></div></div></div></div></div></div><div class="css-0"><div class="css-f5i5wc"><div class="chakra-linkbox css-vhnn8v"><div data-testid="product-image" class="css-16dr4ly"><img alt="Carl Buddig Corned Beef 55 g, $36.18/1kg $3.62/100g" src="https://assets.shop.loblaws.ca/products/20074681/b3/en/front/20074681_front_a06_@2.png" srcset="https://assets.shop.loblaws.ca/products/20074681/b3/en/front/20074681_front_a06_@2.png 1x, https://assets.shop.loblaws.ca/products/20074681/b3/en/front/20074681_front_a06_@2.png 2x" loading="lazy" class="chakra-image css-oguq8l" aria-hidden="true"></div><div class="css-qoklea"><div class="css-12dchmx"></div><div data-testid="price-product-tile" class="css-8atqhb"><p class="chakra-text css-0"><span class="chakra-text css-pwnbcb" data-testid="regular-price"><span class="css-idkz9h">$1.99</span>$1.99</span></p></div><a href="/corned-beef/p/20074681_EA?source=nspt" class="chakra-linkbox__overlay css-1hnz6hu"><div class="css-0"><p class="chakra-text css-1ecdp9w" data-testid="product-brand">Carl Buddig</p><h3 class="chakra-heading css-6qrhwc" id="20074681_EA" data-testid="product-title">Corned Beef</h3><p class="chakra-text css-1yftjin" data-testid="product-package-size">55 g, $36.18/1kg $3.62/100g</p></div></a><div class="css-8keand"></div></div><div class="css-1q5omjq"><div class="css-fcebb8"><div data-testid="atc-compact" class="css-y94ivq" style="width: 45px;"><button type="button" class="chakra-button css-mudsm6" data-testid="atc-button"><svg stroke="currentColor" fill="currentColor" stroke-width="0" viewBox="0 0 24 24" focusable="false" class="chakra-icon css-1g3sp7a" data-testid="btn-icon" aria-hidden="true" height="1em" width="1em" xmlns="http://www.w3.org/2000/svg"><path d="M19 13h-6v6h-2v-6H5v-2h6V5h2v6h6v2z"></path></svg><span class="css-idkz9h">Add Corned Beef to cart</span></button></div></div></div></div></div></div><div class="css-0"><div class="css-f5i5wc"><div class="chakra-linkbox css-vhnn8v"><div data-testid="product-image" class="css-16dr4ly"><img alt="President's Choice Pork &amp; Chicken Liver Pâté With Black Pepper 150 g, $3.66/100g" src="https://assets.shop.loblaws.ca/products/21043073/b3/en/front/21043073_front_a06_@2.png" srcset="https://assets.shop.loblaws.ca/products/21043073/b3/en/front/21043073_front_a06_@2.png 1x, https://assets.shop.loblaws.ca/products/21043073/b3/en/front/21043073_front_a06_@2.png 2x" loading="lazy" class="chakra-image css-oguq8l" aria-hidden="true"></div><div class="css-qoklea"><div class="css-12dchmx"></div><div data-testid="price-product-tile" class="css-8atqhb"><p class="chakra-text css-0"><span class="chakra-text css-pwnbcb" data-testid="regular-price"><span class="css-idkz9h">$5.49</span>$5.49</span></p></div><a href="/pork-chicken-liver-p-t-with-black-pepper/p/21043073_EA?source=nspt" class="chakra-linkbox__overlay css-1hnz6hu"><div class="css-0"><p class="chakra-text css-1ecdp9w" data-testid="product-brand">President's Choice</p><h3 class="chakra-heading css-6qrhwc" id="21043073_EA" data-testid="product-title">Pork &amp; Chicken Liver Pâté With Black Pepper</h3><p class="chakra-text css-1yftjin" data-testid="product-package-size">150 g, $3.66/100g</p></div></a><div class="css-8keand"></div></div><div class="css-1q5omjq"><div class="css-fcebb8"><div data-testid="atc-compact" class="css-y94ivq" style="width: 45px;"><button disabled="" type="button" class="chakra-button css-mudsm6" data-testid="atc-button"><svg stroke="currentColor" fill="currentColor" stroke-width="0" viewBox="0 0 24 24" focusable="false" class="chakra-icon css-1g3sp7a" data-testid="btn-icon" aria-hidden="true" height="1em" width="1em" xmlns="http://www.w3.org/2000/svg"><path d="M19 13h-6v6h-2v-6H5v-2h6V5h2v6h6v2z"></path></svg><span class="css-idkz9h">Add Pork &amp; Chicken Liver Pâté With Black Pepper to cart</span></button></div></div><div class="css-4saf4a"><p class="chakra-text css-py8788" data-testid="inventory-badge-text">Out of Stock</p></div></div></div></div></div><div class="css-0"><div class="css-f5i5wc"><div class="chakra-linkbox css-vhnn8v"><div data-testid="product-image" class="css-16dr4ly"><img alt="Ziggy's Italian-Style Chicken Breast Strips 500 g, $2.80/100g" src="https://assets.shop.loblaws.ca/products/21299914/b3/en/front/21299914_front_a06_@2.png" srcset="https://assets.shop.loblaws.ca/products/21299914/b3/en/front/21299914_front_a06_@2.png 1x, https://assets.shop.loblaws.ca/products/21299914/b3/en/front/21299914_front_a06_@2.png 2x" loading="lazy" class="chakra-image css-oguq8l" aria-hidden="true"></div><div class="css-qoklea"><div class="css-12dchmx"></div><div data-testid="price-product-tile" class="css-8atqhb"><p class="chakra-text css-0"><span class="chakra-text css-pwnbcb" data-testid="regular-price"><span class="css-idkz9h">$13.99</span>$13.99</span></p></div><a href="/italian-style-chicken-breast-strips/p/21299914_EA?source=nspt" class="chakra-linkbox__overlay css-1hnz6hu"><div class="css-0"><p class="chakra-text css-1ecdp9w" data-testid="product-brand">Ziggy's</p><h3 class="chakra-heading css-6qrhwc" id="21299914_EA" data-testid="product-title">Italian-Style Chicken Breast Strips</h3><p class="chakra-text css-1yftjin" data-testid="product-package-size">500 g, $2.80/100g</p></div></a><div class="css-8keand"></div></div><div class="css-1q5omjq"><div class="css-fcebb8"><div data-testid="atc-compact" class="css-y94ivq" style="width: 45px;"><button type="button" class="chakra-button css-mudsm6" data-testid="atc-button"><svg stroke="currentColor" fill="currentColor" stroke-width="0" viewBox="0 0 24 24" focusable="false" class="chakra-icon css-1g3sp7a" data-testid="btn-icon" aria-hidden="true" height="1em" width="1em" xmlns="http://www.w3.org/2000/svg"><path d="M19 13h-6v6h-2v-6H5v-2h6V5h2v6h6v2z"></path></svg><span class="css-idkz9h">Add Italian-Style Chicken Breast Strips to cart</span></button></div></div></div></div></div></div><div class="css-0"><div class="css-f5i5wc"><div class="chakra-linkbox css-vhnn8v"><div data-testid="product-image" class="css-16dr4ly"><img alt="Marcangelo Marc Angelo Salami with Prosciutto 225 g 225 g, $4.44/100g" src="https://assets.shop.loblaws.ca/products/21362680/b3/en/front/21362680_front_a06_@2.png" srcset="https://assets.shop.loblaws.ca/products/21362680/b3/en/front/21362680_front_a06_@2.png 1x, https://assets.shop.loblaws.ca/products/21362680/b3/en/front/21362680_front_a06_@2.png 2x" loading="lazy" class="chakra-image css-oguq8l" aria-hidden="true"></div><div class="css-qoklea"><div class="css-12dchmx"></div><div data-testid="price-product-tile" class="css-8atqhb"><p class="chakra-text css-0"><span class="chakra-text css-pwnbcb" data-testid="regular-price"><span class="css-idkz9h">$9.99</span>$9.99</span></p></div><a href="/marc-angelo-salami-with-prosciutto-225-g/p/21362680_EA?source=nspt" class="chakra-linkbox__overlay css-1hnz6hu"><div class="css-0"><p class="chakra-text css-1ecdp9w" data-testid="product-brand">Marcangelo</p><h3 class="chakra-heading css-6qrhwc" id="21362680_EA" data-testid="product-title">Marc Angelo Salami with Prosciutto 225 g</h3><p class="chakra-text css-1yftjin" data-testid="product-package-size">225 g, $4.44/100g</p></div></a><div class="css-8keand"></div></div><div class="css-1q5omjq"><div class="css-fcebb8"><div data-testid="atc-compact" class="css-y94ivq" style="width: 45px;"><button type="button" class="chakra-button css-mudsm6" data-testid="atc-button"><svg stroke="currentColor" fill="currentColor" stroke-width="0" viewBox="0 0 24 24" focusable="false" class="chakra-icon css-1g3sp7a" data-testid="btn-icon" aria-hidden="true" height="1em" width="1em" xmlns="http://www.w3.org/2000/svg"><path d="M19 13h-6v6h-2v-6H5v-2h6V5h2v6h6v2z"></path></svg><span class="css-idkz9h">Add Marc Angelo Salami with Prosciutto 225 g to cart</span></button></div></div></div></div></div></div><div class="css-0"><div class="css-f5i5wc"><div class="chakra-linkbox css-vhnn8v"><div data-testid="product-image" class="css-16dr4ly"><img alt="No Name Chicken Bologna 375 g, $8.00/1kg $0.80/100g" src="https://assets.shop.loblaws.ca/products/20103516/b3/en/front/20103516_front_a06_@2.png" srcset="https://assets.shop.loblaws.ca/products/20103516/b3/en/front/20103516_front_a06_@2.png 1x, https://assets.shop.loblaws.ca/products/20103516/b3/en/front/20103516_front_a06_@2.png 2x" loading="lazy" class="chakra-image css-oguq8l" aria-hidden="true"></div><div class="css-qoklea"><div class="css-12dchmx"></div><div data-testid="price-product-tile" class="css-8atqhb"><p class="chakra-text css-0"><span class="chakra-text css-pwnbcb" data-testid="regular-price"><span class="css-idkz9h">$3.00</span>$3.00</span></p></div><a href="/chicken-bologna/p/20103516_EA?source=nspt" class="chakra-linkbox__overlay css-1hnz6hu"><div class="css-0"><p class="chakra-text css-1ecdp9w" data-testid="product-brand">No Name</p><h3 class="chakra-heading css-6qrhwc" id="20103516_EA" data-testid="product-title">Chicken Bologna</h3><p class="chakra-text css-1yftjin" data-testid="product-package-size">375 g, $8.00/1kg $0.80/100g</p></div></a><div class="css-8keand"></div></div><div class="css-1q5omjq"><div class="css-fcebb8"><div data-testid="atc-compact" class="css-y94ivq" style="width: 45px;"><button type="button" class="chakra-button css-mudsm6" data-testid="atc-button"><svg stroke="currentColor" fill="currentColor" stroke-width="0" viewBox="0 0 24 24" focusable="false" class="chakra-icon css-1g3sp7a" data-testid="btn-icon" aria-hidden="true" height="1em" width="1em" xmlns="http://www.w3.org/2000/svg"><path d="M19 13h-6v6h-2v-6H5v-2h6V5h2v6h6v2z"></path></svg><span class="css-idkz9h">Add Chicken Bologna to cart</span></button></div></div></div></div></div></div><div class="css-0"><div class="css-f5i5wc"><div class="chakra-linkbox css-vhnn8v"><div data-testid="product-image" class="css-16dr4ly"><img alt="Mastro Sopressata Salami 300 g, $33.30/1kg $3.33/100g" src="https://assets.shop.loblaws.ca/products/20049268/b3/en/front/20049268_front_a06_@2.png" srcset="https://assets.shop.loblaws.ca/products/20049268/b3/en/front/20049268_front_a06_@2.png 1x, https://assets.shop.loblaws.ca/products/20049268/b3/en/front/20049268_front_a06_@2.png 2x" loading="lazy" class="chakra-image css-oguq8l" aria-hidden="true"></div><div class="css-qoklea"><div class="css-12dchmx"></div><div data-testid="price-product-tile" class="css-8atqhb"><p class="chakra-text css-0"><span class="chakra-text css-pwnbcb" data-testid="regular-price"><span class="css-idkz9h">$9.99</span>$9.99</span></p></div><a href="/sopressata-salami/p/20049268_EA?source=nspt" class="chakra-linkbox__overlay css-1hnz6hu"><div class="css-0"><p class="chakra-text css-1ecdp9w" data-testid="product-brand">Mastro</p><h3 class="chakra-heading css-6qrhwc" id="20049268_EA" data-testid="product-title">Sopressata Salami</h3><p class="chakra-text css-1yftjin" data-testid="product-package-size">300 g, $33.30/1kg $3.33/100g</p></div></a><div class="css-8keand"></div></div><div class="css-1q5omjq"><div class="css-fcebb8"><div data-testid="atc-compact" class="css-y94ivq" style="width: 45px;"><button type="button" class="chakra-button css-mudsm6" data-testid="atc-button"><svg stroke="currentColor" fill="currentColor" stroke-width="0" viewBox="0 0 24 24" focusable="false" class="chakra-icon css-1g3sp7a" data-testid="btn-icon" aria-hidden="true" height="1em" width="1em" xmlns="http://www.w3.org/2000/svg"><path d="M19 13h-6v6h-2v-6H5v-2h6V5h2v6h6v2z"></path></svg><span class="css-idkz9h">Add Sopressata Salami to cart</span></button></div></div></div></div></div></div><div class="css-0"><div class="css-f5i5wc"><div class="chakra-linkbox css-vhnn8v"><div data-testid="product-image" class="css-16dr4ly"><img alt="Pillers Summer Sausage  150 g, $3.33/100g" src="https://assets.shop.loblaws.ca/products/21206370/b3/en/front/21206370_front_a06_@2.png" srcset="https://assets.shop.loblaws.ca/products/21206370/b3/en/front/21206370_front_a06_@2.png 1x, https://assets.shop.loblaws.ca/products/21206370/b3/en/front/21206370_front_a06_@2.png 2x" loading="lazy" class="chakra-image css-oguq8l" aria-hidden="true"></div><div class="css-qoklea"><div class="css-12dchmx"></div><div data-testid="price-product-tile" class="css-8atqhb"><p class="chakra-text css-0"><span class="chakra-text css-pwnbcb" data-testid="regular-price"><span class="css-idkz9h">$5.00</span>$5.00</span></p></div><a href="/summer-sausage/p/21206370_EA?source=nspt" class="chakra-linkbox__overlay css-1hnz6hu"><div class="css-0"><p class="chakra-text css-1ecdp9w" data-testid="product-brand">Pillers</p><h3 class="chakra-heading css-6qrhwc" id="21206370_EA" data-testid="product-title">Summer Sausage </h3><p class="chakra-text css-1yftjin" data-testid="product-package-size">150 g, $3.33/100g</p></div></a><div class="css-8keand"></div></div><div class="css-1q5omjq"><div class="css-fcebb8"><div data-testid="atc-compact" class="css-y94ivq" style="width: 45px;"><button type="button" class="chakra-button css-mudsm6" data-testid="atc-button"><svg stroke="currentColor" fill="currentColor" stroke-width="0" viewBox="0 0 24 24" focusable="false" class="chakra-icon css-1g3sp7a" data-testid="btn-icon" aria-hidden="true" height="1em" width="1em" xmlns="http://www.w3.org/2000/svg"><path d="M19 13h-6v6h-2v-6H5v-2h6V5h2v6h6v2z"></path></svg><span class="css-idkz9h">Add Summer Sausage  to cart</span></button></div></div></div></div></div></div><div class="css-0"><div class="css-f5i5wc"><div class="chakra-linkbox css-vhnn8v"><div data-testid="product-image" class="css-16dr4ly"><img alt="Mastro Salami Genoa, Hot Baby 600 g, $21.65/1kg $2.17/100g" src="https://assets.shop.loblaws.ca/products/20302356/b3/en/front/20302356_front_a06_@2.png" srcset="https://assets.shop.loblaws.ca/products/20302356/b3/en/front/20302356_front_a06_@2.png 1x, https://assets.shop.loblaws.ca/products/20302356/b3/en/front/20302356_front_a06_@2.png 2x" loading="lazy" class="chakra-image css-oguq8l" aria-hidden="true"></div><div class="css-qoklea"><div class="css-12dchmx"></div><div data-testid="price-product-tile" class="css-8atqhb"><p class="chakra-text css-0"><span class="chakra-text css-pwnbcb" data-testid="regular-price"><span class="css-idkz9h">$12.99</span>$12.99</span></p></div><a href="/salami-genoa-hot-baby/p/20302356_EA?source=nspt" class="chakra-linkbox__overlay css-1hnz6hu"><div class="css-0"><p class="chakra-text css-1ecdp9w" data-testid="product-brand">Mastro</p><h3 class="chakra-heading css-6qrhwc" id="20302356_EA" data-testid="product-title">Salami Genoa, Hot Baby</h3><p class="chakra-text css-1yftjin" data-testid="product-package-size">600 g, $21.65/1kg $2.17/100g</p></div></a><div class="css-8keand"></div></div><div class="css-1q5omjq"><div class="css-fcebb8"><div data-testid="atc-compact" class="css-y94ivq" style="width: 45px;"><button type="button" class="chakra-button css-mudsm6" data-testid="atc-button"><svg stroke="currentColor" fill="currentColor" stroke-width="0" viewBox="0 0 24 24" focusable="false" class="chakra-icon css-1g3sp7a" data-testid="btn-icon" aria-hidden="true" height="1em" width="1em" xmlns="http://www.w3.org/2000/svg"><path d="M19 13h-6v6h-2v-6H5v-2h6V5h2v6h6v2z"></path></svg><span class="css-idkz9h">Add Salami Genoa, Hot Baby to cart</span></button></div></div></div></div></div></div><div class="css-0"><div class="css-f5i5wc"><div class="chakra-linkbox css-vhnn8v"><div data-testid="product-image" class="css-16dr4ly"><img alt="Pillers Turkey Breast Cooked 150 g, $3.33/100g" src="https://assets.shop.loblaws.ca/products/20965533/b3/en/front/20965533_front_a06_@2.png" srcset="https://assets.shop.loblaws.ca/products/20965533/b3/en/front/20965533_front_a06_@2.png 1x, https://assets.shop.loblaws.ca/products/20965533/b3/en/front/20965533_front_a06_@2.png 2x" loading="lazy" class="chakra-image css-oguq8l" aria-hidden="true"></div><div class="css-qoklea"><div class="css-12dchmx"></div><div data-testid="price-product-tile" class="css-8atqhb"><p class="chakra-text css-0"><span class="chakra-text css-pwnbcb" data-testid="regular-price"><span class="css-idkz9h">$5.00</span>$5.00</span></p></div><a href="/turkey-breast-cooked/p/20965533_EA?source=nspt" class="chakra-linkbox__overlay css-1hnz6hu"><div class="css-0"><p class="chakra-text css-1ecdp9w" data-testid="product-brand">Pillers</p><h3 class="chakra-heading css-6qrhwc" id="20965533_EA" data-testid="product-title">Turkey Breast Cooked</h3><p class="chakra-text css-1yftjin" data-testid="product-package-size">150 g, $3.33/100g</p></div></a><div class="css-8keand"></div></div><div class="css-1q5omjq"><div class="css-fcebb8"><div data-testid="atc-compact" class="css-y94ivq" style="width: 45px;"><button type="button" class="chakra-button css-mudsm6" data-testid="atc-button"><svg stroke="currentColor" fill="currentColor" stroke-width="0" viewBox="0 0 24 24" focusable="false" class="chakra-icon css-1g3sp7a" data-testid="btn-icon" aria-hidden="true" height="1em" width="1em" xmlns="http://www.w3.org/2000/svg"><path d="M19 13h-6v6h-2v-6H5v-2h6V5h2v6h6v2z"></path></svg><span class="css-idkz9h">Add Turkey Breast Cooked to cart</span></button></div></div></div></div></div></div><div class="css-0"><div class="css-f5i5wc"><div class="chakra-linkbox css-vhnn8v"><div data-testid="product-image" class="css-16dr4ly"><img alt="Marcangelo Cacciatore Salami, Hot 300 g, $4.33/100g" src="https://assets.shop.loblaws.ca/products/21021493/b3/en/front/21021493_front_a06_@2.png" srcset="https://assets.shop.loblaws.ca/products/21021493/b3/en/front/21021493_front_a06_@2.png 1x, https://assets.shop.loblaws.ca/products/21021493/b3/en/front/21021493_front_a06_@2.png 2x" loading="lazy" class="chakra-image css-oguq8l" aria-hidden="true"></div><div class="css-qoklea"><div class="css-12dchmx"></div><div data-testid="price-product-tile" class="css-8atqhb"><p class="chakra-text css-0"><span class="chakra-text css-pwnbcb" data-testid="regular-price"><span class="css-idkz9h">$12.99</span>$12.99</span></p></div><a href="/cacciatore-salami-hot/p/21021493_EA?source=nspt" class="chakra-linkbox__overlay css-1hnz6hu"><div class="css-0"><p class="chakra-text css-1ecdp9w" data-testid="product-brand">Marcangelo</p><h3 class="chakra-heading css-6qrhwc" id="21021493_EA" data-testid="product-title">Cacciatore Salami, Hot</h3><p class="chakra-text css-1yftjin" data-testid="product-package-size">300 g, $4.33/100g</p></div></a><div class="css-8keand"></div></div><div class="css-1q5omjq"><div class="css-fcebb8"><div data-testid="atc-compact" class="css-y94ivq" style="width: 45px;"><button type="button" class="chakra-button css-mudsm6" data-testid="atc-button"><svg stroke="currentColor" fill="currentColor" stroke-width="0" viewBox="0 0 24 24" focusable="false" class="chakra-icon css-1g3sp7a" data-testid="btn-icon" aria-hidden="true" height="1em" width="1em" xmlns="http://www.w3.org/2000/svg"><path d="M19 13h-6v6h-2v-6H5v-2h6V5h2v6h6v2z"></path></svg><span class="css-idkz9h">Add Cacciatore Salami, Hot to cart</span></button></div></div></div></div></div></div><div class="css-0"><div class="css-f5i5wc"><div class="chakra-linkbox css-vhnn8v"><div data-testid="product-image" class="css-16dr4ly"><img alt="PC Splendido Antipasto, Club Pack 200 g, $6.25/100g" src="https://assets.shop.loblaws.ca/products/21049119/b3/en/front/21049119_front_a06_@2.png" srcset="https://assets.shop.loblaws.ca/products/21049119/b3/en/front/21049119_front_a06_@2.png 1x, https://assets.shop.loblaws.ca/products/21049119/b3/en/front/21049119_front_a06_@2.png 2x" loading="lazy" class="chakra-image css-oguq8l" aria-hidden="true"></div><div class="css-qoklea"><div class="css-12dchmx"></div><div data-testid="price-product-tile" class="css-8atqhb"><p class="chakra-text css-0"><span class="chakra-text css-pwnbcb" data-testid="regular-price"><span class="css-idkz9h">$12.49</span>$12.49</span></p></div><a href="/antipasto-club-pack/p/21049119_EA?source=nspt" class="chakra-linkbox__overlay css-1hnz6hu"><div class="css-0"><p class="chakra-text css-1ecdp9w" data-testid="product-brand">PC Splendido</p><h3 class="chakra-heading css-6qrhwc" id="21049119_EA" data-testid="product-title">Antipasto, Club Pack</h3><p class="chakra-text css-1yftjin" data-testid="product-package-size">200 g, $6.25/100g</p></div></a><div class="css-8keand"></div></div><div class="css-1q5omjq"><div class="css-fcebb8"><div data-testid="atc-compact" class="css-y94ivq" style="width: 45px;"><button type="button" class="chakra-button css-mudsm6" data-testid="atc-button"><svg stroke="currentColor" fill="currentColor" stroke-width="0" viewBox="0 0 24 24" focusable="false" class="chakra-icon css-1g3sp7a" data-testid="btn-icon" aria-hidden="true" height="1em" width="1em" xmlns="http://www.w3.org/2000/svg"><path d="M19 13h-6v6h-2v-6H5v-2h6V5h2v6h6v2z"></path></svg><span class="css-idkz9h">Add Antipasto, Club Pack to cart</span></button></div></div></div></div></div></div><div class="css-0"><div class="css-f5i5wc"><div class="chakra-linkbox css-vhnn8v"><div data-testid="product-image" class="css-16dr4ly"><img alt="No Name Smoked Summer Sausage, Sliced 500 g, $12.00/1kg $1.20/100g" src="https://assets.shop.loblaws.ca/products/20151390/b3/en/front/20151390_front_a06_@2.png" srcset="https://assets.shop.loblaws.ca/products/20151390/b3/en/front/20151390_front_a06_@2.png 1x, https://assets.shop.loblaws.ca/products/20151390/b3/en/front/20151390_front_a06_@2.png 2x" loading="lazy" class="chakra-image css-oguq8l" aria-hidden="true"></div><div class="css-qoklea"><div class="css-12dchmx"></div><div data-testid="price-product-tile" class="css-8atqhb"><p class="chakra-text css-0"><span class="chakra-text css-pwnbcb" data-testid="regular-price"><span class="css-idkz9h">$6.00</span>$6.00</span></p></div><a href="/smoked-summer-sausage-sliced/p/20151390_EA?source=nspt" class="chakra-linkbox__overlay css-1hnz6hu"><div class="css-0"><p class="chakra-text css-1ecdp9w" data-testid="product-brand">No Name</p><h3 class="chakra-heading css-6qrhwc" id="20151390_EA" data-testid="product-title">Smoked Summer Sausage, Sliced</h3><p class="chakra-text css-1yftjin" data-testid="product-package-size">500 g, $12.00/1kg $1.20/100g</p></div></a><div class="css-8keand"></div></div><div class="css-1q5omjq"><div class="css-fcebb8"><div data-testid="atc-compact" class="css-y94ivq" style="width: 45px;"><button type="button" class="chakra-button css-mudsm6" data-testid="atc-button"><svg stroke="currentColor" fill="currentColor" stroke-width="0" viewBox="0 0 24 24" focusable="false" class="chakra-icon css-1g3sp7a" data-testid="btn-icon" aria-hidden="true" height="1em" width="1em" xmlns="http://www.w3.org/2000/svg"><path d="M19 13h-6v6h-2v-6H5v-2h6V5h2v6h6v2z"></path></svg><span class="css-idkz9h">Add Smoked Summer Sausage, Sliced to cart</span></button></div></div></div></div></div></div><div class="css-0"><div class="css-f5i5wc"><div class="chakra-linkbox css-vhnn8v"><div data-testid="product-image" class="css-16dr4ly"><img alt="President's Choice Sopressata Salami 150 g, $46.60/1kg $4.66/100g" src="https://assets.shop.loblaws.ca/products/20313149/b3/en/front/20313149_front_a06_@2.png" srcset="https://assets.shop.loblaws.ca/products/20313149/b3/en/front/20313149_front_a06_@2.png 1x, https://assets.shop.loblaws.ca/products/20313149/b3/en/front/20313149_front_a06_@2.png 2x" loading="lazy" class="chakra-image css-oguq8l" aria-hidden="true"></div><div class="css-qoklea"><div class="css-12dchmx"></div><div data-testid="price-product-tile" class="css-8atqhb"><p class="chakra-text css-0"><span class="chakra-text css-pwnbcb" data-testid="regular-price"><span class="css-idkz9h">$6.99</span>$6.99</span></p></div><a href="/sopressata-salami/p/20313149_EA?source=nspt" class="chakra-linkbox__overlay css-1hnz6hu"><div class="css-0"><p class="chakra-text css-1ecdp9w" data-testid="product-brand">President's Choice</p><h3 class="chakra-heading css-6qrhwc" id="20313149_EA" data-testid="product-title">Sopressata Salami</h3><p class="chakra-text css-1yftjin" data-testid="product-package-size">150 g, $46.60/1kg $4.66/100g</p></div></a><div class="css-8keand"></div></div><div class="css-1q5omjq"><div class="css-fcebb8"><div data-testid="atc-compact" class="css-y94ivq" style="width: 45px;"><button type="button" class="chakra-button css-mudsm6" data-testid="atc-button"><svg stroke="currentColor" fill="currentColor" stroke-width="0" viewBox="0 0 24 24" focusable="false" class="chakra-icon css-1g3sp7a" data-testid="btn-icon" aria-hidden="true" height="1em" width="1em" xmlns="http://www.w3.org/2000/svg"><path d="M19 13h-6v6h-2v-6H5v-2h6V5h2v6h6v2z"></path></svg><span class="css-idkz9h">Add Sopressata Salami to cart</span></button></div></div></div></div></div></div><div class="css-0"><div class="css-f5i5wc"><div class="chakra-linkbox css-vhnn8v"><div data-testid="product-image" class="css-16dr4ly"><img alt="Ziggy's Pepperoni, Sliced 175 g, $31.37/1kg $3.14/100g" src="https://assets.shop.loblaws.ca/products/20085869/b3/en/front/20085869_front_a06_@2.png" srcset="https://assets.shop.loblaws.ca/products/20085869/b3/en/front/20085869_front_a06_@2.png 1x, https://assets.shop.loblaws.ca/products/20085869/b3/en/front/20085869_front_a06_@2.png 2x" loading="lazy" class="chakra-image css-oguq8l" aria-hidden="true"></div><div class="css-qoklea"><div class="css-12dchmx"></div><div data-testid="price-product-tile" class="css-8atqhb"><p class="chakra-text css-0"><span class="chakra-text css-pwnbcb" data-testid="regular-price"><span class="css-idkz9h">$5.49</span>$5.49</span></p></div><a href="/pepperoni-sliced/p/20085869_EA?source=nspt" class="chakra-linkbox__overlay css-1hnz6hu"><div class="css-0"><p class="chakra-text css-1ecdp9w" data-testid="product-brand">Ziggy's</p><h3 class="chakra-heading css-6qrhwc" id="20085869_EA" data-testid="product-title">Pepperoni, Sliced</h3><p class="chakra-text css-1yftjin" data-testid="product-package-size">175 g, $31.37/1kg $3.14/100g</p></div></a><div class="css-8keand"></div></div><div class="css-1q5omjq"><div class="css-fcebb8"><div data-testid="atc-compact" class="css-y94ivq" style="width: 45px;"><button type="button" class="chakra-button css-mudsm6" data-testid="atc-button"><svg stroke="currentColor" fill="currentColor" stroke-width="0" viewBox="0 0 24 24" focusable="false" class="chakra-icon css-1g3sp7a" data-testid="btn-icon" aria-hidden="true" height="1em" width="1em" xmlns="http://www.w3.org/2000/svg"><path d="M19 13h-6v6h-2v-6H5v-2h6V5h2v6h6v2z"></path></svg><span class="css-idkz9h">Add Pepperoni, Sliced to cart</span></button></div></div></div></div></div></div><div class="css-0"><div class="css-f5i5wc"><div class="chakra-linkbox css-vhnn8v"><div data-testid="product-image" class="css-16dr4ly"><img alt="Ziggy's Original Chicken Strips 500 g, $2.80/100g" src="https://assets.shop.loblaws.ca/products/21299922/b3/en/front/21299922_front_a06_@2.png" srcset="https://assets.shop.loblaws.ca/products/21299922/b3/en/front/21299922_front_a06_@2.png 1x, https://assets.shop.loblaws.ca/products/21299922/b3/en/front/21299922_front_a06_@2.png 2x" loading="lazy" class="chakra-image css-oguq8l" aria-hidden="true"></div><div class="css-qoklea"><div class="css-12dchmx"></div><div data-testid="price-product-tile" class="css-8atqhb"><p class="chakra-text css-0"><span class="chakra-text css-pwnbcb" data-testid="regular-price"><span class="css-idkz9h">$13.99</span>$13.99</span></p></div><a href="/original-chicken-strips/p/21299922_EA?source=nspt" class="chakra-linkbox__overlay css-1hnz6hu"><div class="css-0"><p class="chakra-text css-1ecdp9w" data-testid="product-brand">Ziggy's</p><h3 class="chakra-heading css-6qrhwc" id="21299922_EA" data-testid="product-title">Original Chicken Strips</h3><p class="chakra-text css-1yftjin" data-testid="product-package-size">500 g, $2.80/100g</p></div></a><div class="css-8keand"></div></div><div class="css-1q5omjq"><div class="css-fcebb8"><div data-testid="atc-compact" class="css-y94ivq" style="width: 45px;"><button type="button" class="chakra-button css-mudsm6" data-testid="atc-button"><svg stroke="currentColor" fill="currentColor" stroke-width="0" viewBox="0 0 24 24" focusable="false" class="chakra-icon css-1g3sp7a" data-testid="btn-icon" aria-hidden="true" height="1em" width="1em" xmlns="http://www.w3.org/2000/svg"><path d="M19 13h-6v6h-2v-6H5v-2h6V5h2v6h6v2z"></path></svg><span class="css-idkz9h">Add Original Chicken Strips to cart</span></button></div></div></div></div></div></div><div class="css-0"><div class="css-f5i5wc"><div class="chakra-linkbox css-vhnn8v"><div data-testid="product-image" class="css-16dr4ly"><img alt="Pillers Polish Sausage Ring 1 kg, $1.45/100g" src="https://assets.shop.loblaws.ca/products/20107159/b3/en/front/20107159_front_a06_@2.png" srcset="https://assets.shop.loblaws.ca/products/20107159/b3/en/front/20107159_front_a06_@2.png 1x, https://assets.shop.loblaws.ca/products/20107159/b3/en/front/20107159_front_a06_@2.png 2x" loading="lazy" class="chakra-image css-oguq8l" aria-hidden="true"></div><div class="css-qoklea"><div class="css-12dchmx"></div><div data-testid="price-product-tile" class="css-8atqhb"><p class="chakra-text css-0"><span class="chakra-text css-pwnbcb" data-testid="regular-price"><span class="css-idkz9h">$14.49</span>$14.49</span></p></div><a href="/polish-sausage-ring/p/20107159_EA?source=nspt" class="chakra-linkbox__overlay css-1hnz6hu"><div class="css-0"><p class="chakra-text css-1ecdp9w" data-testid="product-brand">Pillers</p><h3 class="chakra-heading css-6qrhwc" id="20107159_EA" data-testid="product-title">Polish Sausage Ring</h3><p class="chakra-text css-1yftjin" data-testid="product-package-size">1 kg, $1.45/100g</p></div></a><div class="css-8keand"></div></div><div class="css-1q5omjq"><div class="css-fcebb8"><div data-testid="atc-compact" class="css-y94ivq" style="width: 45px;"><button type="button" class="chakra-button css-mudsm6" data-testid="atc-button"><svg stroke="currentColor" fill="currentColor" stroke-width="0" viewBox="0 0 24 24" focusable="false" class="chakra-icon css-1g3sp7a" data-testid="btn-icon" aria-hidden="true" height="1em" width="1em" xmlns="http://www.w3.org/2000/svg"><path d="M19 13h-6v6h-2v-6H5v-2h6V5h2v6h6v2z"></path></svg><span class="css-idkz9h">Add Polish Sausage Ring to cart</span></button></div></div></div></div></div></div><div class="css-0"><div class="css-f5i5wc"><div class="chakra-linkbox css-vhnn8v"><div data-testid="product-image" class="css-16dr4ly"><img alt="Mastro Salami Genoa 600 g, $2.17/100g" src="https://assets.shop.loblaws.ca/products/20181136/b3/en/front/20181136_front_a06_@2.png" srcset="https://assets.shop.loblaws.ca/products/20181136/b3/en/front/20181136_front_a06_@2.png 1x, https://assets.shop.loblaws.ca/products/20181136/b3/en/front/20181136_front_a06_@2.png 2x" loading="lazy" class="chakra-image css-oguq8l" aria-hidden="true"></div><div class="css-qoklea"><div class="css-12dchmx"></div><div data-testid="price-product-tile" class="css-8atqhb"><p class="chakra-text css-0"><span class="chakra-text css-pwnbcb" data-testid="regular-price"><span class="css-idkz9h">$12.99</span>$12.99</span></p></div><a href="/salami-genoa/p/20181136_EA?source=nspt" class="chakra-linkbox__overlay css-1hnz6hu"><div class="css-0"><p class="chakra-text css-1ecdp9w" data-testid="product-brand">Mastro</p><h3 class="chakra-heading css-6qrhwc" id="20181136_EA" data-testid="product-title">Salami Genoa</h3><p class="chakra-text css-1yftjin" data-testid="product-package-size">600 g, $2.17/100g</p></div></a><div class="css-8keand"></div></div><div class="css-1q5omjq"><div class="css-fcebb8"><div data-testid="atc-compact" class="css-y94ivq" style="width: 45px;"><button type="button" class="chakra-button css-mudsm6" data-testid="atc-button"><svg stroke="currentColor" fill="currentColor" stroke-width="0" viewBox="0 0 24 24" focusable="false" class="chakra-icon css-1g3sp7a" data-testid="btn-icon" aria-hidden="true" height="1em" width="1em" xmlns="http://www.w3.org/2000/svg"><path d="M19 13h-6v6h-2v-6H5v-2h6V5h2v6h6v2z"></path></svg><span class="css-idkz9h">Add Salami Genoa to cart</span></button></div></div></div></div></div></div><div class="css-0"><div class="css-f5i5wc"><div class="chakra-linkbox css-vhnn8v"><div data-testid="product-image" class="css-16dr4ly"><img alt="President's Choice Free From Turkey 175 g, $42.80/1kg $4.28/100g" src="https://assets.shop.loblaws.ca/products/20682966/b3/en/front/20682966_front_a06_@2.png" srcset="https://assets.shop.loblaws.ca/products/20682966/b3/en/front/20682966_front_a06_@2.png 1x, https://assets.shop.loblaws.ca/products/20682966/b3/en/front/20682966_front_a06_@2.png 2x" loading="lazy" class="chakra-image css-oguq8l" aria-hidden="true"></div><div class="css-qoklea"><div class="css-12dchmx"></div><div data-testid="price-product-tile" class="css-8atqhb"><p class="chakra-text css-0"><span class="chakra-text css-pwnbcb" data-testid="regular-price"><span class="css-idkz9h">$7.49</span>$7.49</span></p></div><a href="/free-from-turkey/p/20682966_EA?source=nspt" class="chakra-linkbox__overlay css-1hnz6hu"><div class="css-0"><p class="chakra-text css-1ecdp9w" data-testid="product-brand">President's Choice</p><h3 class="chakra-heading css-6qrhwc" id="20682966_EA" data-testid="product-title">Free From Turkey</h3><p class="chakra-text css-1yftjin" data-testid="product-package-size">175 g, $42.80/1kg $4.28/100g</p></div></a><div class="css-8keand"></div></div><div class="css-1q5omjq"><div class="css-fcebb8"><div data-testid="atc-compact" class="css-y94ivq" style="width: 45px;"><button type="button" class="chakra-button css-mudsm6" data-testid="atc-button"><svg stroke="currentColor" fill="currentColor" stroke-width="0" viewBox="0 0 24 24" focusable="false" class="chakra-icon css-1g3sp7a" data-testid="btn-icon" aria-hidden="true" height="1em" width="1em" xmlns="http://www.w3.org/2000/svg"><path d="M19 13h-6v6h-2v-6H5v-2h6V5h2v6h6v2z"></path></svg><span class="css-idkz9h">Add Free From Turkey to cart</span></button></div></div></div></div></div></div></div><div data-testid="product-grid" class="css-epcqr3"><div class="css-0"><div class="css-f5i5wc"><div class="chakra-linkbox css-vhnn8v"><div data-testid="product-image" class="css-16dr4ly"><img alt="Marcangelo Cacciatore Salami, Hot 300 g, $4.33/100g" src="https://assets.shop.loblaws.ca/products/21021493/b3/en/front/21021493_front_a06_@2.png" srcset="https://assets.shop.loblaws.ca/products/21021493/b3/en/front/21021493_front_a06_@2.png 1x, https://assets.shop.loblaws.ca/products/21021493/b3/en/front/21021493_front_a06_@2.png 2x" loading="lazy" class="chakra-image css-oguq8l" aria-hidden="true"></div><div class="css-qoklea"><div class="css-12dchmx"></div><div data-testid="price-product-tile" class="css-8atqhb"><p class="chakra-text css-0"><span class="chakra-text css-pwnbcb" data-testid="regular-price"><span class="css-idkz9h">$12.99</span>$12.99</span></p></div><a href="/cacciatore-salami-hot/p/21021493_EA?source=nspt" class="chakra-linkbox__overlay css-1hnz6hu"><div class="css-0"><p class="chakra-text css-1ecdp9w" data-testid="product-brand">Marcangelo</p><h3 class="chakra-heading css-6qrhwc" id="21021493_EA" data-testid="product-title">Cacciatore Salami, Hot</h3><p class="chakra-text css-1yftjin" data-testid="product-package-size">300 g, $4.33/100g</p></div></a><div class="css-8keand"></div></div><div class="css-1q5omjq"><div class="css-fcebb8"><div data-testid="atc-compact" class="css-y94ivq" style="width: 45px;"><button type="button" class="chakra-button css-mudsm6" data-testid="atc-button"><svg stroke="currentColor" fill="currentColor" stroke-width="0" viewBox="0 0 24 24" focusable="false" class="chakra-icon css-1g3sp7a" data-testid="btn-icon" aria-hidden="true" height="1em" width="1em" xmlns="http://www.w3.org/2000/svg"><path d="M19 13h-6v6h-2v-6H5v-2h6V5h2v6h6v2z"></path></svg><span class="css-idkz9h">Add Cacciatore Salami, Hot to cart</span></button></div></div></div></div></div></div><div class="css-0"><div class="css-f5i5wc"><div class="chakra-linkbox css-vhnn8v"><div data-testid="product-image" class="css-16dr4ly"><img alt="President's Choice Free From Turkey 175 g, $42.80/1kg $4.28/100g" src="https://assets.shop.loblaws.ca/products/20682966/b3/en/front/20682966_front_a06_@2.png" srcset="https://assets.shop.loblaws.ca/products/20682966/b3/en/front/20682966_front_a06_@2.png 1x, https://assets.shop.loblaws.ca/products/20682966/b3/en/front/20682966_front_a06_@2.png 2x" loading="lazy" class="chakra-image css-oguq8l" aria-hidden="true"></div><div class="css-qoklea"><div class="css-12dchmx"></div><div data-testid="price-product-tile" class="css-8atqhb"><p class="chakra-text css-0"><span class="chakra-text css-pwnbcb" data-testid="regular-price"><span class="css-idkz9h">$7.49</span>$7.49</span></p></div><a href="/free-from-turkey/p/20682966_EA?source=nspt" class="chakra-linkbox__overlay css-1hnz6hu"><div class="css-0"><p class="chakra-text css-1ecdp9w" data-testid="product-brand">President's Choice</p><h3 class="chakra-heading css-6qrhwc" id="20682966_EA" data-testid="product-title">Free From Turkey</h3><p class="chakra-text css-1yftjin" data-testid="product-package-size">175 g, $42.80/1kg $4.28/100g</p></div></a><div class="css-8keand"></div></div><div class="css-1q5omjq"><div class="css-fcebb8"><div data-testid="atc-compact" class="css-y94ivq" style="width: 45px;"><button type="button" class="chakra-button css-mudsm6" data-testid="atc-button"><svg stroke="currentColor" fill="currentColor" stroke-width="0" viewBox="0 0 24 24" focusable="false" class="chakra-icon css-1g3sp7a" data-testid="btn-icon" aria-hidden="true" height="1em" width="1em" xmlns="http://www.w3.org/2000/svg"><path d="M19 13h-6v6h-2v-6H5v-2h6V5h2v6h6v2z"></path></svg><span class="css-idkz9h">Add Free From Turkey to cart</span></button></div></div></div></div></div></div><div class="css-0"><div class="css-f5i5wc"><div class="chakra-linkbox css-vhnn8v"><div data-testid="product-image" class="css-16dr4ly"><img alt="President's Choice Mild Genoa Salami Slices 150 g, $46.60/1kg $4.66/100g" src="https://assets.shop.loblaws.ca/products/20103918/b3/en/front/20103918_front_a06_@2.png" srcset="https://assets.shop.loblaws.ca/products/20103918/b3/en/front/20103918_front_a06_@2.png 1x, https://assets.shop.loblaws.ca/products/20103918/b3/en/front/20103918_front_a06_@2.png 2x" loading="lazy" class="chakra-image css-oguq8l" aria-hidden="true"></div><div class="css-qoklea"><div class="css-12dchmx"></div><div data-testid="price-product-tile" class="css-8atqhb"><p class="chakra-text css-0"><span class="chakra-text css-pwnbcb" data-testid="regular-price"><span class="css-idkz9h">$6.99</span>$6.99</span></p></div><a href="/mild-genoa-salami-slices/p/20103918_EA?source=nspt" class="chakra-linkbox__overlay css-1hnz6hu"><div class="css-0"><p class="chakra-text css-1ecdp9w" data-testid="product-brand">President's Choice</p><h3 class="chakra-heading css-6qrhwc" id="20103918_EA" data-testid="product-title">Mild Genoa Salami Slices</h3><p class="chakra-text css-1yftjin" data-testid="product-package-size">150 g, $46.60/1kg $4.66/100g</p></div></a><div class="css-8keand"></div></div><div class="css-1q5omjq"><div class="css-fcebb8"><div data-testid="atc-compact" class="css-y94ivq" style="width: 45px;"><button type="button" class="chakra-button css-mudsm6" data-testid="atc-button"><svg stroke="currentColor" fill="currentColor" stroke-width="0" viewBox="0 0 24 24" focusable="false" class="chakra-icon css-1g3sp7a" data-testid="btn-icon" aria-hidden="true" height="1em" width="1em" xmlns="http://www.w3.org/2000/svg"><path d="M19 13h-6v6h-2v-6H5v-2h6V5h2v6h6v2z"></path></svg><span class="css-idkz9h">Add Mild Genoa Salami Slices to cart</span></button></div></div></div></div></div></div><div class="css-0"><div class="css-f5i5wc"><div class="chakra-linkbox css-vhnn8v"><div data-testid="product-image" class="css-16dr4ly"><img alt="President's Choice Free From Oven Roasted Turkey, Club Pack 375 g, $3.60/100g" src="https://assets.shop.loblaws.ca/products/20923814/b3/en/front/20923814_front_a06_@2.png" srcset="https://assets.shop.loblaws.ca/products/20923814/b3/en/front/20923814_front_a06_@2.png 1x, https://assets.shop.loblaws.ca/products/20923814/b3/en/front/20923814_front_a06_@2.png 2x" loading="lazy" class="chakra-image css-oguq8l" aria-hidden="true"></div><div class="css-qoklea"><div class="css-12dchmx"></div><div data-testid="price-product-tile" class="css-8atqhb"><p class="chakra-text css-0"><span class="chakra-text css-pwnbcb" data-testid="regular-price"><span class="css-idkz9h">$13.49</span>$13.49</span></p></div><a href="/free-from-oven-roasted-turkey-club-pack/p/20923814_EA?source=nspt" class="chakra-linkbox__overlay css-1hnz6hu"><div class="css-0"><p class="chakra-text css-1ecdp9w" data-testid="product-brand">President's Choice</p><h3 class="chakra-heading css-6qrhwc" id="20923814_EA" data-testid="product-title">Free From Oven Roasted Turkey, Club Pack</h3><p class="chakra-text css-1yftjin" data-testid="product-package-size">375 g, $3.60/100g</p></div></a><div class="css-8keand"></div></div><div class="css-1q5omjq"><div class="css-fcebb8"><div data-testid="atc-compact" class="css-y94ivq" style="width: 45px;"><button type="button" class="chakra-button css-mudsm6" data-testid="atc-button"><svg stroke="currentColor" fill="currentColor" stroke-width="0" viewBox="0 0 24 24" focusable="false" class="chakra-icon css-1g3sp7a" data-testid="btn-icon" aria-hidden="true" height="1em" width="1em" xmlns="http://www.w3.org/2000/svg"><path d="M19 13h-6v6h-2v-6H5v-2h6V5h2v6h6v2z"></path></svg><span class="css-idkz9h">Add Free From Oven Roasted Turkey, Club Pack to cart</span></button></div></div></div></div></div></div><div class="css-0"><div class="css-f5i5wc"><div class="chakra-linkbox css-vhnn8v"><div data-testid="product-image" class="css-16dr4ly"><img alt="Pillers Hot &amp; Honey Pepperoni 375 g, $2.26/100g" src="https://assets.shop.loblaws.ca/products/21455286/b3/en/front/21455286_front_a06_@2.png" srcset="https://assets.shop.loblaws.ca/products/21455286/b3/en/front/21455286_front_a06_@2.png 1x, https://assets.shop.loblaws.ca/products/21455286/b3/en/front/21455286_front_a06_@2.png 2x" loading="lazy" class="chakra-image css-oguq8l" aria-hidden="true"></div><div class="css-qoklea"><div class="css-12dchmx"></div><div data-testid="price-product-tile" class="css-8atqhb"><p class="chakra-text css-0"><span class="chakra-text css-pwnbcb" data-testid="regular-price"><span class="css-idkz9h">$8.49</span>$8.49</span></p></div><a href="/hot-honey-pepperoni/p/21455286_EA?source=nspt" class="chakra-linkbox__overlay css-1hnz6hu"><div class="css-0"><p class="chakra-text css-1ecdp9w" data-testid="product-brand">Pillers</p><h3 class="chakra-heading css-6qrhwc" id="21455286_EA" data-testid="product-title">Hot &amp; Honey Pepperoni</h3><p class="chakra-text css-1yftjin" data-testid="product-package-size">375 g, $2.26/100g</p></div></a><div class="css-8keand"></div></div><div class="css-1q5omjq"><div class="css-fcebb8"><div data-testid="atc-compact" class="css-y94ivq" style="width: 45px;"><button type="button" class="chakra-button css-mudsm6" data-testid="atc-button"><svg stroke="currentColor" fill="currentColor" stroke-width="0" viewBox="0 0 24 24" focusable="false" class="chakra-icon css-1g3sp7a" data-testid="btn-icon" aria-hidden="true" height="1em" width="1em" xmlns="http://www.w3.org/2000/svg"><path d="M19 13h-6v6h-2v-6H5v-2h6V5h2v6h6v2z"></path></svg><span class="css-idkz9h">Add Hot &amp; Honey Pepperoni to cart</span></button></div></div></div></div></div></div><div class="css-0"><div class="css-f5i5wc"><div class="chakra-linkbox css-vhnn8v"><div data-testid="product-image" class="css-16dr4ly"><img alt="San Daniele Mortadella, Light 175 g, $25.66/1kg $2.57/100g" src="https://assets.shop.loblaws.ca/products/20577183/b3/en/front/20577183_front_a06_@2.png" srcset="https://assets.shop.loblaws.ca/products/20577183/b3/en/front/20577183_front_a06_@2.png 1x, https://assets.shop.loblaws.ca/products/20577183/b3/en/front/20577183_front_a06_@2.png 2x" loading="lazy" class="chakra-image css-oguq8l" aria-hidden="true"></div><div class="css-qoklea"><div class="css-12dchmx"></div><div data-testid="price-product-tile" class="css-8atqhb"><p class="chakra-text css-0"><span class="chakra-text css-pwnbcb" data-testid="regular-price"><span class="css-idkz9h">$4.49</span>$4.49</span></p></div><a href="/mortadella-light/p/20577183_EA?source=nspt" class="chakra-linkbox__overlay css-1hnz6hu"><div class="css-0"><p class="chakra-text css-1ecdp9w" data-testid="product-brand">San Daniele</p><h3 class="chakra-heading css-6qrhwc" id="20577183_EA" data-testid="product-title">Mortadella, Light</h3><p class="chakra-text css-1yftjin" data-testid="product-package-size">175 g, $25.66/1kg $2.57/100g</p></div></a><div class="css-8keand"></div></div><div class="css-1q5omjq"><div class="css-fcebb8"><div data-testid="atc-compact" class="css-y94ivq" style="width: 45px;"><button type="button" class="chakra-button css-mudsm6" data-testid="atc-button"><svg stroke="currentColor" fill="currentColor" stroke-width="0" viewBox="0 0 24 24" focusable="false" class="chakra-icon css-1g3sp7a" data-testid="btn-icon" aria-hidden="true" height="1em" width="1em" xmlns="http://www.w3.org/2000/svg"><path d="M19 13h-6v6h-2v-6H5v-2h6V5h2v6h6v2z"></path></svg><span class="css-idkz9h">Add Mortadella, Light to cart</span></button></div></div></div></div></div></div><div class="css-0"><div class="css-f5i5wc"><div class="chakra-linkbox css-vhnn8v"><div data-testid="product-image" class="css-16dr4ly"><img alt="President's Choice Free From Oven-Roasted Chicken Breast 175 g, $4.28/100g" src="https://assets.shop.loblaws.ca/products/21002684/b3/en/front/21002684_front_a06_@2.png" srcset="https://assets.shop.loblaws.ca/products/21002684/b3/en/front/21002684_front_a06_@2.png 1x, https://assets.shop.loblaws.ca/products/21002684/b3/en/front/21002684_front_a06_@2.png 2x" loading="lazy" class="chakra-image css-oguq8l" aria-hidden="true"></div><div class="css-qoklea"><div class="css-12dchmx"></div><div data-testid="price-product-tile" class="css-8atqhb"><p class="chakra-text css-0"><span class="chakra-text css-pwnbcb" data-testid="regular-price"><span class="css-idkz9h">$7.49</span>$7.49</span></p></div><a href="/free-from-oven-roasted-chicken-breast/p/21002684_EA?source=nspt" class="chakra-linkbox__overlay css-1hnz6hu"><div class="css-0"><p class="chakra-text css-1ecdp9w" data-testid="product-brand">President's Choice</p><h3 class="chakra-heading css-6qrhwc" id="21002684_EA" data-testid="product-title">Free From Oven-Roasted Chicken Breast</h3><p class="chakra-text css-1yftjin" data-testid="product-package-size">175 g, $4.28/100g</p></div></a><div class="css-8keand"></div></div><div class="css-1q5omjq"><div class="css-fcebb8"><div data-testid="atc-compact" class="css-y94ivq" style="width: 45px;"><button type="button" class="chakra-button css-mudsm6" data-testid="atc-button"><svg stroke="currentColor" fill="currentColor" stroke-width="0" viewBox="0 0 24 24" focusable="false" class="chakra-icon css-1g3sp7a" data-testid="btn-icon" aria-hidden="true" height="1em" width="1em" xmlns="http://www.w3.org/2000/svg"><path d="M19 13h-6v6h-2v-6H5v-2h6V5h2v6h6v2z"></path></svg><span class="css-idkz9h">Add Free From Oven-Roasted Chicken Breast to cart</span></button></div></div></div></div></div></div><div class="css-0"><div class="css-f5i5wc"><div class="chakra-linkbox css-vhnn8v"><div data-testid="product-image" class="css-16dr4ly"><img alt="Mastro Prosciutto Cotto 125 g, $35.92/1kg $3.59/100g" src="https://assets.shop.loblaws.ca/products/20576742/b3/en/front/20576742_front_a06_@2.png" srcset="https://assets.shop.loblaws.ca/products/20576742/b3/en/front/20576742_front_a06_@2.png 1x, https://assets.shop.loblaws.ca/products/20576742/b3/en/front/20576742_front_a06_@2.png 2x" loading="lazy" class="chakra-image css-oguq8l" aria-hidden="true"></div><div class="css-qoklea"><div class="css-12dchmx"></div><div data-testid="price-product-tile" class="css-8atqhb"><p class="chakra-text css-0"><span class="chakra-text css-pwnbcb" data-testid="regular-price"><span class="css-idkz9h">$4.49</span>$4.49</span></p></div><a href="/prosciutto-cotto/p/20576742_EA?source=nspt" class="chakra-linkbox__overlay css-1hnz6hu"><div class="css-0"><p class="chakra-text css-1ecdp9w" data-testid="product-brand">Mastro</p><h3 class="chakra-heading css-6qrhwc" id="20576742_EA" data-testid="product-title">Prosciutto Cotto</h3><p class="chakra-text css-1yftjin" data-testid="product-package-size">125 g, $35.92/1kg $3.59/100g</p></div></a><div class="css-8keand"></div></div><div class="css-1q5omjq"><div class="css-fcebb8"><div data-testid="atc-compact" class="css-y94ivq" style="width: 45px;"><button type="button" class="chakra-button css-mudsm6" data-testid="atc-button"><svg stroke="currentColor" fill="currentColor" stroke-width="0" viewBox="0 0 24 24" focusable="false" class="chakra-icon css-1g3sp7a" data-testid="btn-icon" aria-hidden="true" height="1em" width="1em" xmlns="http://www.w3.org/2000/svg"><path d="M19 13h-6v6h-2v-6H5v-2h6V5h2v6h6v2z"></path></svg><span class="css-idkz9h">Add Prosciutto Cotto to cart</span></button></div></div></div></div></div></div><div class="css-0"><div class="css-f5i5wc"><div class="chakra-linkbox css-vhnn8v"><div data-testid="product-image" class="css-16dr4ly"><img alt="Noah Martin Market Summer Sausage 600 g, $24.15/1kg $2.42/100g" src="https://assets.shop.loblaws.ca/products/20793336/b3/en/front/20793336_front_a06_@2.png" srcset="https://assets.shop.loblaws.ca/products/20793336/b3/en/front/20793336_front_a06_@2.png 1x, https://assets.shop.loblaws.ca/products/20793336/b3/en/front/20793336_front_a06_@2.png 2x" loading="lazy" class="chakra-image css-oguq8l" aria-hidden="true"></div><div class="css-qoklea"><div class="css-12dchmx"></div><div data-testid="price-product-tile" class="css-8atqhb"><p class="chakra-text css-0"><span class="chakra-text css-pwnbcb" data-testid="regular-price"><span class="css-idkz9h">$14.49</span>$14.49</span></p></div><a href="/market-summer-sausage/p/20793336_EA?source=nspt" class="chakra-linkbox__overlay css-1hnz6hu"><div class="css-0"><p class="chakra-text css-1ecdp9w" data-testid="product-brand">Noah Martin</p><h3 class="chakra-heading css-6qrhwc" id="20793336_EA" data-testid="product-title">Market Summer Sausage</h3><p class="chakra-text css-1yftjin" data-testid="product-package-size">600 g, $24.15/1kg $2.42/100g</p></div></a><div class="css-8keand"></div></div><div class="css-1q5omjq"><div class="css-fcebb8"><div data-testid="atc-compact" class="css-y94ivq" style="width: 45px;"><button type="button" class="chakra-button css-mudsm6" data-testid="atc-button"><svg stroke="currentColor" fill="currentColor" stroke-width="0" viewBox="0 0 24 24" focusable="false" class="chakra-icon css-1g3sp7a" data-testid="btn-icon" aria-hidden="true" height="1em" width="1em" xmlns="http://www.w3.org/2000/svg"><path d="M19 13h-6v6h-2v-6H5v-2h6V5h2v6h6v2z"></path></svg><span class="css-idkz9h">Add Market Summer Sausage to cart</span></button></div></div></div></div></div></div><div class="css-0"><div class="css-f5i5wc"><div class="chakra-linkbox css-vhnn8v"><div data-testid="product-image" class="css-16dr4ly"><img alt="Schneider Maple Smoked Ham Slices 175 g, $3.42/100g" src="https://assets.shop.loblaws.ca/products/21556968/b3/en/front/21556968_front_a06_@2.png" srcset="https://assets.shop.loblaws.ca/products/21556968/b3/en/front/21556968_front_a06_@2.png 1x, https://assets.shop.loblaws.ca/products/21556968/b3/en/front/21556968_front_a06_@2.png 2x" loading="lazy" class="chakra-image css-oguq8l" aria-hidden="true"></div><div class="css-qoklea"><div class="css-12dchmx"></div><div data-testid="price-product-tile" class="css-8atqhb"><p class="chakra-text css-0"><span class="chakra-text css-o93gbd" data-testid="sale-price"><span class="css-idkz9h">$5.99</span>$5.99</span><span class="chakra-text css-623q5h" data-testid="was-price"><span class="css-idkz9h">$7.49</span>$7.49</span></p><p class="chakra-text css-1m5a6y8" data-testid="price-descriptor">SAVE $1.50</p></div><a href="/maple-smoked-ham-slices/p/21556968_EA?source=nspt" class="chakra-linkbox__overlay css-1hnz6hu"><div class="css-0"><p class="chakra-text css-1ecdp9w" data-testid="product-brand">Schneider</p><h3 class="chakra-heading css-6qrhwc" id="21556968_EA" data-testid="product-title">Maple Smoked Ham Slices</h3><p class="chakra-text css-1yftjin" data-testid="product-package-size">175 g, $3.42/100g</p></div></a><div class="css-8keand"></div></div><div class="css-1q5omjq"><div class="css-fcebb8"><div data-testid="atc-compact" class="css-y94ivq" style="width: 45px;"><button type="button" class="chakra-button css-mudsm6" data-testid="atc-button"><svg stroke="currentColor" fill="currentColor" stroke-width="0" viewBox="0 0 24 24" focusable="false" class="chakra-icon css-1g3sp7a" data-testid="btn-icon" aria-hidden="true" height="1em" width="1em" xmlns="http://www.w3.org/2000/svg"><path d="M19 13h-6v6h-2v-6H5v-2h6V5h2v6h6v2z"></path></svg><span class="css-idkz9h">Add Maple Smoked Ham Slices to cart</span></button></div></div></div></div></div></div><div class="css-0"><div class="css-f5i5wc"><div class="chakra-linkbox css-vhnn8v"><div data-testid="product-image" class="css-16dr4ly"><img alt="Zabiha Halal Chicken Bologna 375 g, $10.64/1kg $1.06/100g" src="https://assets.shop.loblaws.ca/products/20088355/b3/en/front/20088355_front_a06_@2.png" srcset="https://assets.shop.loblaws.ca/products/20088355/b3/en/front/20088355_front_a06_@2.png 1x, https://assets.shop.loblaws.ca/products/20088355/b3/en/front/20088355_front_a06_@2.png 2x" loading="lazy" class="chakra-image css-oguq8l" aria-hidden="true"></div><div class="css-qoklea"><div class="css-12dchmx"></div><div data-testid="price-product-tile" class="css-8atqhb"><p class="chakra-text css-0"><span class="chakra-text css-pwnbcb" data-testid="regular-price"><span class="css-idkz9h">$3.99</span>$3.99</span></p></div><a href="/chicken-bologna/p/20088355_EA?source=nspt" class="chakra-linkbox__overlay css-1hnz6hu"><div class="css-0"><p class="chakra-text css-1ecdp9w" data-testid="product-brand">Zabiha Halal</p><h3 class="chakra-heading css-6qrhwc" id="20088355_EA" data-testid="product-title">Chicken Bologna</h3><p class="chakra-text css-1yftjin" data-testid="product-package-size">375 g, $10.64/1kg $1.06/100g</p></div></a><div class="css-8keand"></div></div><div class="css-1q5omjq"><div class="css-fcebb8"><div data-testid="atc-compact" class="css-y94ivq" style="width: 45px;"><button type="button" class="chakra-button css-mudsm6" data-testid="atc-button"><svg stroke="currentColor" fill="currentColor" stroke-width="0" viewBox="0 0 24 24" focusable="false" class="chakra-icon css-1g3sp7a" data-testid="btn-icon" aria-hidden="true" height="1em" width="1em" xmlns="http://www.w3.org/2000/svg"><path d="M19 13h-6v6h-2v-6H5v-2h6V5h2v6h6v2z"></path></svg><span class="css-idkz9h">Add Chicken Bologna to cart</span></button></div></div></div></div></div></div><div class="css-0"><div class="css-f5i5wc"><div class="chakra-linkbox css-vhnn8v"><div data-testid="product-image" class="css-16dr4ly"><img alt="Solmaz Halal Macon Chicken 375 g, $1.92/100g" src="https://assets.shop.loblaws.ca/products/21548105/b3/en/front/21548105_front_a06_@2.png" srcset="https://assets.shop.loblaws.ca/products/21548105/b3/en/front/21548105_front_a06_@2.png 1x, https://assets.shop.loblaws.ca/products/21548105/b3/en/front/21548105_front_a06_@2.png 2x" loading="lazy" class="chakra-image css-oguq8l" aria-hidden="true"></div><div class="css-qoklea"><div class="css-12dchmx"></div><div data-testid="price-product-tile" class="css-8atqhb"><p class="chakra-text css-0"><span class="chakra-text css-pwnbcb" data-testid="regular-price"><span class="css-idkz9h">$7.19</span>$7.19</span></p></div><a href="/halal-macon-chicken/p/21548105_EA?source=nspt" class="chakra-linkbox__overlay css-1hnz6hu"><div class="css-0"><p class="chakra-text css-1ecdp9w" data-testid="product-brand">Solmaz</p><h3 class="chakra-heading css-6qrhwc" id="21548105_EA" data-testid="product-title">Halal Macon Chicken</h3><p class="chakra-text css-1yftjin" data-testid="product-package-size">375 g, $1.92/100g</p></div></a><div class="css-8keand"></div></div><div class="css-1q5omjq"><div class="css-fcebb8"><div data-testid="atc-compact" class="css-y94ivq" style="width: 45px;"><button type="button" class="chakra-button css-mudsm6" data-testid="atc-button"><svg stroke="currentColor" fill="currentColor" stroke-width="0" viewBox="0 0 24 24" focusable="false" class="chakra-icon css-1g3sp7a" data-testid="btn-icon" aria-hidden="true" height="1em" width="1em" xmlns="http://www.w3.org/2000/svg"><path d="M19 13h-6v6h-2v-6H5v-2h6V5h2v6h6v2z"></path></svg><span class="css-idkz9h">Add Halal Macon Chicken to cart</span></button></div></div></div></div></div></div><div class="css-0"><div class="css-f5i5wc"><div class="chakra-linkbox css-vhnn8v"><div data-testid="product-image" class="css-16dr4ly"><img alt="One World Halal Roast Beef 175 g, $4.28/100g" src="https://assets.shop.loblaws.ca/products/21348959/b3/en/front/21348959_front_a06_@2.png" srcset="https://assets.shop.loblaws.ca/products/21348959/b3/en/front/21348959_front_a06_@2.png 1x, https://assets.shop.loblaws.ca/products/21348959/b3/en/front/21348959_front_a06_@2.png 2x" loading="lazy" class="chakra-image css-oguq8l" aria-hidden="true"></div><div class="css-qoklea"><div class="css-12dchmx"></div><div data-testid="price-product-tile" class="css-8atqhb"><p class="chakra-text css-0"><span class="chakra-text css-pwnbcb" data-testid="regular-price"><span class="css-idkz9h">$7.49</span>$7.49</span></p></div><a href="/roast-beef/p/21348959_EA?source=nspt" class="chakra-linkbox__overlay css-1hnz6hu"><div class="css-0"><p class="chakra-text css-1ecdp9w" data-testid="product-brand">One World Halal</p><h3 class="chakra-heading css-6qrhwc" id="21348959_EA" data-testid="product-title">Roast Beef</h3><p class="chakra-text css-1yftjin" data-testid="product-package-size">175 g, $4.28/100g</p></div></a><div class="css-8keand"></div></div><div class="css-1q5omjq"><div class="css-fcebb8"><div data-testid="atc-compact" class="css-y94ivq" style="width: 45px;"><button type="button" class="chakra-button css-mudsm6" data-testid="atc-button"><svg stroke="currentColor" fill="currentColor" stroke-width="0" viewBox="0 0 24 24" focusable="false" class="chakra-icon css-1g3sp7a" data-testid="btn-icon" aria-hidden="true" height="1em" width="1em" xmlns="http://www.w3.org/2000/svg"><path d="M19 13h-6v6h-2v-6H5v-2h6V5h2v6h6v2z"></path></svg><span class="css-idkz9h">Add Roast Beef to cart</span></button></div></div><div class="css-4saf4a"><p class="chakra-text css-py8788" data-testid="inventory-badge-text">Low Stock</p></div></div></div></div></div><div class="css-0"><div class="css-f5i5wc"><div class="chakra-linkbox css-vhnn8v"><div data-testid="product-image" class="css-16dr4ly"><img alt="Solmaz Halal Sojuk Mild 350 g, $4.26/100g" src="https://assets.shop.loblaws.ca/products/21542599/b3/en/front/21542599_front_a06_@2.png" srcset="https://assets.shop.loblaws.ca/products/21542599/b3/en/front/21542599_front_a06_@2.png 1x, https://assets.shop.loblaws.ca/products/21542599/b3/en/front/21542599_front_a06_@2.png 2x" loading="lazy" class="chakra-image css-oguq8l" aria-hidden="true"></div><div class="css-qoklea"><div class="css-12dchmx"></div><div data-testid="price-product-tile" class="css-8atqhb"><p class="chakra-text css-0"><span class="chakra-text css-pwnbcb" data-testid="regular-price"><span class="css-idkz9h">$14.90</span>$14.90</span></p></div><a href="/halal-sojuk-mild/p/21542599_EA?source=nspt" class="chakra-linkbox__overlay css-1hnz6hu"><div class="css-0"><p class="chakra-text css-1ecdp9w" data-testid="product-brand">Solmaz</p><h3 class="chakra-heading css-6qrhwc" id="21542599_EA" data-testid="product-title">Halal Sojuk Mild</h3><p class="chakra-text css-1yftjin" data-testid="product-package-size">350 g, $4.26/100g</p></div></a><div class="css-8keand"></div></div><div class="css-1q5omjq"><div class="css-fcebb8"><div data-testid="atc-compact" class="css-y94ivq" style="width: 45px;"><button type="button" class="chakra-button css-mudsm6" data-testid="atc-button"><svg stroke="currentColor" fill="currentColor" stroke-width="0" viewBox="0 0 24 24" focusable="false" class="chakra-icon css-1g3sp7a" data-testid="btn-icon" aria-hidden="true" height="1em" width="1em" xmlns="http://www.w3.org/2000/svg"><path d="M19 13h-6v6h-2v-6H5v-2h6V5h2v6h6v2z"></path></svg><span class="css-idkz9h">Add Halal Sojuk Mild to cart</span></button></div></div></div></div></div></div><div class="css-0"><div class="css-f5i5wc"><div class="chakra-linkbox css-vhnn8v"><div data-testid="product-image" class="css-16dr4ly"><img alt="Borges Beirao Chourico, Mild $19.90/1kg" src="https://assets.shop.loblaws.ca/products/20304959/b3/en/front/20304959_front_a06_@2.png" srcset="https://assets.shop.loblaws.ca/products/20304959/b3/en/front/20304959_front_a06_@2.png 1x, https://assets.shop.loblaws.ca/products/20304959/b3/en/front/20304959_front_a06_@2.png 2x" loading="lazy" class="chakra-image css-oguq8l" aria-hidden="true"></div><div class="css-qoklea"><div class="css-12dchmx"></div><div data-testid="price-product-tile" class="css-8atqhb"><p class="chakra-text css-0"><span class="chakra-text css-pwnbcb" data-testid="regular-price"><span class="css-idkz9h">$1.99</span>$1.99</span></p></div><a href="/beirao-chourico-mild/p/20304959_KG?source=nspt" class="chakra-linkbox__overlay css-1hnz6hu"><div class="css-0"><p class="chakra-text css-1ecdp9w" data-testid="product-brand">Borges</p><h3 class="chakra-heading css-6qrhwc" id="20304959_KG" data-testid="product-title">Beirao Chourico, Mild</h3><p class="chakra-text css-1yftjin" data-testid="product-package-size">$19.90/1kg</p></div></a><div class="css-8keand"></div></div><div class="css-1q5omjq"><div class="css-fcebb8"><div data-testid="atc-compact" class="css-y94ivq" style="width: 45px;"><button type="button" class="chakra-button css-mudsm6" data-testid="atc-button"><svg stroke="currentColor" fill="currentColor" stroke-width="0" viewBox="0 0 24 24" focusable="false" class="chakra-icon css-1g3sp7a" data-testid="btn-icon" aria-hidden="true" height="1em" width="1em" xmlns="http://www.w3.org/2000/svg"><path d="M19 13h-6v6h-2v-6H5v-2h6V5h2v6h6v2z"></path></svg><span class="css-idkz9h">Add Beirao Chourico, Mild to cart</span></button></div></div></div></div></div></div><div class="css-0"><div class="css-f5i5wc"><div class="chakra-linkbox css-vhnn8v"><div data-testid="product-image" class="css-16dr4ly"><img alt="Schneider Naturally Smoked Pepperoni Slim Stick 250 g, $39.96/1kg $4.00/100g" src="https://assets.shop.loblaws.ca/products/20035359/b3/en/front/20035359_front_a06_@2.png" srcset="https://assets.shop.loblaws.ca/products/20035359/b3/en/front/20035359_front_a06_@2.png 1x, https://assets.shop.loblaws.ca/products/20035359/b3/en/front/20035359_front_a06_@2.png 2x" loading="lazy" class="chakra-image css-oguq8l" aria-hidden="true"></div><div class="css-qoklea"><div class="css-12dchmx"></div><div data-testid="price-product-tile" class="css-8atqhb"><p class="chakra-text css-0"><span class="chakra-text css-pwnbcb" data-testid="regular-price"><span class="css-idkz9h">$9.99</span>$9.99</span></p></div><a href="/naturally-smoked-pepperoni-slim-stick/p/20035359_EA?source=nspt" class="chakra-linkbox__overlay css-1hnz6hu"><div class="css-0"><p class="chakra-text css-1ecdp9w" data-testid="product-brand">Schneider</p><h3 class="chakra-heading css-6qrhwc" id="20035359_EA" data-testid="product-title">Naturally Smoked Pepperoni Slim Stick</h3><p class="chakra-text css-1yftjin" data-testid="product-package-size">250 g, $39.96/1kg $4.00/100g</p></div></a><div class="css-8keand"></div></div><div class="css-1q5omjq"><div class="css-fcebb8"><div data-testid="atc-compact" class="css-y94ivq" style="width: 45px;"><button type="button" class="chakra-button css-mudsm6" data-testid="atc-button"><svg stroke="currentColor" fill="currentColor" stroke-width="0" viewBox="0 0 24 24" focusable="false" class="chakra-icon css-1g3sp7a" data-testid="btn-icon" aria-hidden="true" height="1em" width="1em" xmlns="http://www.w3.org/2000/svg"><path d="M19 13h-6v6h-2v-6H5v-2h6V5h2v6h6v2z"></path></svg><span class="css-idkz9h">Add Naturally Smoked Pepperoni Slim Stick to cart</span></button></div></div></div></div></div></div><div class="css-0"><div class="css-f5i5wc"><div class="chakra-linkbox css-vhnn8v"><div data-testid="product-image" class="css-16dr4ly"><img alt="Solmaz Halal Sausage Turkey 500 g, $2.10/100g" src="https://assets.shop.loblaws.ca/products/21548026/b3/en/front/21548026_front_a06_@2.png" srcset="https://assets.shop.loblaws.ca/products/21548026/b3/en/front/21548026_front_a06_@2.png 1x, https://assets.shop.loblaws.ca/products/21548026/b3/en/front/21548026_front_a06_@2.png 2x" loading="lazy" class="chakra-image css-oguq8l" aria-hidden="true"></div><div class="css-qoklea"><div class="css-12dchmx"></div><div data-testid="price-product-tile" class="css-8atqhb"><p class="chakra-text css-0"><span class="chakra-text css-pwnbcb" data-testid="regular-price"><span class="css-idkz9h">$10.49</span>$10.49</span></p></div><a href="/halal-sausage-turkey/p/21548026_EA?source=nspt" class="chakra-linkbox__overlay css-1hnz6hu"><div class="css-0"><p class="chakra-text css-1ecdp9w" data-testid="product-brand">Solmaz</p><h3 class="chakra-heading css-6qrhwc" id="21548026_EA" data-testid="product-title">Halal Sausage Turkey</h3><p class="chakra-text css-1yftjin" data-testid="product-package-size">500 g, $2.10/100g</p></div></a><div class="css-8keand"></div></div><div class="css-1q5omjq"><div class="css-fcebb8"><div data-testid="atc-compact" class="css-y94ivq" style="width: 45px;"><button type="button" class="chakra-button css-mudsm6" data-testid="atc-button"><svg stroke="currentColor" fill="currentColor" stroke-width="0" viewBox="0 0 24 24" focusable="false" class="chakra-icon css-1g3sp7a" data-testid="btn-icon" aria-hidden="true" height="1em" width="1em" xmlns="http://www.w3.org/2000/svg"><path d="M19 13h-6v6h-2v-6H5v-2h6V5h2v6h6v2z"></path></svg><span class="css-idkz9h">Add Halal Sausage Turkey to cart</span></button></div></div></div></div></div></div><div class="css-0"><div class="css-f5i5wc"><div class="chakra-linkbox css-vhnn8v"><div data-testid="product-image" class="css-16dr4ly"><img alt="Solmaz Halal Barbecue Sausage All Beef 500 g, $2.10/100g" src="https://assets.shop.loblaws.ca/products/21548031/b3/en/front/21548031_front_a06_@2.png" srcset="https://assets.shop.loblaws.ca/products/21548031/b3/en/front/21548031_front_a06_@2.png 1x, https://assets.shop.loblaws.ca/products/21548031/b3/en/front/21548031_front_a06_@2.png 2x" loading="lazy" class="chakra-image css-oguq8l" aria-hidden="true"></div><div class="css-qoklea"><div class="css-12dchmx"></div><div data-testid="price-product-tile" class="css-8atqhb"><p class="chakra-text css-0"><span class="chakra-text css-pwnbcb" data-testid="regular-price"><span class="css-idkz9h">$10.49</span>$10.49</span></p></div><a href="/halal-barbecue-sausage-all-beef/p/21548031_EA?source=nspt" class="chakra-linkbox__overlay css-1hnz6hu"><div class="css-0"><p class="chakra-text css-1ecdp9w" data-testid="product-brand">Solmaz</p><h3 class="chakra-heading css-6qrhwc" id="21548031_EA" data-testid="product-title">Halal Barbecue Sausage All Beef</h3><p class="chakra-text css-1yftjin" data-testid="product-package-size">500 g, $2.10/100g</p></div></a><div class="css-8keand"></div></div><div class="css-1q5omjq"><div class="css-fcebb8"><div data-testid="atc-compact" class="css-y94ivq" style="width: 45px;"><button type="button" class="chakra-button css-mudsm6" data-testid="atc-button"><svg stroke="currentColor" fill="currentColor" stroke-width="0" viewBox="0 0 24 24" focusable="false" class="chakra-icon css-1g3sp7a" data-testid="btn-icon" aria-hidden="true" height="1em" width="1em" xmlns="http://www.w3.org/2000/svg"><path d="M19 13h-6v6h-2v-6H5v-2h6V5h2v6h6v2z"></path></svg><span class="css-idkz9h">Add Halal Barbecue Sausage All Beef to cart</span></button></div></div></div></div></div></div><div class="css-0"><div class="css-f5i5wc"><div class="chakra-linkbox css-vhnn8v"><div data-testid="product-image" class="css-16dr4ly"><img alt="Marcangelo Parma Dry Cured Artisanal Salame 225 g, $4.44/100g" src="https://assets.shop.loblaws.ca/products/21337522/b3/en/front/21337522_front_a06_@2.png" srcset="https://assets.shop.loblaws.ca/products/21337522/b3/en/front/21337522_front_a06_@2.png 1x, https://assets.shop.loblaws.ca/products/21337522/b3/en/front/21337522_front_a06_@2.png 2x" loading="lazy" class="chakra-image css-oguq8l" aria-hidden="true"></div><div class="css-qoklea"><div class="css-12dchmx"></div><div data-testid="price-product-tile" class="css-8atqhb"><p class="chakra-text css-0"><span class="chakra-text css-pwnbcb" data-testid="regular-price"><span class="css-idkz9h">$9.99</span>$9.99</span></p></div><a href="/parma-dry-cured-artisanal-salame/p/21337522_EA?source=nspt" class="chakra-linkbox__overlay css-1hnz6hu"><div class="css-0"><p class="chakra-text css-1ecdp9w" data-testid="product-brand">Marcangelo</p><h3 class="chakra-heading css-6qrhwc" id="21337522_EA" data-testid="product-title">Parma Dry Cured Artisanal Salame</h3><p class="chakra-text css-1yftjin" data-testid="product-package-size">225 g, $4.44/100g</p></div></a><div class="css-8keand"></div></div><div class="css-1q5omjq"><div class="css-fcebb8"><div data-testid="atc-compact" class="css-y94ivq" style="width: 45px;"><button type="button" class="chakra-button css-mudsm6" data-testid="atc-button"><svg stroke="currentColor" fill="currentColor" stroke-width="0" viewBox="0 0 24 24" focusable="false" class="chakra-icon css-1g3sp7a" data-testid="btn-icon" aria-hidden="true" height="1em" width="1em" xmlns="http://www.w3.org/2000/svg"><path d="M19 13h-6v6h-2v-6H5v-2h6V5h2v6h6v2z"></path></svg><span class="css-idkz9h">Add Parma Dry Cured Artisanal Salame to cart</span></button></div></div></div></div></div></div><div class="css-0"><div class="css-f5i5wc"><div class="chakra-linkbox css-vhnn8v"><div data-testid="product-image" class="css-16dr4ly"><img alt="Brandt Liver Sausage Chub 250 g, $1.80/100g" src="https://assets.shop.loblaws.ca/products/20034492/b3/en/front/20034492_front_a06_@2.png" srcset="https://assets.shop.loblaws.ca/products/20034492/b3/en/front/20034492_front_a06_@2.png 1x, https://assets.shop.loblaws.ca/products/20034492/b3/en/front/20034492_front_a06_@2.png 2x" loading="lazy" class="chakra-image css-oguq8l" aria-hidden="true"></div><div class="css-qoklea"><div class="css-12dchmx"></div><div data-testid="price-product-tile" class="css-8atqhb"><p class="chakra-text css-0"><span class="chakra-text css-pwnbcb" data-testid="regular-price"><span class="css-idkz9h">$4.49</span>$4.49</span></p></div><a href="/liver-sausage-chub/p/20034492_EA?source=nspt" class="chakra-linkbox__overlay css-1hnz6hu"><div class="css-0"><p class="chakra-text css-1ecdp9w" data-testid="product-brand">Brandt</p><h3 class="chakra-heading css-6qrhwc" id="20034492_EA" data-testid="product-title">Liver Sausage Chub</h3><p class="chakra-text css-1yftjin" data-testid="product-package-size">250 g, $1.80/100g</p></div></a><div class="css-8keand"></div></div><div class="css-1q5omjq"><div class="css-fcebb8"><div data-testid="atc-compact" class="css-y94ivq" style="width: 45px;"><button type="button" class="chakra-button css-mudsm6" data-testid="atc-button"><svg stroke="currentColor" fill="currentColor" stroke-width="0" viewBox="0 0 24 24" focusable="false" class="chakra-icon css-1g3sp7a" data-testid="btn-icon" aria-hidden="true" height="1em" width="1em" xmlns="http://www.w3.org/2000/svg"><path d="M19 13h-6v6h-2v-6H5v-2h6V5h2v6h6v2z"></path></svg><span class="css-idkz9h">Add Liver Sausage Chub to cart</span></button></div></div></div></div></div></div><div class="css-0"><div class="css-f5i5wc"><div class="chakra-linkbox css-vhnn8v"><div data-testid="product-image" class="css-16dr4ly"><img alt="Mastro Charcuterie, Gran Piatto 200 g, $5.25/100g" src="https://assets.shop.loblaws.ca/products/21554465/b3/en/front/21554465_front_a06_@2.png" srcset="https://assets.shop.loblaws.ca/products/21554465/b3/en/front/21554465_front_a06_@2.png 1x, https://assets.shop.loblaws.ca/products/21554465/b3/en/front/21554465_front_a06_@2.png 2x" loading="lazy" class="chakra-image css-oguq8l" aria-hidden="true"></div><div class="css-qoklea"><div class="css-12dchmx"></div><div data-testid="price-product-tile" class="css-8atqhb"><p class="chakra-text css-0"><span class="chakra-text css-pwnbcb" data-testid="regular-price"><span class="css-idkz9h">$10.49</span>$10.49</span></p></div><a href="/charcuterie-gran-piatto/p/21554465_EA?source=nspt" class="chakra-linkbox__overlay css-1hnz6hu"><div class="css-0"><p class="chakra-text css-1ecdp9w" data-testid="product-brand">Mastro</p><h3 class="chakra-heading css-6qrhwc" id="21554465_EA" data-testid="product-title">Charcuterie, Gran Piatto</h3><p class="chakra-text css-1yftjin" data-testid="product-package-size">200 g, $5.25/100g</p></div></a><div class="css-8keand"></div></div><div class="css-1q5omjq"><div class="css-fcebb8"><div data-testid="atc-compact" class="css-y94ivq" style="width: 45px;"><button type="button" class="chakra-button css-mudsm6" data-testid="atc-button"><svg stroke="currentColor" fill="currentColor" stroke-width="0" viewBox="0 0 24 24" focusable="false" class="chakra-icon css-1g3sp7a" data-testid="btn-icon" aria-hidden="true" height="1em" width="1em" xmlns="http://www.w3.org/2000/svg"><path d="M19 13h-6v6h-2v-6H5v-2h6V5h2v6h6v2z"></path></svg><span class="css-idkz9h">Add Charcuterie, Gran Piatto to cart</span></button></div></div><div class="css-4saf4a"><p class="chakra-text css-py8788" data-testid="inventory-badge-text">Low Stock</p></div></div></div></div></div><div class="css-0"><div class="css-f5i5wc"><div class="chakra-linkbox css-vhnn8v"><div data-testid="product-image" class="css-16dr4ly"><img alt="Marcangelo Mortadella Bologna 125 g, $3.19/100g" src="https://assets.shop.loblaws.ca/products/21383148/b3/en/front/21383148_front_a06_@2.png" srcset="https://assets.shop.loblaws.ca/products/21383148/b3/en/front/21383148_front_a06_@2.png 1x, https://assets.shop.loblaws.ca/products/21383148/b3/en/front/21383148_front_a06_@2.png 2x" loading="lazy" class="chakra-image css-oguq8l" aria-hidden="true"></div><div class="css-qoklea"><div class="css-12dchmx"></div><div data-testid="price-product-tile" class="css-8atqhb"><p class="chakra-text css-0"><span class="chakra-text css-o93gbd" data-testid="sale-price"><span class="css-idkz9h">$3.99</span>$3.99</span><span class="chakra-text css-623q5h" data-testid="was-price"><span class="css-idkz9h">$4.49</span>$4.49</span></p><p class="chakra-text css-1m5a6y8" data-testid="price-descriptor">SAVE $0.50</p></div><a href="/mortadella-bologna/p/21383148_EA?source=nspt" class="chakra-linkbox__overlay css-1hnz6hu"><div class="css-0"><p class="chakra-text css-1ecdp9w" data-testid="product-brand">Marcangelo</p><h3 class="chakra-heading css-6qrhwc" id="21383148_EA" data-testid="product-title">Mortadella Bologna</h3><p class="chakra-text css-1yftjin" data-testid="product-package-size">125 g, $3.19/100g</p></div></a><div class="css-8keand"></div></div><div class="css-1q5omjq"><div class="css-fcebb8"><div data-testid="atc-compact" class="css-y94ivq" style="width: 45px;"><button type="button" class="chakra-button css-mudsm6" data-testid="atc-button"><svg stroke="currentColor" fill="currentColor" stroke-width="0" viewBox="0 0 24 24" focusable="false" class="chakra-icon css-1g3sp7a" data-testid="btn-icon" aria-hidden="true" height="1em" width="1em" xmlns="http://www.w3.org/2000/svg"><path d="M19 13h-6v6h-2v-6H5v-2h6V5h2v6h6v2z"></path></svg><span class="css-idkz9h">Add Mortadella Bologna to cart</span></button></div></div></div></div></div></div><div class="css-0"><div class="css-f5i5wc"><div class="chakra-linkbox css-vhnn8v"><div data-testid="product-image" class="css-16dr4ly"><img alt="Borges Chourico Sausage, Hot $19.90/1kg" src="https://assets.shop.loblaws.ca/products/20308190/b3/en/front/20308190_front_a06_@2.png" srcset="https://assets.shop.loblaws.ca/products/20308190/b3/en/front/20308190_front_a06_@2.png 1x, https://assets.shop.loblaws.ca/products/20308190/b3/en/front/20308190_front_a06_@2.png 2x" loading="lazy" class="chakra-image css-oguq8l" aria-hidden="true"></div><div class="css-qoklea"><div class="css-12dchmx"></div><div data-testid="price-product-tile" class="css-8atqhb"><p class="chakra-text css-0"><span class="chakra-text css-pwnbcb" data-testid="regular-price"><span class="css-idkz9h">$1.99</span>$1.99</span></p></div><a href="/chourico-sausage-hot/p/20308190_KG?source=nspt" class="chakra-linkbox__overlay css-1hnz6hu"><div class="css-0"><p class="chakra-text css-1ecdp9w" data-testid="product-brand">Borges</p><h3 class="chakra-heading css-6qrhwc" id="20308190_KG" data-testid="product-title">Chourico Sausage, Hot</h3><p class="chakra-text css-1yftjin" data-testid="product-package-size">$19.90/1kg</p></div></a><div class="css-8keand"></div></div><div class="css-1q5omjq"><div class="css-fcebb8"><div data-testid="atc-compact" class="css-y94ivq" style="width: 45px;"><button type="button" class="chakra-button css-mudsm6" data-testid="atc-button"><svg stroke="currentColor" fill="currentColor" stroke-width="0" viewBox="0 0 24 24" focusable="false" class="chakra-icon css-1g3sp7a" data-testid="btn-icon" aria-hidden="true" height="1em" width="1em" xmlns="http://www.w3.org/2000/svg"><path d="M19 13h-6v6h-2v-6H5v-2h6V5h2v6h6v2z"></path></svg><span class="css-idkz9h">Add Chourico Sausage, Hot to cart</span></button></div></div></div></div></div></div><div class="css-0"><div class="css-f5i5wc"><div class="chakra-linkbox css-vhnn8v"><div data-testid="product-image" class="css-16dr4ly"><img alt="Mastro Cooked Italian Meat Trio 250 g, $4.00/100g" src="https://assets.shop.loblaws.ca/products/21064064/b3/en/front/21064064_front_a06_@2.png" srcset="https://assets.shop.loblaws.ca/products/21064064/b3/en/front/21064064_front_a06_@2.png 1x, https://assets.shop.loblaws.ca/products/21064064/b3/en/front/21064064_front_a06_@2.png 2x" loading="lazy" class="chakra-image css-oguq8l" aria-hidden="true"></div><div class="css-qoklea"><div class="css-12dchmx"></div><div data-testid="price-product-tile" class="css-8atqhb"><p class="chakra-text css-0"><span class="chakra-text css-pwnbcb" data-testid="regular-price"><span class="css-idkz9h">$9.99</span>$9.99</span></p></div><a href="/cooked-italian-meat-trio/p/21064064_EA?source=nspt" class="chakra-linkbox__overlay css-1hnz6hu"><div class="css-0"><p class="chakra-text css-1ecdp9w" data-testid="product-brand">Mastro</p><h3 class="chakra-heading css-6qrhwc" id="21064064_EA" data-testid="product-title">Cooked Italian Meat Trio</h3><p class="chakra-text css-1yftjin" data-testid="product-package-size">250 g, $4.00/100g</p></div></a><div class="css-8keand"></div></div><div class="css-1q5omjq"><div class="css-fcebb8"><div data-testid="atc-compact" class="css-y94ivq" style="width: 45px;"><button type="button" class="chakra-button css-mudsm6" data-testid="atc-button"><svg stroke="currentColor" fill="currentColor" stroke-width="0" viewBox="0 0 24 24" focusable="false" class="chakra-icon css-1g3sp7a" data-testid="btn-icon" aria-hidden="true" height="1em" width="1em" xmlns="http://www.w3.org/2000/svg"><path d="M19 13h-6v6h-2v-6H5v-2h6V5h2v6h6v2z"></path></svg><span class="css-idkz9h">Add Cooked Italian Meat Trio to cart</span></button></div></div></div></div></div></div><div class="css-0"><div class="css-f5i5wc"><div class="chakra-linkbox css-vhnn8v"><div data-testid="product-image" class="css-16dr4ly"><img alt="President's Choice Natural Choice Mild Spanish-Style Chorizo Semi-Dry Cured Sausage 250 g, $4.00/100g" src="https://assets.shop.loblaws.ca/products/20938085/b3/en/front/20938085_front_a06_@2.png" srcset="https://assets.shop.loblaws.ca/products/20938085/b3/en/front/20938085_front_a06_@2.png 1x, https://assets.shop.loblaws.ca/products/20938085/b3/en/front/20938085_front_a06_@2.png 2x" loading="lazy" class="chakra-image css-oguq8l" aria-hidden="true"></div><div class="css-qoklea"><div class="css-12dchmx"></div><div data-testid="price-product-tile" class="css-8atqhb"><p class="chakra-text css-0"><span class="chakra-text css-pwnbcb" data-testid="regular-price"><span class="css-idkz9h">$9.99</span>$9.99</span></p></div><a href="/natural-choice-mild-spanish-style-chorizo-semi-dry/p/20938085_EA?source=nspt" class="chakra-linkbox__overlay css-1hnz6hu"><div class="css-0"><p class="chakra-text css-1ecdp9w" data-testid="product-brand">President's Choice</p><h3 class="chakra-heading css-6qrhwc" id="20938085_EA" data-testid="product-title">Natural Choice Mild Spanish-Style Chorizo Semi-Dry Cured Sausage</h3><p class="chakra-text css-1yftjin" data-testid="product-package-size">250 g, $4.00/100g</p></div></a><div class="css-8keand"></div></div><div class="css-1q5omjq"><div class="css-fcebb8"><div data-testid="atc-compact" class="css-y94ivq" style="width: 45px;"><button type="button" class="chakra-button css-mudsm6" data-testid="atc-button"><svg stroke="currentColor" fill="currentColor" stroke-width="0" viewBox="0 0 24 24" focusable="false" class="chakra-icon css-1g3sp7a" data-testid="btn-icon" aria-hidden="true" height="1em" width="1em" xmlns="http://www.w3.org/2000/svg"><path d="M19 13h-6v6h-2v-6H5v-2h6V5h2v6h6v2z"></path></svg><span class="css-idkz9h">Add Natural Choice Mild Spanish-Style Chorizo Semi-Dry Cured Sausage to cart</span></button></div></div></div></div></div></div><div class="css-0"><div class="css-f5i5wc"><div class="chakra-linkbox css-vhnn8v"><div data-testid="product-image" class="css-16dr4ly"><img alt="Pillers Hungarian Salami 150 g, $3.33/100g" src="https://assets.shop.loblaws.ca/products/21206939/b3/en/front/21206939_front_a06_@2.png" srcset="https://assets.shop.loblaws.ca/products/21206939/b3/en/front/21206939_front_a06_@2.png 1x, https://assets.shop.loblaws.ca/products/21206939/b3/en/front/21206939_front_a06_@2.png 2x" loading="lazy" class="chakra-image css-oguq8l" aria-hidden="true"></div><div class="css-qoklea"><div class="css-12dchmx"></div><div data-testid="price-product-tile" class="css-8atqhb"><p class="chakra-text css-0"><span class="chakra-text css-pwnbcb" data-testid="regular-price"><span class="css-idkz9h">$5.00</span>$5.00</span></p></div><a href="/hungarian-salami/p/21206939_EA?source=nspt" class="chakra-linkbox__overlay css-1hnz6hu"><div class="css-0"><p class="chakra-text css-1ecdp9w" data-testid="product-brand">Pillers</p><h3 class="chakra-heading css-6qrhwc" id="21206939_EA" data-testid="product-title">Hungarian Salami</h3><p class="chakra-text css-1yftjin" data-testid="product-package-size">150 g, $3.33/100g</p></div></a><div class="css-8keand"></div></div><div class="css-1q5omjq"><div class="css-fcebb8"><div data-testid="atc-compact" class="css-y94ivq" style="width: 45px;"><button type="button" class="chakra-button css-mudsm6" data-testid="atc-button"><svg stroke="currentColor" fill="currentColor" stroke-width="0" viewBox="0 0 24 24" focusable="false" class="chakra-icon css-1g3sp7a" data-testid="btn-icon" aria-hidden="true" height="1em" width="1em" xmlns="http://www.w3.org/2000/svg"><path d="M19 13h-6v6h-2v-6H5v-2h6V5h2v6h6v2z"></path></svg><span class="css-idkz9h">Add Hungarian Salami to cart</span></button></div></div></div></div></div></div><div class="css-0"><div class="css-f5i5wc"><div class="chakra-linkbox css-vhnn8v"><div data-testid="product-image" class="css-16dr4ly"><img alt="Freybe Lyoner Sausage 1 kg, $1,849.00/100kg" src="https://assets.shop.loblaws.ca/products/20097889/b3/en/front/20097889_front_a06_@2.png" srcset="https://assets.shop.loblaws.ca/products/20097889/b3/en/front/20097889_front_a06_@2.png 1x, https://assets.shop.loblaws.ca/products/20097889/b3/en/front/20097889_front_a06_@2.png 2x" loading="lazy" class="chakra-image css-oguq8l" aria-hidden="true"></div><div class="css-qoklea"><div class="css-12dchmx"></div><div data-testid="price-product-tile" class="css-8atqhb"><p class="chakra-text css-0"><span class="chakra-text css-pwnbcb" data-testid="regular-price"><span class="css-idkz9h">$18.49</span>$18.49</span></p></div><a href="/lyoner-sausage/p/20097889_EA?source=nspt" class="chakra-linkbox__overlay css-1hnz6hu"><div class="css-0"><p class="chakra-text css-1ecdp9w" data-testid="product-brand">Freybe</p><h3 class="chakra-heading css-6qrhwc" id="20097889_EA" data-testid="product-title">Lyoner Sausage</h3><p class="chakra-text css-1yftjin" data-testid="product-package-size">1 kg, $1,849.00/100kg</p></div></a><div class="css-8keand"></div></div><div class="css-1q5omjq"><div class="css-fcebb8"><div data-testid="atc-compact" class="css-y94ivq" style="width: 45px;"><button type="button" class="chakra-button css-mudsm6" data-testid="atc-button"><svg stroke="currentColor" fill="currentColor" stroke-width="0" viewBox="0 0 24 24" focusable="false" class="chakra-icon css-1g3sp7a" data-testid="btn-icon" aria-hidden="true" height="1em" width="1em" xmlns="http://www.w3.org/2000/svg"><path d="M19 13h-6v6h-2v-6H5v-2h6V5h2v6h6v2z"></path></svg><span class="css-idkz9h">Add Lyoner Sausage to cart</span></button></div></div></div></div></div></div><div class="css-0"><div class="css-f5i5wc"><div class="chakra-linkbox css-vhnn8v"><div data-testid="product-image" class="css-16dr4ly"><img alt="Marcangelo Pepperoni, Pizza Cut 175 g, $34.23/1kg $3.42/100g" src="https://assets.shop.loblaws.ca/products/20832437/b3/en/front/20832437_front_a06_@2.png" srcset="https://assets.shop.loblaws.ca/products/20832437/b3/en/front/20832437_front_a06_@2.png 1x, https://assets.shop.loblaws.ca/products/20832437/b3/en/front/20832437_front_a06_@2.png 2x" loading="lazy" class="chakra-image css-oguq8l" aria-hidden="true"></div><div class="css-qoklea"><div class="css-12dchmx"></div><div data-testid="price-product-tile" class="css-8atqhb"><p class="chakra-text css-0"><span class="chakra-text css-o93gbd" data-testid="sale-price"><span class="css-idkz9h">$5.99</span>$5.99</span><span class="chakra-text css-623q5h" data-testid="was-price"><span class="css-idkz9h">$6.49</span>$6.49</span></p><p class="chakra-text css-1m5a6y8" data-testid="price-descriptor">SAVE $0.50</p></div><a href="/pepperoni-pizza-cut/p/20832437_EA?source=nspt" class="chakra-linkbox__overlay css-1hnz6hu"><div class="css-0"><p class="chakra-text css-1ecdp9w" data-testid="product-brand">Marcangelo</p><h3 class="chakra-heading css-6qrhwc" id="20832437_EA" data-testid="product-title">Pepperoni, Pizza Cut</h3><p class="chakra-text css-1yftjin" data-testid="product-package-size">175 g, $34.23/1kg $3.42/100g</p></div></a><div class="css-8keand"></div></div><div class="css-1q5omjq"><div class="css-fcebb8"><div data-testid="atc-compact" class="css-y94ivq" style="width: 45px;"><button type="button" class="chakra-button css-mudsm6" data-testid="atc-button"><svg stroke="currentColor" fill="currentColor" stroke-width="0" viewBox="0 0 24 24" focusable="false" class="chakra-icon css-1g3sp7a" data-testid="btn-icon" aria-hidden="true" height="1em" width="1em" xmlns="http://www.w3.org/2000/svg"><path d="M19 13h-6v6h-2v-6H5v-2h6V5h2v6h6v2z"></path></svg><span class="css-idkz9h">Add Pepperoni, Pizza Cut to cart</span></button></div></div></div></div></div></div><div class="css-0"><div class="css-f5i5wc"><div class="chakra-linkbox css-vhnn8v"><div data-testid="product-image" class="css-16dr4ly"><img alt="Borges Sweet Chourico Sausage $19.90/1kg" src="https://assets.shop.loblaws.ca/products/20305950/b3/en/front/20305950_front_a06_@2.png" srcset="https://assets.shop.loblaws.ca/products/20305950/b3/en/front/20305950_front_a06_@2.png 1x, https://assets.shop.loblaws.ca/products/20305950/b3/en/front/20305950_front_a06_@2.png 2x" loading="lazy" class="chakra-image css-oguq8l" aria-hidden="true"></div><div class="css-qoklea"><div class="css-12dchmx"></div><div data-testid="price-product-tile" class="css-8atqhb"><p class="chakra-text css-0"><span class="chakra-text css-pwnbcb" data-testid="regular-price"><span class="css-idkz9h">$1.99</span>$1.99</span></p></div><a href="/sweet-chourico-sausage/p/20305950_KG?source=nspt" class="chakra-linkbox__overlay css-1hnz6hu"><div class="css-0"><p class="chakra-text css-1ecdp9w" data-testid="product-brand">Borges</p><h3 class="chakra-heading css-6qrhwc" id="20305950_KG" data-testid="product-title">Sweet Chourico Sausage</h3><p class="chakra-text css-1yftjin" data-testid="product-package-size">$19.90/1kg</p></div></a><div class="css-8keand"></div></div><div class="css-1q5omjq"><div class="css-fcebb8"><div data-testid="atc-compact" class="css-y94ivq" style="width: 45px;"><button type="button" class="chakra-button css-mudsm6" data-testid="atc-button"><svg stroke="currentColor" fill="currentColor" stroke-width="0" viewBox="0 0 24 24" focusable="false" class="chakra-icon css-1g3sp7a" data-testid="btn-icon" aria-hidden="true" height="1em" width="1em" xmlns="http://www.w3.org/2000/svg"><path d="M19 13h-6v6h-2v-6H5v-2h6V5h2v6h6v2z"></path></svg><span class="css-idkz9h">Add Sweet Chourico Sausage to cart</span></button></div></div></div></div></div></div><div class="css-0"><div class="css-f5i5wc"><div class="chakra-linkbox css-vhnn8v"><div data-testid="product-image" class="css-16dr4ly"><img alt="Pillers Tandoori Chicken Breast Cooked 200 g, $2.50/100g" src="https://assets.shop.loblaws.ca/products/21568323/b3/en/front/21568323_front_a06_@2.png" srcset="https://assets.shop.loblaws.ca/products/21568323/b3/en/front/21568323_front_a06_@2.png 1x, https://assets.shop.loblaws.ca/products/21568323/b3/en/front/21568323_front_a06_@2.png 2x" loading="lazy" class="chakra-image css-oguq8l" aria-hidden="true"></div><div class="css-qoklea"><div class="css-12dchmx"></div><div data-testid="price-product-tile" class="css-8atqhb"><p class="chakra-text css-0"><span class="chakra-text css-pwnbcb" data-testid="regular-price"><span class="css-idkz9h">$5.00</span>$5.00</span></p></div><a href="/tandoori-chicken-breast-cooked/p/21568323_EA?source=nspt" class="chakra-linkbox__overlay css-1hnz6hu"><div class="css-0"><p class="chakra-text css-1ecdp9w" data-testid="product-brand">Pillers</p><h3 class="chakra-heading css-6qrhwc" id="21568323_EA" data-testid="product-title">Tandoori Chicken Breast Cooked</h3><p class="chakra-text css-1yftjin" data-testid="product-package-size">200 g, $2.50/100g</p></div></a><div class="css-8keand"></div></div><div class="css-1q5omjq"><div class="css-fcebb8"><div data-testid="atc-compact" class="css-y94ivq" style="width: 45px;"><button type="button" class="chakra-button css-mudsm6" data-testid="atc-button"><svg stroke="currentColor" fill="currentColor" stroke-width="0" viewBox="0 0 24 24" focusable="false" class="chakra-icon css-1g3sp7a" data-testid="btn-icon" aria-hidden="true" height="1em" width="1em" xmlns="http://www.w3.org/2000/svg"><path d="M19 13h-6v6h-2v-6H5v-2h6V5h2v6h6v2z"></path></svg><span class="css-idkz9h">Add Tandoori Chicken Breast Cooked to cart</span></button></div></div></div></div></div></div><div class="css-0"><div class="css-f5i5wc"><div class="chakra-linkbox css-vhnn8v"><div data-testid="product-image" class="css-16dr4ly"><img alt="One World Halal Chubbs- Hot Salami 375 g, $2.00/100g" src="https://assets.shop.loblaws.ca/products/21348324/b3/en/front/21348324_front_a06_@2.png" srcset="https://assets.shop.loblaws.ca/products/21348324/b3/en/front/21348324_front_a06_@2.png 1x, https://assets.shop.loblaws.ca/products/21348324/b3/en/front/21348324_front_a06_@2.png 2x" loading="lazy" class="chakra-image css-oguq8l" aria-hidden="true"></div><div class="css-qoklea"><div class="css-12dchmx"></div><div data-testid="price-product-tile" class="css-8atqhb"><p class="chakra-text css-0"><span class="chakra-text css-pwnbcb" data-testid="regular-price"><span class="css-idkz9h">$7.49</span>$7.49</span></p></div><a href="/chubbs-hot-salami/p/21348324_EA?source=nspt" class="chakra-linkbox__overlay css-1hnz6hu"><div class="css-0"><p class="chakra-text css-1ecdp9w" data-testid="product-brand">One World Halal</p><h3 class="chakra-heading css-6qrhwc" id="21348324_EA" data-testid="product-title">Chubbs- Hot Salami</h3><p class="chakra-text css-1yftjin" data-testid="product-package-size">375 g, $2.00/100g</p></div></a><div class="css-8keand"></div></div><div class="css-1q5omjq"><div class="css-fcebb8"><div data-testid="atc-compact" class="css-y94ivq" style="width: 45px;"><button type="button" class="chakra-button css-mudsm6" data-testid="atc-button"><svg stroke="currentColor" fill="currentColor" stroke-width="0" viewBox="0 0 24 24" focusable="false" class="chakra-icon css-1g3sp7a" data-testid="btn-icon" aria-hidden="true" height="1em" width="1em" xmlns="http://www.w3.org/2000/svg"><path d="M19 13h-6v6h-2v-6H5v-2h6V5h2v6h6v2z"></path></svg><span class="css-idkz9h">Add Chubbs- Hot Salami to cart</span></button></div></div></div></div></div></div><div class="css-0"><div class="css-f5i5wc"><div class="chakra-linkbox css-vhnn8v"><div data-testid="product-image" class="css-16dr4ly"><img alt="Carl Buddig Black Forest Ham 55 g, $36.18/1kg $3.62/100g" src="https://assets.shop.loblaws.ca/products/20762169/b3/en/front/20762169_front_a06_@2.png" srcset="https://assets.shop.loblaws.ca/products/20762169/b3/en/front/20762169_front_a06_@2.png 1x, https://assets.shop.loblaws.ca/products/20762169/b3/en/front/20762169_front_a06_@2.png 2x" loading="lazy" class="chakra-image css-oguq8l" aria-hidden="true"></div><div class="css-qoklea"><div class="css-12dchmx"></div><div data-testid="price-product-tile" class="css-8atqhb"><p class="chakra-text css-0"><span class="chakra-text css-pwnbcb" data-testid="regular-price"><span class="css-idkz9h">$1.99</span>$1.99</span></p></div><a href="/black-forest-ham/p/20762169_EA?source=nspt" class="chakra-linkbox__overlay css-1hnz6hu"><div class="css-0"><p class="chakra-text css-1ecdp9w" data-testid="product-brand">Carl Buddig</p><h3 class="chakra-heading css-6qrhwc" id="20762169_EA" data-testid="product-title">Black Forest Ham</h3><p class="chakra-text css-1yftjin" data-testid="product-package-size">55 g, $36.18/1kg $3.62/100g</p></div></a><div class="css-8keand"></div></div><div class="css-1q5omjq"><div class="css-fcebb8"><div data-testid="atc-compact" class="css-y94ivq" style="width: 45px;"><button type="button" class="chakra-button css-mudsm6" data-testid="atc-button"><svg stroke="currentColor" fill="currentColor" stroke-width="0" viewBox="0 0 24 24" focusable="false" class="chakra-icon css-1g3sp7a" data-testid="btn-icon" aria-hidden="true" height="1em" width="1em" xmlns="http://www.w3.org/2000/svg"><path d="M19 13h-6v6h-2v-6H5v-2h6V5h2v6h6v2z"></path></svg><span class="css-idkz9h">Add Black Forest Ham to cart</span></button></div></div></div></div></div></div><div class="css-0"><div class="css-f5i5wc"><div class="chakra-linkbox css-vhnn8v"><div data-testid="product-image" class="css-16dr4ly"><img alt="Pillers Black Forest Ham  200 g, $2.50/100g" src="https://assets.shop.loblaws.ca/products/21206382/b3/en/front/21206382_front_a06_@2.png" srcset="https://assets.shop.loblaws.ca/products/21206382/b3/en/front/21206382_front_a06_@2.png 1x, https://assets.shop.loblaws.ca/products/21206382/b3/en/front/21206382_front_a06_@2.png 2x" loading="lazy" class="chakra-image css-oguq8l" aria-hidden="true"></div><div class="css-qoklea"><div class="css-12dchmx"></div><div data-testid="price-product-tile" class="css-8atqhb"><p class="chakra-text css-0"><span class="chakra-text css-pwnbcb" data-testid="regular-price"><span class="css-idkz9h">$5.00</span>$5.00</span></p></div><a href="/black-forest-ham/p/21206382_EA?source=nspt" class="chakra-linkbox__overlay css-1hnz6hu"><div class="css-0"><p class="chakra-text css-1ecdp9w" data-testid="product-brand">Pillers</p><h3 class="chakra-heading css-6qrhwc" id="21206382_EA" data-testid="product-title">Black Forest Ham </h3><p class="chakra-text css-1yftjin" data-testid="product-package-size">200 g, $2.50/100g</p></div></a><div class="css-8keand"></div></div><div class="css-1q5omjq"><div class="css-fcebb8"><div data-testid="atc-compact" class="css-y94ivq" style="width: 45px;"><button type="button" class="chakra-button css-mudsm6" data-testid="atc-button"><svg stroke="currentColor" fill="currentColor" stroke-width="0" viewBox="0 0 24 24" focusable="false" class="chakra-icon css-1g3sp7a" data-testid="btn-icon" aria-hidden="true" height="1em" width="1em" xmlns="http://www.w3.org/2000/svg"><path d="M19 13h-6v6h-2v-6H5v-2h6V5h2v6h6v2z"></path></svg><span class="css-idkz9h">Add Black Forest Ham  to cart</span></button></div></div></div></div></div></div><div class="css-0"><div class="css-f5i5wc"><div class="chakra-linkbox css-vhnn8v"><div data-testid="product-image" class="css-16dr4ly"><img alt="One World Halal Chicken Salami With Herbs 375 g, $2.00/100g" src="https://assets.shop.loblaws.ca/products/21348499/b3/en/front/21348499_front_a06_@2.png" srcset="https://assets.shop.loblaws.ca/products/21348499/b3/en/front/21348499_front_a06_@2.png 1x, https://assets.shop.loblaws.ca/products/21348499/b3/en/front/21348499_front_a06_@2.png 2x" loading="lazy" class="chakra-image css-oguq8l" aria-hidden="true"></div><div class="css-qoklea"><div class="css-12dchmx"></div><div data-testid="price-product-tile" class="css-8atqhb"><p class="chakra-text css-0"><span class="chakra-text css-pwnbcb" data-testid="regular-price"><span class="css-idkz9h">$7.49</span>$7.49</span></p></div><a href="/chicken-salami-with-herbs/p/21348499_EA?source=nspt" class="chakra-linkbox__overlay css-1hnz6hu"><div class="css-0"><p class="chakra-text css-1ecdp9w" data-testid="product-brand">One World Halal</p><h3 class="chakra-heading css-6qrhwc" id="21348499_EA" data-testid="product-title">Chicken Salami With Herbs</h3><p class="chakra-text css-1yftjin" data-testid="product-package-size">375 g, $2.00/100g</p></div></a><div class="css-8keand"></div></div><div class="css-1q5omjq"><div class="css-fcebb8"><div data-testid="atc-compact" class="css-y94ivq" style="width: 45px;"><button type="button" class="chakra-button css-mudsm6" data-testid="atc-button"><svg stroke="currentColor" fill="currentColor" stroke-width="0" viewBox="0 0 24 24" focusable="false" class="chakra-icon css-1g3sp7a" data-testid="btn-icon" aria-hidden="true" height="1em" width="1em" xmlns="http://www.w3.org/2000/svg"><path d="M19 13h-6v6h-2v-6H5v-2h6V5h2v6h6v2z"></path></svg><span class="css-idkz9h">Add Chicken Salami With Herbs to cart</span></button></div></div></div></div></div></div><div class="css-0"><div class="css-f5i5wc"><div class="chakra-linkbox css-vhnn8v"><div data-testid="product-image" class="css-16dr4ly"><img alt="Ziggy's Italian Style Sub Trio Slices 300 g, $2.00/100g" src="https://assets.shop.loblaws.ca/products/21596532/b3/en/front/21596532_front_a06_@2.png" srcset="https://assets.shop.loblaws.ca/products/21596532/b3/en/front/21596532_front_a06_@2.png 1x, https://assets.shop.loblaws.ca/products/21596532/b3/en/front/21596532_front_a06_@2.png 2x" loading="lazy" class="chakra-image css-oguq8l" aria-hidden="true"></div><div class="css-qoklea"><div class="css-12dchmx"><div class="chakra-badge css-34x0wr" data-testid="product-badge"><div class="css-u4p24i">New</div></div></div><div data-testid="price-product-tile" class="css-8atqhb"><p class="chakra-text css-0"><span class="chakra-text css-pwnbcb" data-testid="regular-price"><span class="css-idkz9h">$6.00</span>$6.00</span></p></div><a href="/italian-style-sub-trio-slices/p/21596532_EA?source=nspt" class="chakra-linkbox__overlay css-1hnz6hu"><div class="css-0"><p class="chakra-text css-1ecdp9w" data-testid="product-brand">Ziggy's</p><h3 class="chakra-heading css-6qrhwc" id="21596532_EA" data-testid="product-title">Italian Style Sub Trio Slices</h3><p class="chakra-text css-1yftjin" data-testid="product-package-size">300 g, $2.00/100g</p></div></a><div class="css-8keand"></div></div><div class="css-1q5omjq"><div class="css-fcebb8"><div data-testid="atc-compact" class="css-y94ivq" style="width: 45px;"><button disabled="" type="button" class="chakra-button css-mudsm6" data-testid="atc-button"><svg stroke="currentColor" fill="currentColor" stroke-width="0" viewBox="0 0 24 24" focusable="false" class="chakra-icon css-1g3sp7a" data-testid="btn-icon" aria-hidden="true" height="1em" width="1em" xmlns="http://www.w3.org/2000/svg"><path d="M19 13h-6v6h-2v-6H5v-2h6V5h2v6h6v2z"></path></svg><span class="css-idkz9h">Add Italian Style Sub Trio Slices to cart</span></button></div></div><div class="css-4saf4a"><p class="chakra-text css-py8788" data-testid="inventory-badge-text">Out of Stock</p></div></div></div></div></div><div class="css-0"><div class="css-f5i5wc"><div class="chakra-linkbox css-vhnn8v"><div data-testid="product-image" class="css-16dr4ly"><img alt="Mastro Genoa Hot Salami 150 g, $4.33/100g" src="https://assets.shop.loblaws.ca/products/21061096/b3/en/front/21061096_front_a06_@2.png" srcset="https://assets.shop.loblaws.ca/products/21061096/b3/en/front/21061096_front_a06_@2.png 1x, https://assets.shop.loblaws.ca/products/21061096/b3/en/front/21061096_front_a06_@2.png 2x" loading="lazy" class="chakra-image css-oguq8l" aria-hidden="true"></div><div class="css-qoklea"><div class="css-12dchmx"></div><div data-testid="price-product-tile" class="css-8atqhb"><p class="chakra-text css-0"><span class="chakra-text css-pwnbcb" data-testid="regular-price"><span class="css-idkz9h">$6.49</span>$6.49</span></p></div><a href="/genoa-hot-salami/p/21061096_EA?source=nspt" class="chakra-linkbox__overlay css-1hnz6hu"><div class="css-0"><p class="chakra-text css-1ecdp9w" data-testid="product-brand">Mastro</p><h3 class="chakra-heading css-6qrhwc" id="21061096_EA" data-testid="product-title">Genoa Hot Salami</h3><p class="chakra-text css-1yftjin" data-testid="product-package-size">150 g, $4.33/100g</p></div></a><div class="css-8keand"></div></div><div class="css-1q5omjq"><div class="css-fcebb8"><div data-testid="atc-compact" class="css-y94ivq" style="width: 45px;"><button type="button" class="chakra-button css-mudsm6" data-testid="atc-button"><svg stroke="currentColor" fill="currentColor" stroke-width="0" viewBox="0 0 24 24" focusable="false" class="chakra-icon css-1g3sp7a" data-testid="btn-icon" aria-hidden="true" height="1em" width="1em" xmlns="http://www.w3.org/2000/svg"><path d="M19 13h-6v6h-2v-6H5v-2h6V5h2v6h6v2z"></path></svg><span class="css-idkz9h">Add Genoa Hot Salami to cart</span></button></div></div></div></div></div></div><div class="css-0"><div class="css-f5i5wc"><div class="chakra-linkbox css-vhnn8v"><div data-testid="product-image" class="css-16dr4ly"><img alt="President's Choice Free From Honey Ham 175 g, $42.80/1kg $4.28/100g" src="https://assets.shop.loblaws.ca/products/20682859/b3/en/front/20682859_front_a06_@2.png" srcset="https://assets.shop.loblaws.ca/products/20682859/b3/en/front/20682859_front_a06_@2.png 1x, https://assets.shop.loblaws.ca/products/20682859/b3/en/front/20682859_front_a06_@2.png 2x" loading="lazy" class="chakra-image css-oguq8l" aria-hidden="true"></div><div class="css-qoklea"><div class="css-12dchmx"></div><div data-testid="price-product-tile" class="css-8atqhb"><p class="chakra-text css-0"><span class="chakra-text css-pwnbcb" data-testid="regular-price"><span class="css-idkz9h">$7.49</span>$7.49</span></p></div><a href="/free-from-honey-ham/p/20682859_EA?source=nspt" class="chakra-linkbox__overlay css-1hnz6hu"><div class="css-0"><p class="chakra-text css-1ecdp9w" data-testid="product-brand">President's Choice</p><h3 class="chakra-heading css-6qrhwc" id="20682859_EA" data-testid="product-title">Free From Honey Ham</h3><p class="chakra-text css-1yftjin" data-testid="product-package-size">175 g, $42.80/1kg $4.28/100g</p></div></a><div class="css-8keand"></div></div><div class="css-1q5omjq"><div class="css-fcebb8"><div data-testid="atc-compact" class="css-y94ivq" style="width: 45px;"><button type="button" class="chakra-button css-mudsm6" data-testid="atc-button"><svg stroke="currentColor" fill="currentColor" stroke-width="0" viewBox="0 0 24 24" focusable="false" class="chakra-icon css-1g3sp7a" data-testid="btn-icon" aria-hidden="true" height="1em" width="1em" xmlns="http://www.w3.org/2000/svg"><path d="M19 13h-6v6h-2v-6H5v-2h6V5h2v6h6v2z"></path></svg><span class="css-idkz9h">Add Free From Honey Ham to cart</span></button></div></div></div></div></div></div><div class="css-0"><div class="css-f5i5wc"><div class="chakra-linkbox css-vhnn8v"><div data-testid="product-image" class="css-16dr4ly"><img alt="President's Choice Free From Black Forrest Ham, Club Pack 400 g, $33.73/1kg $3.37/100g" src="https://assets.shop.loblaws.ca/products/20903492/b3/en/front/20903492_front_a06_@2.png" srcset="https://assets.shop.loblaws.ca/products/20903492/b3/en/front/20903492_front_a06_@2.png 1x, https://assets.shop.loblaws.ca/products/20903492/b3/en/front/20903492_front_a06_@2.png 2x" loading="lazy" class="chakra-image css-oguq8l" aria-hidden="true"></div><div class="css-qoklea"><div class="css-12dchmx"></div><div data-testid="price-product-tile" class="css-8atqhb"><p class="chakra-text css-0"><span class="chakra-text css-pwnbcb" data-testid="regular-price"><span class="css-idkz9h">$13.49</span>$13.49</span></p></div><a href="/free-from-black-forrest-ham-club-pack/p/20903492_EA?source=nspt" class="chakra-linkbox__overlay css-1hnz6hu"><div class="css-0"><p class="chakra-text css-1ecdp9w" data-testid="product-brand">President's Choice</p><h3 class="chakra-heading css-6qrhwc" id="20903492_EA" data-testid="product-title">Free From Black Forrest Ham, Club Pack</h3><p class="chakra-text css-1yftjin" data-testid="product-package-size">400 g, $33.73/1kg $3.37/100g</p></div></a><div class="css-8keand"></div></div><div class="css-1q5omjq"><div class="css-fcebb8"><div data-testid="atc-compact" class="css-y94ivq" style="width: 45px;"><button type="button" class="chakra-button css-mudsm6" data-testid="atc-button"><svg stroke="currentColor" fill="currentColor" stroke-width="0" viewBox="0 0 24 24" focusable="false" class="chakra-icon css-1g3sp7a" data-testid="btn-icon" aria-hidden="true" height="1em" width="1em" xmlns="http://www.w3.org/2000/svg"><path d="M19 13h-6v6h-2v-6H5v-2h6V5h2v6h6v2z"></path></svg><span class="css-idkz9h">Add Free From Black Forrest Ham, Club Pack to cart</span></button></div></div></div></div></div></div><div class="css-0"><div class="css-f5i5wc"><div class="chakra-linkbox css-vhnn8v"><div data-testid="product-image" class="css-16dr4ly"><img alt="Ziggy's Smoked Turkey Breast Slices Club Pack 600 g, $1.67/100g" src="https://assets.shop.loblaws.ca/products/21596533/b3/en/front/21596533_front_a06_@2.png" srcset="https://assets.shop.loblaws.ca/products/21596533/b3/en/front/21596533_front_a06_@2.png 1x, https://assets.shop.loblaws.ca/products/21596533/b3/en/front/21596533_front_a06_@2.png 2x" loading="lazy" class="chakra-image css-oguq8l" aria-hidden="true"></div><div class="css-qoklea"><div class="css-12dchmx"><div class="chakra-badge css-34x0wr" data-testid="product-badge"><div class="css-u4p24i">New</div></div></div><div data-testid="price-product-tile" class="css-8atqhb"><p class="chakra-text css-0"><span class="chakra-text css-pwnbcb" data-testid="regular-price"><span class="css-idkz9h">$10.00</span>$10.00</span></p></div><a href="/smoked-turkey-breast-slices-club-pack/p/21596533_EA?source=nspt" class="chakra-linkbox__overlay css-1hnz6hu"><div class="css-0"><p class="chakra-text css-1ecdp9w" data-testid="product-brand">Ziggy's</p><h3 class="chakra-heading css-6qrhwc" id="21596533_EA" data-testid="product-title">Smoked Turkey Breast Slices Club Pack</h3><p class="chakra-text css-1yftjin" data-testid="product-package-size">600 g, $1.67/100g</p></div></a><div class="css-8keand"></div></div><div class="css-1q5omjq"><div class="css-fcebb8"><div data-testid="atc-compact" class="css-y94ivq" style="width: 45px;"><button type="button" class="chakra-button css-mudsm6" data-testid="atc-button"><svg stroke="currentColor" fill="currentColor" stroke-width="0" viewBox="0 0 24 24" focusable="false" class="chakra-icon css-1g3sp7a" data-testid="btn-icon" aria-hidden="true" height="1em" width="1em" xmlns="http://www.w3.org/2000/svg"><path d="M19 13h-6v6h-2v-6H5v-2h6V5h2v6h6v2z"></path></svg><span class="css-idkz9h">Add Smoked Turkey Breast Slices Club Pack to cart</span></button></div></div></div></div></div></div><div class="css-0"><div class="css-f5i5wc"><div class="chakra-linkbox css-vhnn8v"><div data-testid="product-image" class="css-16dr4ly"><img alt="Ziggy's Bologna Slices 300 g, $1.17/100g" src="https://assets.shop.loblaws.ca/products/21589522/b3/en/front/21589522_front_a06_@2.png" srcset="https://assets.shop.loblaws.ca/products/21589522/b3/en/front/21589522_front_a06_@2.png 1x, https://assets.shop.loblaws.ca/products/21589522/b3/en/front/21589522_front_a06_@2.png 2x" loading="lazy" class="chakra-image css-oguq8l" aria-hidden="true"></div><div class="css-qoklea"><div class="css-12dchmx"><div class="chakra-badge css-34x0wr" data-testid="product-badge"><div class="css-u4p24i">New</div></div></div><div data-testid="price-product-tile" class="css-8atqhb"><p class="chakra-text css-0"><span class="chakra-text css-pwnbcb" data-testid="regular-price"><span class="css-idkz9h">$3.50</span>$3.50</span></p></div><a href="/bologna-slices/p/21589522_EA?source=nspt" class="chakra-linkbox__overlay css-1hnz6hu"><div class="css-0"><p class="chakra-text css-1ecdp9w" data-testid="product-brand">Ziggy's</p><h3 class="chakra-heading css-6qrhwc" id="21589522_EA" data-testid="product-title">Bologna Slices</h3><p class="chakra-text css-1yftjin" data-testid="product-package-size">300 g, $1.17/100g</p></div></a><div class="css-8keand"></div></div><div class="css-1q5omjq"><div class="css-fcebb8"><div data-testid="atc-compact" class="css-y94ivq" style="width: 45px;"><button type="button" class="chakra-button css-mudsm6" data-testid="atc-button"><svg stroke="currentColor" fill="currentColor" stroke-width="0" viewBox="0 0 24 24" focusable="false" class="chakra-icon css-1g3sp7a" data-testid="btn-icon" aria-hidden="true" height="1em" width="1em" xmlns="http://www.w3.org/2000/svg"><path d="M19 13h-6v6h-2v-6H5v-2h6V5h2v6h6v2z"></path></svg><span class="css-idkz9h">Add Bologna Slices to cart</span></button></div></div></div></div></div></div><div class="css-0"><div class="css-f5i5wc"><div class="chakra-linkbox css-vhnn8v"><div data-testid="product-image" class="css-16dr4ly"><img alt="No Name Salami Chub 500 g, $10.00/1kg $1.00/100g" src="https://assets.shop.loblaws.ca/products/20176087/b3/en/front/20176087_front_a06_@2.png" srcset="https://assets.shop.loblaws.ca/products/20176087/b3/en/front/20176087_front_a06_@2.png 1x, https://assets.shop.loblaws.ca/products/20176087/b3/en/front/20176087_front_a06_@2.png 2x" loading="lazy" class="chakra-image css-oguq8l" aria-hidden="true"></div><div class="css-qoklea"><div class="css-12dchmx"></div><div data-testid="price-product-tile" class="css-8atqhb"><p class="chakra-text css-0"><span class="chakra-text css-o93gbd" data-testid="sale-price"><span class="css-idkz9h">$5.00</span>$5.00</span><span class="chakra-text css-623q5h" data-testid="was-price"><span class="css-idkz9h">$6.00</span>$6.00</span></p><p class="chakra-text css-1m5a6y8" data-testid="price-descriptor">SAVE $1.00</p></div><a href="/salami-chub/p/20176087_EA?source=nspt" class="chakra-linkbox__overlay css-1hnz6hu"><div class="css-0"><p class="chakra-text css-1ecdp9w" data-testid="product-brand">No Name</p><h3 class="chakra-heading css-6qrhwc" id="20176087_EA" data-testid="product-title">Salami Chub</h3><p class="chakra-text css-1yftjin" data-testid="product-package-size">500 g, $10.00/1kg $1.00/100g</p></div></a><div class="css-8keand"></div></div><div class="css-1q5omjq"><div class="css-fcebb8"><div data-testid="atc-compact" class="css-y94ivq" style="width: 45px;"><button type="button" class="chakra-button css-mudsm6" data-testid="atc-button"><svg stroke="currentColor" fill="currentColor" stroke-width="0" viewBox="0 0 24 24" focusable="false" class="chakra-icon css-1g3sp7a" data-testid="btn-icon" aria-hidden="true" height="1em" width="1em" xmlns="http://www.w3.org/2000/svg"><path d="M19 13h-6v6h-2v-6H5v-2h6V5h2v6h6v2z"></path></svg><span class="css-idkz9h">Add Salami Chub to cart</span></button></div></div></div></div></div></div><div class="css-0"><div class="css-f5i5wc"><div class="chakra-linkbox css-vhnn8v"><div data-testid="product-image" class="css-16dr4ly"><img alt="Marcangelo Coppa Di Parma 100 g, $59.90/1kg $5.99/100g" src="https://assets.shop.loblaws.ca/products/20864840/b3/en/front/20864840_front_a06_@2.png" srcset="https://assets.shop.loblaws.ca/products/20864840/b3/en/front/20864840_front_a06_@2.png 1x, https://assets.shop.loblaws.ca/products/20864840/b3/en/front/20864840_front_a06_@2.png 2x" loading="lazy" class="chakra-image css-oguq8l" aria-hidden="true"></div><div class="css-qoklea"><div class="css-12dchmx"></div><div data-testid="price-product-tile" class="css-8atqhb"><p class="chakra-text css-0"><span class="chakra-text css-o93gbd" data-testid="sale-price"><span class="css-idkz9h">$5.99</span>$5.99</span><span class="chakra-text css-623q5h" data-testid="was-price"><span class="css-idkz9h">$6.99</span>$6.99</span></p><p class="chakra-text css-1m5a6y8" data-testid="price-descriptor">SAVE $1.00</p></div><a href="/coppa-di-parma/p/20864840_EA?source=nspt" class="chakra-linkbox__overlay css-1hnz6hu"><div class="css-0"><p class="chakra-text css-1ecdp9w" data-testid="product-brand">Marcangelo</p><h3 class="chakra-heading css-6qrhwc" id="20864840_EA" data-testid="product-title">Coppa Di Parma</h3><p class="chakra-text css-1yftjin" data-testid="product-package-size">100 g, $59.90/1kg $5.99/100g</p></div></a><div class="css-8keand"></div></div><div class="css-1q5omjq"><div class="css-fcebb8"><div data-testid="atc-compact" class="css-y94ivq" style="width: 45px;"><button type="button" class="chakra-button css-mudsm6" data-testid="atc-button"><svg stroke="currentColor" fill="currentColor" stroke-width="0" viewBox="0 0 24 24" focusable="false" class="chakra-icon css-1g3sp7a" data-testid="btn-icon" aria-hidden="true" height="1em" width="1em" xmlns="http://www.w3.org/2000/svg"><path d="M19 13h-6v6h-2v-6H5v-2h6V5h2v6h6v2z"></path></svg><span class="css-idkz9h">Add Coppa Di Parma to cart</span></button></div></div></div></div></div></div><div class="css-0"><div class="css-f5i5wc"><div class="chakra-linkbox css-vhnn8v"><div data-testid="product-image" class="css-16dr4ly"><img alt="Schneider Dutch Treet Garlic Bologna 500 g, $15.98/1kg $1.60/100g" src="https://assets.shop.loblaws.ca/products/20167679/b3/en/front/20167679_front_a06_@2.png" srcset="https://assets.shop.loblaws.ca/products/20167679/b3/en/front/20167679_front_a06_@2.png 1x, https://assets.shop.loblaws.ca/products/20167679/b3/en/front/20167679_front_a06_@2.png 2x" loading="lazy" class="chakra-image css-oguq8l" aria-hidden="true"></div><div class="css-qoklea"><div class="css-12dchmx"></div><div data-testid="price-product-tile" class="css-8atqhb"><p class="chakra-text css-0"><span class="chakra-text css-pwnbcb" data-testid="regular-price"><span class="css-idkz9h">$7.99</span>$7.99</span></p></div><a href="/dutch-treet-garlic-bologna/p/20167679_EA?source=nspt" class="chakra-linkbox__overlay css-1hnz6hu"><div class="css-0"><p class="chakra-text css-1ecdp9w" data-testid="product-brand">Schneider</p><h3 class="chakra-heading css-6qrhwc" id="20167679_EA" data-testid="product-title">Dutch Treet Garlic Bologna</h3><p class="chakra-text css-1yftjin" data-testid="product-package-size">500 g, $15.98/1kg $1.60/100g</p></div></a><div class="css-8keand"></div></div><div class="css-1q5omjq"><div class="css-fcebb8"><div data-testid="atc-compact" class="css-y94ivq" style="width: 45px;"><button type="button" class="chakra-button css-mudsm6" data-testid="atc-button"><svg stroke="currentColor" fill="currentColor" stroke-width="0" viewBox="0 0 24 24" focusable="false" class="chakra-icon css-1g3sp7a" data-testid="btn-icon" aria-hidden="true" height="1em" width="1em" xmlns="http://www.w3.org/2000/svg"><path d="M19 13h-6v6h-2v-6H5v-2h6V5h2v6h6v2z"></path></svg><span class="css-idkz9h">Add Dutch Treet Garlic Bologna to cart</span></button></div></div></div></div></div></div><div class="css-0"><div class="css-f5i5wc"><div class="chakra-linkbox css-vhnn8v"><div data-testid="product-image" class="css-16dr4ly"><img alt="Pillers Chicken Pepperoni Snacks 375 g, $2.26/100g" src="https://assets.shop.loblaws.ca/products/21164932/b3/en/front/21164932_front_a06_@2.png" srcset="https://assets.shop.loblaws.ca/products/21164932/b3/en/front/21164932_front_a06_@2.png 1x, https://assets.shop.loblaws.ca/products/21164932/b3/en/front/21164932_front_a06_@2.png 2x" loading="lazy" class="chakra-image css-oguq8l" aria-hidden="true"></div><div class="css-qoklea"><div class="css-12dchmx"></div><div data-testid="price-product-tile" class="css-8atqhb"><p class="chakra-text css-0"><span class="chakra-text css-o93gbd" data-testid="sale-price"><span class="css-idkz9h">$8.49</span>$8.49</span><span class="chakra-text css-623q5h" data-testid="was-price"><span class="css-idkz9h">$10.99</span>$10.99</span></p><p class="chakra-text css-1m5a6y8" data-testid="price-descriptor">SAVE $2.50</p></div><a href="/chicken-pepperoni-snacks/p/21164932_EA?source=nspt" class="chakra-linkbox__overlay css-1hnz6hu"><div class="css-0"><p class="chakra-text css-1ecdp9w" data-testid="product-brand">Pillers</p><h3 class="chakra-heading css-6qrhwc" id="21164932_EA" data-testid="product-title">Chicken Pepperoni Snacks</h3><p class="chakra-text css-1yftjin" data-testid="product-package-size">375 g, $2.26/100g</p></div></a><div class="css-8keand"></div></div><div class="css-1q5omjq"><div class="css-fcebb8"><div data-testid="atc-compact" class="css-y94ivq" style="width: 45px;"><button type="button" class="chakra-button css-mudsm6" data-testid="atc-button"><svg stroke="currentColor" fill="currentColor" stroke-width="0" viewBox="0 0 24 24" focusable="false" class="chakra-icon css-1g3sp7a" data-testid="btn-icon" aria-hidden="true" height="1em" width="1em" xmlns="http://www.w3.org/2000/svg"><path d="M19 13h-6v6h-2v-6H5v-2h6V5h2v6h6v2z"></path></svg><span class="css-idkz9h">Add Chicken Pepperoni Snacks to cart</span></button></div></div></div></div></div></div><div class="css-0"><div class="css-f5i5wc"><div class="chakra-linkbox css-vhnn8v"><div data-testid="product-image" class="css-16dr4ly"><img alt="Ziggy's Sliced Turkey Pepperoni 175 g, $2.28/100g" src="https://assets.shop.loblaws.ca/products/21434499/b3/en/front/21434499_front_a06_@2.png" srcset="https://assets.shop.loblaws.ca/products/21434499/b3/en/front/21434499_front_a06_@2.png 1x, https://assets.shop.loblaws.ca/products/21434499/b3/en/front/21434499_front_a06_@2.png 2x" loading="lazy" class="chakra-image css-oguq8l" aria-hidden="true"></div><div class="css-qoklea"><div class="css-12dchmx"></div><div data-testid="price-product-tile" class="css-8atqhb"><p class="chakra-text css-0"><span class="chakra-text css-pwnbcb" data-testid="regular-price"><span class="css-idkz9h">$3.99</span>$3.99</span></p></div><a href="/sliced-turkey-pepperoni/p/21434499_EA?source=nspt" class="chakra-linkbox__overlay css-1hnz6hu"><div class="css-0"><p class="chakra-text css-1ecdp9w" data-testid="product-brand">Ziggy's</p><h3 class="chakra-heading css-6qrhwc" id="21434499_EA" data-testid="product-title">Sliced Turkey Pepperoni</h3><p class="chakra-text css-1yftjin" data-testid="product-package-size">175 g, $2.28/100g</p></div></a><div class="css-8keand"></div></div><div class="css-1q5omjq"><div class="css-fcebb8"><div data-testid="atc-compact" class="css-y94ivq" style="width: 45px;"><button type="button" class="chakra-button css-mudsm6" data-testid="atc-button"><svg stroke="currentColor" fill="currentColor" stroke-width="0" viewBox="0 0 24 24" focusable="false" class="chakra-icon css-1g3sp7a" data-testid="btn-icon" aria-hidden="true" height="1em" width="1em" xmlns="http://www.w3.org/2000/svg"><path d="M19 13h-6v6h-2v-6H5v-2h6V5h2v6h6v2z"></path></svg><span class="css-idkz9h">Add Sliced Turkey Pepperoni to cart</span></button></div></div></div></div></div></div><div class="css-0"><div class="css-f5i5wc"><div class="chakra-linkbox css-vhnn8v"><div data-testid="product-image" class="css-16dr4ly"><img alt="Ziggy's Smoked Kolbassa Style Ham Slices 175 g, $2.00/100g" src="https://assets.shop.loblaws.ca/products/21589403/b3/en/front/21589403_front_a06_@2.png" srcset="https://assets.shop.loblaws.ca/products/21589403/b3/en/front/21589403_front_a06_@2.png 1x, https://assets.shop.loblaws.ca/products/21589403/b3/en/front/21589403_front_a06_@2.png 2x" loading="lazy" class="chakra-image css-oguq8l" aria-hidden="true"></div><div class="css-qoklea"><div class="css-12dchmx"><div class="chakra-badge css-34x0wr" data-testid="product-badge"><div class="css-u4p24i">New</div></div></div><div data-testid="price-product-tile" class="css-8atqhb"><p class="chakra-text css-0"><span class="chakra-text css-pwnbcb" data-testid="regular-price"><span class="css-idkz9h">$3.50</span>$3.50</span></p></div><a href="/smoked-kolbassa-style-ham-slices/p/21589403_EA?source=nspt" class="chakra-linkbox__overlay css-1hnz6hu"><div class="css-0"><p class="chakra-text css-1ecdp9w" data-testid="product-brand">Ziggy's</p><h3 class="chakra-heading css-6qrhwc" id="21589403_EA" data-testid="product-title">Smoked Kolbassa Style Ham Slices</h3><p class="chakra-text css-1yftjin" data-testid="product-package-size">175 g, $2.00/100g</p></div></a><div class="css-8keand"></div></div><div class="css-1q5omjq"><div class="css-fcebb8"><div data-testid="atc-compact" class="css-y94ivq" style="width: 45px;"><button type="button" class="chakra-button css-mudsm6" data-testid="atc-button"><svg stroke="currentColor" fill="currentColor" stroke-width="0" viewBox="0 0 24 24" focusable="false" class="chakra-icon css-1g3sp7a" data-testid="btn-icon" aria-hidden="true" height="1em" width="1em" xmlns="http://www.w3.org/2000/svg"><path d="M19 13h-6v6h-2v-6H5v-2h6V5h2v6h6v2z"></path></svg><span class="css-idkz9h">Add Smoked Kolbassa Style Ham Slices to cart</span></button></div></div></div></div></div></div><div class="css-0"><div class="css-f5i5wc"><div class="chakra-linkbox css-vhnn8v"><div data-testid="product-image" class="css-16dr4ly"><img alt="President's Choice Free From Stone Roasted Ham 175 g, $42.80/1kg $4.28/100g" src="https://assets.shop.loblaws.ca/products/20303394/b3/en/front/20303394_front_a06_@2.png" srcset="https://assets.shop.loblaws.ca/products/20303394/b3/en/front/20303394_front_a06_@2.png 1x, https://assets.shop.loblaws.ca/products/20303394/b3/en/front/20303394_front_a06_@2.png 2x" loading="lazy" class="chakra-image css-oguq8l" aria-hidden="true"></div><div class="css-qoklea"><div class="css-12dchmx"></div><div data-testid="price-product-tile" class="css-8atqhb"><p class="chakra-text css-0"><span class="chakra-text css-pwnbcb" data-testid="regular-price"><span class="css-idkz9h">$7.49</span>$7.49</span></p></div><a href="/free-from-stone-roasted-ham/p/20303394_EA?source=nspt" class="chakra-linkbox__overlay css-1hnz6hu"><div class="css-0"><p class="chakra-text css-1ecdp9w" data-testid="product-brand">President's Choice</p><h3 class="chakra-heading css-6qrhwc" id="20303394_EA" data-testid="product-title">Free From Stone Roasted Ham</h3><p class="chakra-text css-1yftjin" data-testid="product-package-size">175 g, $42.80/1kg $4.28/100g</p></div></a><div class="css-8keand"></div></div><div class="css-1q5omjq"><div class="css-fcebb8"><div data-testid="atc-compact" class="css-y94ivq" style="width: 45px;"><button disabled="" type="button" class="chakra-button css-mudsm6" data-testid="atc-button"><svg stroke="currentColor" fill="currentColor" stroke-width="0" viewBox="0 0 24 24" focusable="false" class="chakra-icon css-1g3sp7a" data-testid="btn-icon" aria-hidden="true" height="1em" width="1em" xmlns="http://www.w3.org/2000/svg"><path d="M19 13h-6v6h-2v-6H5v-2h6V5h2v6h6v2z"></path></svg><span class="css-idkz9h">Add Free From Stone Roasted Ham to cart</span></button></div></div><div class="css-4saf4a"><p class="chakra-text css-py8788" data-testid="inventory-badge-text">Out of Stock</p></div></div></div></div></div><div class="css-0"><div class="css-f5i5wc"><div class="chakra-linkbox css-vhnn8v"><div data-testid="product-image" class="css-16dr4ly"><img alt="Borges Bacon Chunks, Hot $21.90/1kg" src="https://assets.shop.loblaws.ca/products/20188189/b3/en/front/20188189_front_a06_@2.png" srcset="https://assets.shop.loblaws.ca/products/20188189/b3/en/front/20188189_front_a06_@2.png 1x, https://assets.shop.loblaws.ca/products/20188189/b3/en/front/20188189_front_a06_@2.png 2x" loading="lazy" class="chakra-image css-oguq8l" aria-hidden="true"></div><div class="css-qoklea"><div class="css-12dchmx"></div><div data-testid="price-product-tile" class="css-8atqhb"><p class="chakra-text css-0"><span class="chakra-text css-pwnbcb" data-testid="regular-price"><span class="css-idkz9h">$2.19</span>$2.19</span></p></div><a href="/bacon-chunks-hot/p/20188189_KG?source=nspt" class="chakra-linkbox__overlay css-1hnz6hu"><div class="css-0"><p class="chakra-text css-1ecdp9w" data-testid="product-brand">Borges</p><h3 class="chakra-heading css-6qrhwc" id="20188189_KG" data-testid="product-title">Bacon Chunks, Hot</h3><p class="chakra-text css-1yftjin" data-testid="product-package-size">$21.90/1kg</p></div></a><div class="css-8keand"></div></div><div class="css-1q5omjq"><div class="css-fcebb8"><div data-testid="atc-compact" class="css-y94ivq" style="width: 45px;"><button type="button" class="chakra-button css-mudsm6" data-testid="atc-button"><svg stroke="currentColor" fill="currentColor" stroke-width="0" viewBox="0 0 24 24" focusable="false" class="chakra-icon css-1g3sp7a" data-testid="btn-icon" aria-hidden="true" height="1em" width="1em" xmlns="http://www.w3.org/2000/svg"><path d="M19 13h-6v6h-2v-6H5v-2h6V5h2v6h6v2z"></path></svg><span class="css-idkz9h">Add Bacon Chunks, Hot to cart</span></button></div></div></div></div></div></div></div><div data-testid="product-grid" class="css-epcqr3"><div class="css-0"><div class="css-f5i5wc"><div class="chakra-linkbox css-vhnn8v"><div data-testid="product-image" class="css-16dr4ly"><img alt="Borges Bacon Chunks, Hot $21.90/1kg" src="https://assets.shop.loblaws.ca/products/20188189/b3/en/front/20188189_front_a06_@2.png" srcset="https://assets.shop.loblaws.ca/products/20188189/b3/en/front/20188189_front_a06_@2.png 1x, https://assets.shop.loblaws.ca/products/20188189/b3/en/front/20188189_front_a06_@2.png 2x" loading="lazy" class="chakra-image css-oguq8l" aria-hidden="true"></div><div class="css-qoklea"><div class="css-12dchmx"></div><div data-testid="price-product-tile" class="css-8atqhb"><p class="chakra-text css-0"><span class="chakra-text css-pwnbcb" data-testid="regular-price"><span class="css-idkz9h">$2.19</span>$2.19</span></p></div><a href="/bacon-chunks-hot/p/20188189_KG?source=nspt" class="chakra-linkbox__overlay css-1hnz6hu"><div class="css-0"><p class="chakra-text css-1ecdp9w" data-testid="product-brand">Borges</p><h3 class="chakra-heading css-6qrhwc" id="20188189_KG" data-testid="product-title">Bacon Chunks, Hot</h3><p class="chakra-text css-1yftjin" data-testid="product-package-size">$21.90/1kg</p></div></a><div class="css-8keand"></div></div><div class="css-1q5omjq"><div class="css-fcebb8"><div data-testid="atc-compact" class="css-y94ivq" style="width: 45px;"><button type="button" class="chakra-button css-mudsm6" data-testid="atc-button"><svg stroke="currentColor" fill="currentColor" stroke-width="0" viewBox="0 0 24 24" focusable="false" class="chakra-icon css-1g3sp7a" data-testid="btn-icon" aria-hidden="true" height="1em" width="1em" xmlns="http://www.w3.org/2000/svg"><path d="M19 13h-6v6h-2v-6H5v-2h6V5h2v6h6v2z"></path></svg><span class="css-idkz9h">Add Bacon Chunks, Hot to cart</span></button></div></div></div></div></div></div><div class="css-0"><div class="css-f5i5wc"><div class="chakra-linkbox css-vhnn8v"><div data-testid="product-image" class="css-16dr4ly"><img alt="Mrakovic Beef Salami Hot 100 g, $6.09/100g" src="https://assets.shop.loblaws.ca/products/21610694/b3/en/front/21610694_front_a06_@2.png" srcset="https://assets.shop.loblaws.ca/products/21610694/b3/en/front/21610694_front_a06_@2.png 1x, https://assets.shop.loblaws.ca/products/21610694/b3/en/front/21610694_front_a06_@2.png 2x" loading="lazy" class="chakra-image css-oguq8l" aria-hidden="true"></div><div class="css-qoklea"><div class="css-12dchmx"><div class="chakra-badge css-34x0wr" data-testid="product-badge"><div class="css-u4p24i">New</div></div></div><div data-testid="price-product-tile" class="css-8atqhb"><p class="chakra-text css-0"><span class="chakra-text css-pwnbcb" data-testid="regular-price"><span class="css-idkz9h">$6.09</span>$6.09</span></p></div><a href="/beef-salami-hot/p/21610694_EA?source=nspt" class="chakra-linkbox__overlay css-1hnz6hu"><div class="css-0"><p class="chakra-text css-1ecdp9w" data-testid="product-brand">Mrakovic</p><h3 class="chakra-heading css-6qrhwc" id="21610694_EA" data-testid="product-title">Beef Salami Hot</h3><p class="chakra-text css-1yftjin" data-testid="product-package-size">100 g, $6.09/100g</p></div></a><div class="css-8keand"></div></div><div class="css-1q5omjq"><div class="css-fcebb8"><div data-testid="atc-compact" class="css-y94ivq" style="width: 45px;"><button type="button" class="chakra-button css-mudsm6" data-testid="atc-button"><svg stroke="currentColor" fill="currentColor" stroke-width="0" viewBox="0 0 24 24" focusable="false" class="chakra-icon css-1g3sp7a" data-testid="btn-icon" aria-hidden="true" height="1em" width="1em" xmlns="http://www.w3.org/2000/svg"><path d="M19 13h-6v6h-2v-6H5v-2h6V5h2v6h6v2z"></path></svg><span class="css-idkz9h">Add Beef Salami Hot to cart</span></button></div></div></div></div></div></div><div class="css-0"><div class="css-f5i5wc"><div class="chakra-linkbox css-vhnn8v"><div data-testid="product-image" class="css-16dr4ly"><img alt="Solmaz Halal Hot Salami All Beef 200 g, $3.25/100g" src="https://assets.shop.loblaws.ca/products/21548104/b3/en/front/21548104_front_a06_@2.png" srcset="https://assets.shop.loblaws.ca/products/21548104/b3/en/front/21548104_front_a06_@2.png 1x, https://assets.shop.loblaws.ca/products/21548104/b3/en/front/21548104_front_a06_@2.png 2x" loading="lazy" class="chakra-image css-oguq8l" aria-hidden="true"></div><div class="css-qoklea"><div class="css-12dchmx"></div><div data-testid="price-product-tile" class="css-8atqhb"><p class="chakra-text css-0"><span class="chakra-text css-pwnbcb" data-testid="regular-price"><span class="css-idkz9h">$6.49</span>$6.49</span></p></div><a href="/halal-hot-salami-all-beef/p/21548104_EA?source=nspt" class="chakra-linkbox__overlay css-1hnz6hu"><div class="css-0"><p class="chakra-text css-1ecdp9w" data-testid="product-brand">Solmaz</p><h3 class="chakra-heading css-6qrhwc" id="21548104_EA" data-testid="product-title">Halal Hot Salami All Beef</h3><p class="chakra-text css-1yftjin" data-testid="product-package-size">200 g, $3.25/100g</p></div></a><div class="css-8keand"></div></div><div class="css-1q5omjq"><div class="css-fcebb8"><div data-testid="atc-compact" class="css-y94ivq" style="width: 45px;"><button type="button" class="chakra-button css-mudsm6" data-testid="atc-button"><svg stroke="currentColor" fill="currentColor" stroke-width="0" viewBox="0 0 24 24" focusable="false" class="chakra-icon css-1g3sp7a" data-testid="btn-icon" aria-hidden="true" height="1em" width="1em" xmlns="http://www.w3.org/2000/svg"><path d="M19 13h-6v6h-2v-6H5v-2h6V5h2v6h6v2z"></path></svg><span class="css-idkz9h">Add Halal Hot Salami All Beef to cart</span></button></div></div><div class="css-4saf4a"><p class="chakra-text css-py8788" data-testid="inventory-badge-text">Low Stock</p></div></div></div></div></div><div class="css-0"><div class="css-f5i5wc"><div class="chakra-linkbox css-vhnn8v"><div data-testid="product-image" class="css-16dr4ly"><img alt="President's Choice Italian-Style Salami Trio, Club Pack 250 g, $4.60/100g" src="https://assets.shop.loblaws.ca/products/21509539/b3/en/front/21509539_front_a06_@2.png" srcset="https://assets.shop.loblaws.ca/products/21509539/b3/en/front/21509539_front_a06_@2.png 1x, https://assets.shop.loblaws.ca/products/21509539/b3/en/front/21509539_front_a06_@2.png 2x" loading="lazy" class="chakra-image css-oguq8l" aria-hidden="true"></div><div class="css-qoklea"><div class="css-12dchmx"></div><div data-testid="price-product-tile" class="css-8atqhb"><p class="chakra-text css-0"><span class="chakra-text css-pwnbcb" data-testid="regular-price"><span class="css-idkz9h">$11.49</span>$11.49</span></p></div><a href="/italian-style-salami-trio-club-pack/p/21509539_EA?source=nspt" class="chakra-linkbox__overlay css-1hnz6hu"><div class="css-0"><p class="chakra-text css-1ecdp9w" data-testid="product-brand">President's Choice</p><h3 class="chakra-heading css-6qrhwc" id="21509539_EA" data-testid="product-title">Italian-Style Salami Trio, Club Pack</h3><p class="chakra-text css-1yftjin" data-testid="product-package-size">250 g, $4.60/100g</p></div></a><div class="css-8keand"></div></div><div class="css-1q5omjq"><div class="css-fcebb8"><div data-testid="atc-compact" class="css-y94ivq" style="width: 45px;"><button type="button" class="chakra-button css-mudsm6" data-testid="atc-button"><svg stroke="currentColor" fill="currentColor" stroke-width="0" viewBox="0 0 24 24" focusable="false" class="chakra-icon css-1g3sp7a" data-testid="btn-icon" aria-hidden="true" height="1em" width="1em" xmlns="http://www.w3.org/2000/svg"><path d="M19 13h-6v6h-2v-6H5v-2h6V5h2v6h6v2z"></path></svg><span class="css-idkz9h">Add Italian-Style Salami Trio, Club Pack to cart</span></button></div></div></div></div></div></div><div class="css-0"><div class="css-f5i5wc"><div class="chakra-linkbox css-vhnn8v"><div data-testid="product-image" class="css-16dr4ly"><img alt="Ziggy's Chicken Breast Strips 200 g, $3.50/100g" src="https://assets.shop.loblaws.ca/products/21603178/b3/en/front/21603178_front_a06_@2.png" srcset="https://assets.shop.loblaws.ca/products/21603178/b3/en/front/21603178_front_a06_@2.png 1x, https://assets.shop.loblaws.ca/products/21603178/b3/en/front/21603178_front_a06_@2.png 2x" loading="lazy" class="chakra-image css-oguq8l" aria-hidden="true"></div><div class="css-qoklea"><div class="css-12dchmx"></div><div data-testid="price-product-tile" class="css-8atqhb"><p class="chakra-text css-0"><span class="chakra-text css-pwnbcb" data-testid="regular-price"><span class="css-idkz9h">$6.99</span>$6.99</span></p></div><a href="/chicken-breast-strips/p/21603178_EA?source=nspt" class="chakra-linkbox__overlay css-1hnz6hu"><div class="css-0"><p class="chakra-text css-1ecdp9w" data-testid="product-brand">Ziggy's</p><h3 class="chakra-heading css-6qrhwc" id="21603178_EA" data-testid="product-title">Chicken Breast Strips</h3><p class="chakra-text css-1yftjin" data-testid="product-package-size">200 g, $3.50/100g</p></div></a><div class="css-8keand"></div></div><div class="css-1q5omjq"><div class="css-fcebb8"><div data-testid="atc-compact" class="css-y94ivq" style="width: 45px;"><button type="button" class="chakra-button css-mudsm6" data-testid="atc-button"><svg stroke="currentColor" fill="currentColor" stroke-width="0" viewBox="0 0 24 24" focusable="false" class="chakra-icon css-1g3sp7a" data-testid="btn-icon" aria-hidden="true" height="1em" width="1em" xmlns="http://www.w3.org/2000/svg"><path d="M19 13h-6v6h-2v-6H5v-2h6V5h2v6h6v2z"></path></svg><span class="css-idkz9h">Add Chicken Breast Strips to cart</span></button></div></div></div></div></div></div><div class="css-0"><div class="css-f5i5wc"><div class="chakra-linkbox css-vhnn8v"><div data-testid="product-image" class="css-16dr4ly"><img alt="President's Choice Calabrese Salami 150 g, $46.60/1kg $4.66/100g" src="https://assets.shop.loblaws.ca/products/20326648/b3/en/front/20326648_front_a06_@2.png" srcset="https://assets.shop.loblaws.ca/products/20326648/b3/en/front/20326648_front_a06_@2.png 1x, https://assets.shop.loblaws.ca/products/20326648/b3/en/front/20326648_front_a06_@2.png 2x" loading="lazy" class="chakra-image css-oguq8l" aria-hidden="true"></div><div class="css-qoklea"><div class="css-12dchmx"></div><div data-testid="price-product-tile" class="css-8atqhb"><p class="chakra-text css-0"><span class="chakra-text css-pwnbcb" data-testid="regular-price"><span class="css-idkz9h">$6.99</span>$6.99</span></p></div><a href="/calabrese-salami/p/20326648_EA?source=nspt" class="chakra-linkbox__overlay css-1hnz6hu"><div class="css-0"><p class="chakra-text css-1ecdp9w" data-testid="product-brand">President's Choice</p><h3 class="chakra-heading css-6qrhwc" id="20326648_EA" data-testid="product-title">Calabrese Salami</h3><p class="chakra-text css-1yftjin" data-testid="product-package-size">150 g, $46.60/1kg $4.66/100g</p></div></a><div class="css-8keand"></div></div><div class="css-1q5omjq"><div class="css-fcebb8"><div data-testid="atc-compact" class="css-y94ivq" style="width: 45px;"><button type="button" class="chakra-button css-mudsm6" data-testid="atc-button"><svg stroke="currentColor" fill="currentColor" stroke-width="0" viewBox="0 0 24 24" focusable="false" class="chakra-icon css-1g3sp7a" data-testid="btn-icon" aria-hidden="true" height="1em" width="1em" xmlns="http://www.w3.org/2000/svg"><path d="M19 13h-6v6h-2v-6H5v-2h6V5h2v6h6v2z"></path></svg><span class="css-idkz9h">Add Calabrese Salami to cart</span></button></div></div></div></div></div></div><div class="css-0"><div class="css-f5i5wc"><div class="chakra-linkbox css-vhnn8v"><div data-testid="product-image" class="css-16dr4ly"><img alt="Pillers Pepperoni Semi-Dry Cured 150 g, $3.33/100g" src="https://assets.shop.loblaws.ca/products/21568266/b3/en/front/21568266_front_a06_@2.png" srcset="https://assets.shop.loblaws.ca/products/21568266/b3/en/front/21568266_front_a06_@2.png 1x, https://assets.shop.loblaws.ca/products/21568266/b3/en/front/21568266_front_a06_@2.png 2x" loading="lazy" class="chakra-image css-oguq8l" aria-hidden="true"></div><div class="css-qoklea"><div class="css-12dchmx"></div><div data-testid="price-product-tile" class="css-8atqhb"><p class="chakra-text css-0"><span class="chakra-text css-pwnbcb" data-testid="regular-price"><span class="css-idkz9h">$5.00</span>$5.00</span></p></div><a href="/pepperoni-semi-dry-cured/p/21568266_EA?source=nspt" class="chakra-linkbox__overlay css-1hnz6hu"><div class="css-0"><p class="chakra-text css-1ecdp9w" data-testid="product-brand">Pillers</p><h3 class="chakra-heading css-6qrhwc" id="21568266_EA" data-testid="product-title">Pepperoni Semi-Dry Cured</h3><p class="chakra-text css-1yftjin" data-testid="product-package-size">150 g, $3.33/100g</p></div></a><div class="css-8keand"></div></div><div class="css-1q5omjq"><div class="css-fcebb8"><div data-testid="atc-compact" class="css-y94ivq" style="width: 45px;"><button type="button" class="chakra-button css-mudsm6" data-testid="atc-button"><svg stroke="currentColor" fill="currentColor" stroke-width="0" viewBox="0 0 24 24" focusable="false" class="chakra-icon css-1g3sp7a" data-testid="btn-icon" aria-hidden="true" height="1em" width="1em" xmlns="http://www.w3.org/2000/svg"><path d="M19 13h-6v6h-2v-6H5v-2h6V5h2v6h6v2z"></path></svg><span class="css-idkz9h">Add Pepperoni Semi-Dry Cured to cart</span></button></div></div></div></div></div></div><div class="css-0"><div class="css-f5i5wc"><div class="chakra-linkbox css-vhnn8v"><div data-testid="product-image" class="css-16dr4ly"><img alt="PC Splendido Splendido Dry-Cured Salami Cacciatore Mild 225 g, $4.22/100g" src="https://assets.shop.loblaws.ca/products/21449780/b3/en/front/21449780_front_a06_@2.png" srcset="https://assets.shop.loblaws.ca/products/21449780/b3/en/front/21449780_front_a06_@2.png 1x, https://assets.shop.loblaws.ca/products/21449780/b3/en/front/21449780_front_a06_@2.png 2x" loading="lazy" class="chakra-image css-oguq8l" aria-hidden="true"></div><div class="css-qoklea"><div class="css-12dchmx"></div><div data-testid="price-product-tile" class="css-8atqhb"><p class="chakra-text css-0"><span class="chakra-text css-pwnbcb" data-testid="regular-price"><span class="css-idkz9h">$9.49</span>$9.49</span></p></div><a href="/splendido-dry-cured-salami-cacciatore-mild/p/21449780_EA?source=nspt" class="chakra-linkbox__overlay css-1hnz6hu"><div class="css-0"><p class="chakra-text css-1ecdp9w" data-testid="product-brand">PC Splendido</p><h3 class="chakra-heading css-6qrhwc" id="21449780_EA" data-testid="product-title">Splendido Dry-Cured Salami Cacciatore Mild</h3><p class="chakra-text css-1yftjin" data-testid="product-package-size">225 g, $4.22/100g</p></div></a><div class="css-8keand"></div></div><div class="css-1q5omjq"><div class="css-fcebb8"><div data-testid="atc-compact" class="css-y94ivq" style="width: 45px;"><button type="button" class="chakra-button css-mudsm6" data-testid="atc-button"><svg stroke="currentColor" fill="currentColor" stroke-width="0" viewBox="0 0 24 24" focusable="false" class="chakra-icon css-1g3sp7a" data-testid="btn-icon" aria-hidden="true" height="1em" width="1em" xmlns="http://www.w3.org/2000/svg"><path d="M19 13h-6v6h-2v-6H5v-2h6V5h2v6h6v2z"></path></svg><span class="css-idkz9h">Add Splendido Dry-Cured Salami Cacciatore Mild to cart</span></button></div></div></div></div></div></div><div class="css-0"><div class="css-f5i5wc"><div class="chakra-linkbox css-vhnn8v"><div data-testid="product-image" class="css-16dr4ly"><img alt="Ziggy's Buffalo-Style Chicken Breast Strips 200 g, $3.50/100g" src="https://assets.shop.loblaws.ca/products/21603095/b3/en/front/21603095_front_a06_@2.png" srcset="https://assets.shop.loblaws.ca/products/21603095/b3/en/front/21603095_front_a06_@2.png 1x, https://assets.shop.loblaws.ca/products/21603095/b3/en/front/21603095_front_a06_@2.png 2x" loading="lazy" class="chakra-image css-oguq8l" aria-hidden="true"></div><div class="css-qoklea"><div class="css-12dchmx"></div><div data-testid="price-product-tile" class="css-8atqhb"><p class="chakra-text css-0"><span class="chakra-text css-pwnbcb" data-testid="regular-price"><span class="css-idkz9h">$6.99</span>$6.99</span></p></div><a href="/buffalo-style-chicken-breast-strips/p/21603095_EA?source=nspt" class="chakra-linkbox__overlay css-1hnz6hu"><div class="css-0"><p class="chakra-text css-1ecdp9w" data-testid="product-brand">Ziggy's</p><h3 class="chakra-heading css-6qrhwc" id="21603095_EA" data-testid="product-title">Buffalo-Style Chicken Breast Strips</h3><p class="chakra-text css-1yftjin" data-testid="product-package-size">200 g, $3.50/100g</p></div></a><div class="css-8keand"></div></div><div class="css-1q5omjq"><div class="css-fcebb8"><div data-testid="atc-compact" class="css-y94ivq" style="width: 45px;"><button type="button" class="chakra-button css-mudsm6" data-testid="atc-button"><svg stroke="currentColor" fill="currentColor" stroke-width="0" viewBox="0 0 24 24" focusable="false" class="chakra-icon css-1g3sp7a" data-testid="btn-icon" aria-hidden="true" height="1em" width="1em" xmlns="http://www.w3.org/2000/svg"><path d="M19 13h-6v6h-2v-6H5v-2h6V5h2v6h6v2z"></path></svg><span class="css-idkz9h">Add Buffalo-Style Chicken Breast Strips to cart</span></button></div></div></div></div></div></div><div class="css-0"><div class="css-f5i5wc"><div class="chakra-linkbox css-vhnn8v"><div data-testid="product-image" class="css-16dr4ly"><img alt="Marcangelo Cacciatore Salami, Mild 300 g, $4.33/100g" src="https://assets.shop.loblaws.ca/products/21021491/b3/en/front/21021491_front_a06_@2.png" srcset="https://assets.shop.loblaws.ca/products/21021491/b3/en/front/21021491_front_a06_@2.png 1x, https://assets.shop.loblaws.ca/products/21021491/b3/en/front/21021491_front_a06_@2.png 2x" loading="lazy" class="chakra-image css-oguq8l" aria-hidden="true"></div><div class="css-qoklea"><div class="css-12dchmx"></div><div data-testid="price-product-tile" class="css-8atqhb"><p class="chakra-text css-0"><span class="chakra-text css-pwnbcb" data-testid="regular-price"><span class="css-idkz9h">$12.99</span>$12.99</span></p></div><a href="/cacciatore-salami-mild/p/21021491_EA?source=nspt" class="chakra-linkbox__overlay css-1hnz6hu"><div class="css-0"><p class="chakra-text css-1ecdp9w" data-testid="product-brand">Marcangelo</p><h3 class="chakra-heading css-6qrhwc" id="21021491_EA" data-testid="product-title">Cacciatore Salami, Mild</h3><p class="chakra-text css-1yftjin" data-testid="product-package-size">300 g, $4.33/100g</p></div></a><div class="css-8keand"></div></div><div class="css-1q5omjq"><div class="css-fcebb8"><div data-testid="atc-compact" class="css-y94ivq" style="width: 45px;"><button type="button" class="chakra-button css-mudsm6" data-testid="atc-button"><svg stroke="currentColor" fill="currentColor" stroke-width="0" viewBox="0 0 24 24" focusable="false" class="chakra-icon css-1g3sp7a" data-testid="btn-icon" aria-hidden="true" height="1em" width="1em" xmlns="http://www.w3.org/2000/svg"><path d="M19 13h-6v6h-2v-6H5v-2h6V5h2v6h6v2z"></path></svg><span class="css-idkz9h">Add Cacciatore Salami, Mild to cart</span></button></div></div></div></div></div></div><div class="css-0"><div class="css-f5i5wc"><div class="chakra-linkbox css-vhnn8v"><div data-testid="product-image" class="css-16dr4ly"><img alt="President's Choice Pepperellos, Original 500 g, $25.98/1kg $2.60/100g" src="https://assets.shop.loblaws.ca/products/20923774/b3/en/front/20923774_front_a06_@2.png" srcset="https://assets.shop.loblaws.ca/products/20923774/b3/en/front/20923774_front_a06_@2.png 1x, https://assets.shop.loblaws.ca/products/20923774/b3/en/front/20923774_front_a06_@2.png 2x" loading="lazy" class="chakra-image css-oguq8l" aria-hidden="true"></div><div class="css-qoklea"><div class="css-12dchmx"></div><div data-testid="price-product-tile" class="css-8atqhb"><p class="chakra-text css-0"><span class="chakra-text css-pwnbcb" data-testid="regular-price"><span class="css-idkz9h">$12.99</span>$12.99</span></p></div><a href="/pepperellos-original/p/20923774_EA?source=nspt" class="chakra-linkbox__overlay css-1hnz6hu"><div class="css-0"><p class="chakra-text css-1ecdp9w" data-testid="product-brand">President's Choice</p><h3 class="chakra-heading css-6qrhwc" id="20923774_EA" data-testid="product-title">Pepperellos, Original</h3><p class="chakra-text css-1yftjin" data-testid="product-package-size">500 g, $25.98/1kg $2.60/100g</p></div></a><div class="css-8keand"></div></div><div class="css-1q5omjq"><div class="css-fcebb8"><div data-testid="atc-compact" class="css-y94ivq" style="width: 45px;"><button type="button" class="chakra-button css-mudsm6" data-testid="atc-button"><svg stroke="currentColor" fill="currentColor" stroke-width="0" viewBox="0 0 24 24" focusable="false" class="chakra-icon css-1g3sp7a" data-testid="btn-icon" aria-hidden="true" height="1em" width="1em" xmlns="http://www.w3.org/2000/svg"><path d="M19 13h-6v6h-2v-6H5v-2h6V5h2v6h6v2z"></path></svg><span class="css-idkz9h">Add Pepperellos, Original to cart</span></button></div></div></div></div></div></div><div class="css-0"><div class="css-f5i5wc"><div class="chakra-linkbox css-vhnn8v"><div data-testid="product-image" class="css-16dr4ly"><img alt="Carl Buddig Ham, Sliced 55 g, $36.18/1kg $3.62/100g" src="https://assets.shop.loblaws.ca/products/20663114/b3/en/front/20663114_front_a06_@2.png" srcset="https://assets.shop.loblaws.ca/products/20663114/b3/en/front/20663114_front_a06_@2.png 1x, https://assets.shop.loblaws.ca/products/20663114/b3/en/front/20663114_front_a06_@2.png 2x" loading="lazy" class="chakra-image css-oguq8l" aria-hidden="true"></div><div class="css-qoklea"><div class="css-12dchmx"></div><div data-testid="price-product-tile" class="css-8atqhb"><p class="chakra-text css-0"><span class="chakra-text css-pwnbcb" data-testid="regular-price"><span class="css-idkz9h">$1.99</span>$1.99</span></p></div><a href="/ham-sliced/p/20663114_EA?source=nspt" class="chakra-linkbox__overlay css-1hnz6hu"><div class="css-0"><p class="chakra-text css-1ecdp9w" data-testid="product-brand">Carl Buddig</p><h3 class="chakra-heading css-6qrhwc" id="20663114_EA" data-testid="product-title">Ham, Sliced</h3><p class="chakra-text css-1yftjin" data-testid="product-package-size">55 g, $36.18/1kg $3.62/100g</p></div></a><div class="css-8keand"></div></div><div class="css-1q5omjq"><div class="css-fcebb8"><div data-testid="atc-compact" class="css-y94ivq" style="width: 45px;"><button type="button" class="chakra-button css-mudsm6" data-testid="atc-button"><svg stroke="currentColor" fill="currentColor" stroke-width="0" viewBox="0 0 24 24" focusable="false" class="chakra-icon css-1g3sp7a" data-testid="btn-icon" aria-hidden="true" height="1em" width="1em" xmlns="http://www.w3.org/2000/svg"><path d="M19 13h-6v6h-2v-6H5v-2h6V5h2v6h6v2z"></path></svg><span class="css-idkz9h">Add Ham, Sliced to cart</span></button></div></div></div></div></div></div><div class="css-0"><div class="css-f5i5wc"><div class="chakra-linkbox css-vhnn8v"><div data-testid="product-image" class="css-16dr4ly"><img alt="No Name Garlic Sausage Coil 750 g, $1.20/100g" src="https://assets.shop.loblaws.ca/products/20090793/b3/en/front/20090793_front_a06_@2.png" srcset="https://assets.shop.loblaws.ca/products/20090793/b3/en/front/20090793_front_a06_@2.png 1x, https://assets.shop.loblaws.ca/products/20090793/b3/en/front/20090793_front_a06_@2.png 2x" loading="lazy" class="chakra-image css-oguq8l" aria-hidden="true"></div><div class="css-qoklea"><div class="css-12dchmx"></div><div data-testid="price-product-tile" class="css-8atqhb"><p class="chakra-text css-0"><span class="chakra-text css-o93gbd" data-testid="sale-price"><span class="css-idkz9h">$9.00</span>$9.00</span><span class="chakra-text css-623q5h" data-testid="was-price"><span class="css-idkz9h">$10.00</span>$10.00</span></p><p class="chakra-text css-1m5a6y8" data-testid="price-descriptor">SAVE $1.00</p></div><a href="/garlic-sausage-coil/p/20090793_EA?source=nspt" class="chakra-linkbox__overlay css-1hnz6hu"><div class="css-0"><p class="chakra-text css-1ecdp9w" data-testid="product-brand">No Name</p><h3 class="chakra-heading css-6qrhwc" id="20090793_EA" data-testid="product-title">Garlic Sausage Coil</h3><p class="chakra-text css-1yftjin" data-testid="product-package-size">750 g, $1.20/100g</p></div></a><div class="css-8keand"></div></div><div class="css-1q5omjq"><div class="css-fcebb8"><div data-testid="atc-compact" class="css-y94ivq" style="width: 45px;"><button disabled="" type="button" class="chakra-button css-mudsm6" data-testid="atc-button"><svg stroke="currentColor" fill="currentColor" stroke-width="0" viewBox="0 0 24 24" focusable="false" class="chakra-icon css-1g3sp7a" data-testid="btn-icon" aria-hidden="true" height="1em" width="1em" xmlns="http://www.w3.org/2000/svg"><path d="M19 13h-6v6h-2v-6H5v-2h6V5h2v6h6v2z"></path></svg><span class="css-idkz9h">Add Garlic Sausage Coil to cart</span></button></div></div><div class="css-4saf4a"><p class="chakra-text css-py8788" data-testid="inventory-badge-text">Out of Stock</p></div></div></div></div></div><div class="css-0"><div class="css-f5i5wc"><div class="chakra-linkbox css-vhnn8v"><div data-testid="product-image" class="css-16dr4ly"><img alt="President's Choice Deli Assortment Slices 400 g, $3.75/100g" src="https://assets.shop.loblaws.ca/products/21105597/b3/en/front/21105597_front_a06_@2.png" srcset="https://assets.shop.loblaws.ca/products/21105597/b3/en/front/21105597_front_a06_@2.png 1x, https://assets.shop.loblaws.ca/products/21105597/b3/en/front/21105597_front_a06_@2.png 2x" loading="lazy" class="chakra-image css-oguq8l" aria-hidden="true"></div><div class="css-qoklea"><div class="css-12dchmx"></div><div data-testid="price-product-tile" class="css-8atqhb"><p class="chakra-text css-0"><span class="chakra-text css-pwnbcb" data-testid="regular-price"><span class="css-idkz9h">$14.99</span>$14.99</span></p></div><a href="/deli-assortment-slices/p/21105597_EA?source=nspt" class="chakra-linkbox__overlay css-1hnz6hu"><div class="css-0"><p class="chakra-text css-1ecdp9w" data-testid="product-brand">President's Choice</p><h3 class="chakra-heading css-6qrhwc" id="21105597_EA" data-testid="product-title">Deli Assortment Slices</h3><p class="chakra-text css-1yftjin" data-testid="product-package-size">400 g, $3.75/100g</p></div></a><div class="css-8keand"></div></div><div class="css-1q5omjq"><div class="css-fcebb8"><div data-testid="atc-compact" class="css-y94ivq" style="width: 45px;"><button type="button" class="chakra-button css-mudsm6" data-testid="atc-button"><svg stroke="currentColor" fill="currentColor" stroke-width="0" viewBox="0 0 24 24" focusable="false" class="chakra-icon css-1g3sp7a" data-testid="btn-icon" aria-hidden="true" height="1em" width="1em" xmlns="http://www.w3.org/2000/svg"><path d="M19 13h-6v6h-2v-6H5v-2h6V5h2v6h6v2z"></path></svg><span class="css-idkz9h">Add Deli Assortment Slices to cart</span></button></div></div></div></div></div></div><div class="css-0"><div class="css-f5i5wc"><div class="chakra-linkbox css-vhnn8v"><div data-testid="product-image" class="css-16dr4ly"><img alt="PC Splendido Splendido Dry-Cured Salami Cacciatore with Prosciutto  225 g, $4.22/100g" src="https://assets.shop.loblaws.ca/products/21449787/b3/en/front/21449787_front_a06_@2.png" srcset="https://assets.shop.loblaws.ca/products/21449787/b3/en/front/21449787_front_a06_@2.png 1x, https://assets.shop.loblaws.ca/products/21449787/b3/en/front/21449787_front_a06_@2.png 2x" loading="lazy" class="chakra-image css-oguq8l" aria-hidden="true"></div><div class="css-qoklea"><div class="css-12dchmx"></div><div data-testid="price-product-tile" class="css-8atqhb"><p class="chakra-text css-0"><span class="chakra-text css-pwnbcb" data-testid="regular-price"><span class="css-idkz9h">$9.49</span>$9.49</span></p></div><a href="/splendido-dry-cured-salami-cacciatore-with-prosciu/p/21449787_EA?source=nspt" class="chakra-linkbox__overlay css-1hnz6hu"><div class="css-0"><p class="chakra-text css-1ecdp9w" data-testid="product-brand">PC Splendido</p><h3 class="chakra-heading css-6qrhwc" id="21449787_EA" data-testid="product-title">Splendido Dry-Cured Salami Cacciatore with Prosciutto </h3><p class="chakra-text css-1yftjin" data-testid="product-package-size">225 g, $4.22/100g</p></div></a><div class="css-8keand"></div></div><div class="css-1q5omjq"><div class="css-fcebb8"><div data-testid="atc-compact" class="css-y94ivq" style="width: 45px;"><button type="button" class="chakra-button css-mudsm6" data-testid="atc-button"><svg stroke="currentColor" fill="currentColor" stroke-width="0" viewBox="0 0 24 24" focusable="false" class="chakra-icon css-1g3sp7a" data-testid="btn-icon" aria-hidden="true" height="1em" width="1em" xmlns="http://www.w3.org/2000/svg"><path d="M19 13h-6v6h-2v-6H5v-2h6V5h2v6h6v2z"></path></svg><span class="css-idkz9h">Add Splendido Dry-Cured Salami Cacciatore with Prosciutto  to cart</span></button></div></div></div></div></div></div><div class="css-0"><div class="css-f5i5wc"><div class="chakra-linkbox css-vhnn8v"><div data-testid="product-image" class="css-16dr4ly"><img alt="PC Splendido Splendido Dry-Cured Salami Cacciatore Hot  225 g, $4.22/100g" src="https://assets.shop.loblaws.ca/products/21449758/b3/en/front/21449758_front_a06_@2.png" srcset="https://assets.shop.loblaws.ca/products/21449758/b3/en/front/21449758_front_a06_@2.png 1x, https://assets.shop.loblaws.ca/products/21449758/b3/en/front/21449758_front_a06_@2.png 2x" loading="lazy" class="chakra-image css-oguq8l" aria-hidden="true"></div><div class="css-qoklea"><div class="css-12dchmx"></div><div data-testid="price-product-tile" class="css-8atqhb"><p class="chakra-text css-0"><span class="chakra-text css-pwnbcb" data-testid="regular-price"><span class="css-idkz9h">$9.49</span>$9.49</span></p></div><a href="/splendido-dry-cured-salami-cacciatore-hot/p/21449758_EA?source=nspt" class="chakra-linkbox__overlay css-1hnz6hu"><div class="css-0"><p class="chakra-text css-1ecdp9w" data-testid="product-brand">PC Splendido</p><h3 class="chakra-heading css-6qrhwc" id="21449758_EA" data-testid="product-title">Splendido Dry-Cured Salami Cacciatore Hot </h3><p class="chakra-text css-1yftjin" data-testid="product-package-size">225 g, $4.22/100g</p></div></a><div class="css-8keand"></div></div><div class="css-1q5omjq"><div class="css-fcebb8"><div data-testid="atc-compact" class="css-y94ivq" style="width: 45px;"><button type="button" class="chakra-button css-mudsm6" data-testid="atc-button"><svg stroke="currentColor" fill="currentColor" stroke-width="0" viewBox="0 0 24 24" focusable="false" class="chakra-icon css-1g3sp7a" data-testid="btn-icon" aria-hidden="true" height="1em" width="1em" xmlns="http://www.w3.org/2000/svg"><path d="M19 13h-6v6h-2v-6H5v-2h6V5h2v6h6v2z"></path></svg><span class="css-idkz9h">Add Splendido Dry-Cured Salami Cacciatore Hot  to cart</span></button></div></div></div></div></div></div><div class="css-0"><div class="css-f5i5wc"><div class="chakra-linkbox css-vhnn8v"><div data-testid="product-image" class="css-16dr4ly"><img alt="One World Halal Mortadella 375 g, $2.00/100g" src="https://assets.shop.loblaws.ca/products/21348489/b3/en/front/21348489_front_a06_@2.png" srcset="https://assets.shop.loblaws.ca/products/21348489/b3/en/front/21348489_front_a06_@2.png 1x, https://assets.shop.loblaws.ca/products/21348489/b3/en/front/21348489_front_a06_@2.png 2x" loading="lazy" class="chakra-image css-oguq8l" aria-hidden="true"></div><div class="css-qoklea"><div class="css-12dchmx"></div><div data-testid="price-product-tile" class="css-8atqhb"><p class="chakra-text css-0"><span class="chakra-text css-pwnbcb" data-testid="regular-price"><span class="css-idkz9h">$7.49</span>$7.49</span></p></div><a href="/mortadella/p/21348489_EA?source=nspt" class="chakra-linkbox__overlay css-1hnz6hu"><div class="css-0"><p class="chakra-text css-1ecdp9w" data-testid="product-brand">One World Halal</p><h3 class="chakra-heading css-6qrhwc" id="21348489_EA" data-testid="product-title">Mortadella</h3><p class="chakra-text css-1yftjin" data-testid="product-package-size">375 g, $2.00/100g</p></div></a><div class="css-8keand"></div></div><div class="css-1q5omjq"><div class="css-fcebb8"><div data-testid="atc-compact" class="css-y94ivq" style="width: 45px;"><button type="button" class="chakra-button css-mudsm6" data-testid="atc-button"><svg stroke="currentColor" fill="currentColor" stroke-width="0" viewBox="0 0 24 24" focusable="false" class="chakra-icon css-1g3sp7a" data-testid="btn-icon" aria-hidden="true" height="1em" width="1em" xmlns="http://www.w3.org/2000/svg"><path d="M19 13h-6v6h-2v-6H5v-2h6V5h2v6h6v2z"></path></svg><span class="css-idkz9h">Add Mortadella to cart</span></button></div></div></div></div></div></div><div class="css-0"><div class="css-f5i5wc"><div class="chakra-linkbox css-vhnn8v"><div data-testid="product-image" class="css-16dr4ly"><img alt="President's Choice Thinly Sliced Hot Genoa Salami 150 g, $46.60/1kg $4.66/100g" src="https://assets.shop.loblaws.ca/products/20308327/b3/en/front/20308327_front_a06_@2.png" srcset="https://assets.shop.loblaws.ca/products/20308327/b3/en/front/20308327_front_a06_@2.png 1x, https://assets.shop.loblaws.ca/products/20308327/b3/en/front/20308327_front_a06_@2.png 2x" loading="lazy" class="chakra-image css-oguq8l" aria-hidden="true"></div><div class="css-qoklea"><div class="css-12dchmx"></div><div data-testid="price-product-tile" class="css-8atqhb"><p class="chakra-text css-0"><span class="chakra-text css-pwnbcb" data-testid="regular-price"><span class="css-idkz9h">$6.99</span>$6.99</span></p></div><a href="/thinly-sliced-hot-genoa-salami/p/20308327_EA?source=nspt" class="chakra-linkbox__overlay css-1hnz6hu"><div class="css-0"><p class="chakra-text css-1ecdp9w" data-testid="product-brand">President's Choice</p><h3 class="chakra-heading css-6qrhwc" id="20308327_EA" data-testid="product-title">Thinly Sliced Hot Genoa Salami</h3><p class="chakra-text css-1yftjin" data-testid="product-package-size">150 g, $46.60/1kg $4.66/100g</p></div></a><div class="css-8keand"></div></div><div class="css-1q5omjq"><div class="css-fcebb8"><div data-testid="atc-compact" class="css-y94ivq" style="width: 45px;"><button type="button" class="chakra-button css-mudsm6" data-testid="atc-button"><svg stroke="currentColor" fill="currentColor" stroke-width="0" viewBox="0 0 24 24" focusable="false" class="chakra-icon css-1g3sp7a" data-testid="btn-icon" aria-hidden="true" height="1em" width="1em" xmlns="http://www.w3.org/2000/svg"><path d="M19 13h-6v6h-2v-6H5v-2h6V5h2v6h6v2z"></path></svg><span class="css-idkz9h">Add Thinly Sliced Hot Genoa Salami to cart</span></button></div></div></div></div></div></div><div class="css-0"><div class="css-f5i5wc"><div class="chakra-linkbox css-vhnn8v"><div data-testid="product-image" class="css-16dr4ly"><img alt="Carl Buddig Turkey, Sliced 55 g, $36.18/1kg $3.62/100g" src="https://assets.shop.loblaws.ca/products/20662015/b3/en/front/20662015_front_a06_@2.png" srcset="https://assets.shop.loblaws.ca/products/20662015/b3/en/front/20662015_front_a06_@2.png 1x, https://assets.shop.loblaws.ca/products/20662015/b3/en/front/20662015_front_a06_@2.png 2x" loading="lazy" class="chakra-image css-oguq8l" aria-hidden="true"></div><div class="css-qoklea"><div class="css-12dchmx"></div><div data-testid="price-product-tile" class="css-8atqhb"><p class="chakra-text css-0"><span class="chakra-text css-pwnbcb" data-testid="regular-price"><span class="css-idkz9h">$1.99</span>$1.99</span></p></div><a href="/turkey-sliced/p/20662015_EA?source=nspt" class="chakra-linkbox__overlay css-1hnz6hu"><div class="css-0"><p class="chakra-text css-1ecdp9w" data-testid="product-brand">Carl Buddig</p><h3 class="chakra-heading css-6qrhwc" id="20662015_EA" data-testid="product-title">Turkey, Sliced</h3><p class="chakra-text css-1yftjin" data-testid="product-package-size">55 g, $36.18/1kg $3.62/100g</p></div></a><div class="css-8keand"></div></div><div class="css-1q5omjq"><div class="css-fcebb8"><div data-testid="atc-compact" class="css-y94ivq" style="width: 45px;"><button type="button" class="chakra-button css-mudsm6" data-testid="atc-button"><svg stroke="currentColor" fill="currentColor" stroke-width="0" viewBox="0 0 24 24" focusable="false" class="chakra-icon css-1g3sp7a" data-testid="btn-icon" aria-hidden="true" height="1em" width="1em" xmlns="http://www.w3.org/2000/svg"><path d="M19 13h-6v6h-2v-6H5v-2h6V5h2v6h6v2z"></path></svg><span class="css-idkz9h">Add Turkey, Sliced to cart</span></button></div></div></div></div></div></div><div class="css-0"><div class="css-f5i5wc"><div class="chakra-linkbox css-vhnn8v"><div data-testid="product-image" class="css-16dr4ly"><img alt="San Daniele Prosciutto 100 g, $5.99/100g" src="https://assets.shop.loblaws.ca/products/20581660/b3/en/front/20581660_front_a06_@2.png" srcset="https://assets.shop.loblaws.ca/products/20581660/b3/en/front/20581660_front_a06_@2.png 1x, https://assets.shop.loblaws.ca/products/20581660/b3/en/front/20581660_front_a06_@2.png 2x" loading="lazy" class="chakra-image css-oguq8l" aria-hidden="true"></div><div class="css-qoklea"><div class="css-12dchmx"></div><div data-testid="price-product-tile" class="css-8atqhb"><p class="chakra-text css-0"><span class="chakra-text css-pwnbcb" data-testid="regular-price"><span class="css-idkz9h">$5.99</span>$5.99</span></p></div><a href="/prosciutto/p/20581660_EA?source=nspt" class="chakra-linkbox__overlay css-1hnz6hu"><div class="css-0"><p class="chakra-text css-1ecdp9w" data-testid="product-brand">San Daniele</p><h3 class="chakra-heading css-6qrhwc" id="20581660_EA" data-testid="product-title">Prosciutto</h3><p class="chakra-text css-1yftjin" data-testid="product-package-size">100 g, $5.99/100g</p></div></a><div class="css-8keand"></div></div><div class="css-1q5omjq"><div class="css-fcebb8"><div data-testid="atc-compact" class="css-y94ivq" style="width: 45px;"><button type="button" class="chakra-button css-mudsm6" data-testid="atc-button"><svg stroke="currentColor" fill="currentColor" stroke-width="0" viewBox="0 0 24 24" focusable="false" class="chakra-icon css-1g3sp7a" data-testid="btn-icon" aria-hidden="true" height="1em" width="1em" xmlns="http://www.w3.org/2000/svg"><path d="M19 13h-6v6h-2v-6H5v-2h6V5h2v6h6v2z"></path></svg><span class="css-idkz9h">Add Prosciutto to cart</span></button></div></div></div></div></div></div><div class="css-0"><div class="css-f5i5wc"><div class="chakra-linkbox css-vhnn8v"><div data-testid="product-image" class="css-16dr4ly"><img alt="President's Choice Free From Oven-Roasted Chicken Breast 375 g, $3.60/100g" src="https://assets.shop.loblaws.ca/products/21076606/b3/en/front/21076606_front_a06_@2.png" srcset="https://assets.shop.loblaws.ca/products/21076606/b3/en/front/21076606_front_a06_@2.png 1x, https://assets.shop.loblaws.ca/products/21076606/b3/en/front/21076606_front_a06_@2.png 2x" loading="lazy" class="chakra-image css-oguq8l" aria-hidden="true"></div><div class="css-qoklea"><div class="css-12dchmx"></div><div data-testid="price-product-tile" class="css-8atqhb"><p class="chakra-text css-0"><span class="chakra-text css-pwnbcb" data-testid="regular-price"><span class="css-idkz9h">$13.49</span>$13.49</span></p></div><a href="/free-from-oven-roasted-chicken-breast/p/21076606_EA?source=nspt" class="chakra-linkbox__overlay css-1hnz6hu"><div class="css-0"><p class="chakra-text css-1ecdp9w" data-testid="product-brand">President's Choice</p><h3 class="chakra-heading css-6qrhwc" id="21076606_EA" data-testid="product-title">Free From Oven-Roasted Chicken Breast</h3><p class="chakra-text css-1yftjin" data-testid="product-package-size">375 g, $3.60/100g</p></div></a><div class="css-8keand"></div></div><div class="css-1q5omjq"><div class="css-fcebb8"><div data-testid="atc-compact" class="css-y94ivq" style="width: 45px;"><button type="button" class="chakra-button css-mudsm6" data-testid="atc-button"><svg stroke="currentColor" fill="currentColor" stroke-width="0" viewBox="0 0 24 24" focusable="false" class="chakra-icon css-1g3sp7a" data-testid="btn-icon" aria-hidden="true" height="1em" width="1em" xmlns="http://www.w3.org/2000/svg"><path d="M19 13h-6v6h-2v-6H5v-2h6V5h2v6h6v2z"></path></svg><span class="css-idkz9h">Add Free From Oven-Roasted Chicken Breast to cart</span></button></div></div></div></div></div></div><div class="css-0"><div class="css-f5i5wc"><div class="chakra-linkbox css-vhnn8v"><div data-testid="product-image" class="css-16dr4ly"><img alt="Marcangelo Prosciutto 100 g, $59.90/1kg $5.99/100g" src="https://assets.shop.loblaws.ca/products/20864839/b3/en/front/20864839_front_a06_@2.png" srcset="https://assets.shop.loblaws.ca/products/20864839/b3/en/front/20864839_front_a06_@2.png 1x, https://assets.shop.loblaws.ca/products/20864839/b3/en/front/20864839_front_a06_@2.png 2x" loading="lazy" class="chakra-image css-oguq8l" aria-hidden="true"></div><div class="css-qoklea"><div class="css-12dchmx"></div><div data-testid="price-product-tile" class="css-8atqhb"><p class="chakra-text css-0"><span class="chakra-text css-o93gbd" data-testid="sale-price"><span class="css-idkz9h">$5.99</span>$5.99</span><span class="chakra-text css-623q5h" data-testid="was-price"><span class="css-idkz9h">$7.49</span>$7.49</span></p><p class="chakra-text css-1m5a6y8" data-testid="price-descriptor">SAVE $1.50</p></div><a href="/prosciutto/p/20864839_EA?source=nspt" class="chakra-linkbox__overlay css-1hnz6hu"><div class="css-0"><p class="chakra-text css-1ecdp9w" data-testid="product-brand">Marcangelo</p><h3 class="chakra-heading css-6qrhwc" id="20864839_EA" data-testid="product-title">Prosciutto</h3><p class="chakra-text css-1yftjin" data-testid="product-package-size">100 g, $59.90/1kg $5.99/100g</p></div></a><div class="css-8keand"></div></div><div class="css-1q5omjq"><div class="css-fcebb8"><div data-testid="atc-compact" class="css-y94ivq" style="width: 45px;"><button disabled="" type="button" class="chakra-button css-mudsm6" data-testid="atc-button"><svg stroke="currentColor" fill="currentColor" stroke-width="0" viewBox="0 0 24 24" focusable="false" class="chakra-icon css-1g3sp7a" data-testid="btn-icon" aria-hidden="true" height="1em" width="1em" xmlns="http://www.w3.org/2000/svg"><path d="M19 13h-6v6h-2v-6H5v-2h6V5h2v6h6v2z"></path></svg><span class="css-idkz9h">Add Prosciutto to cart</span></button></div></div><div class="css-4saf4a"><p class="chakra-text css-py8788" data-testid="inventory-badge-text">Out of Stock</p></div></div></div></div></div><div class="css-0"><div class="css-f5i5wc"><div class="chakra-linkbox css-vhnn8v"><div data-testid="product-image" class="css-16dr4ly"><img alt="Ziggy's Pepperoni, Sliced Club Pack 500 g, $22.98/1kg $2.30/100g" src="https://assets.shop.loblaws.ca/products/20040698/b3/en/front/20040698_front_a06_@2.png" srcset="https://assets.shop.loblaws.ca/products/20040698/b3/en/front/20040698_front_a06_@2.png 1x, https://assets.shop.loblaws.ca/products/20040698/b3/en/front/20040698_front_a06_@2.png 2x" loading="lazy" class="chakra-image css-oguq8l" aria-hidden="true"></div><div class="css-qoklea"><div class="css-12dchmx"></div><div data-testid="price-product-tile" class="css-8atqhb"><p class="chakra-text css-0"><span class="chakra-text css-pwnbcb" data-testid="regular-price"><span class="css-idkz9h">$11.49</span>$11.49</span></p></div><a href="/pepperoni-sliced-club-pack/p/20040698_EA?source=nspt" class="chakra-linkbox__overlay css-1hnz6hu"><div class="css-0"><p class="chakra-text css-1ecdp9w" data-testid="product-brand">Ziggy's</p><h3 class="chakra-heading css-6qrhwc" id="20040698_EA" data-testid="product-title">Pepperoni, Sliced Club Pack</h3><p class="chakra-text css-1yftjin" data-testid="product-package-size">500 g, $22.98/1kg $2.30/100g</p></div></a><div class="css-8keand"></div></div><div class="css-1q5omjq"><div class="css-fcebb8"><div data-testid="atc-compact" class="css-y94ivq" style="width: 45px;"><button type="button" class="chakra-button css-mudsm6" data-testid="atc-button"><svg stroke="currentColor" fill="currentColor" stroke-width="0" viewBox="0 0 24 24" focusable="false" class="chakra-icon css-1g3sp7a" data-testid="btn-icon" aria-hidden="true" height="1em" width="1em" xmlns="http://www.w3.org/2000/svg"><path d="M19 13h-6v6h-2v-6H5v-2h6V5h2v6h6v2z"></path></svg><span class="css-idkz9h">Add Pepperoni, Sliced Club Pack to cart</span></button></div></div><div class="css-4saf4a"><p class="chakra-text css-py8788" data-testid="inventory-badge-text">Low Stock</p></div></div></div></div></div><div class="css-0"><div class="css-f5i5wc"><div class="chakra-linkbox css-vhnn8v"><div data-testid="product-image" class="css-16dr4ly"><img alt="President's Choice Diced Pancetta 150 g, $49.93/1kg $4.99/100g" src="https://assets.shop.loblaws.ca/products/20049345/b3/en/front/20049345_front_a06_@2.png" srcset="https://assets.shop.loblaws.ca/products/20049345/b3/en/front/20049345_front_a06_@2.png 1x, https://assets.shop.loblaws.ca/products/20049345/b3/en/front/20049345_front_a06_@2.png 2x" loading="lazy" class="chakra-image css-oguq8l" aria-hidden="true"></div><div class="css-qoklea"><div class="css-12dchmx"></div><div data-testid="price-product-tile" class="css-8atqhb"><p class="chakra-text css-0"><span class="chakra-text css-pwnbcb" data-testid="regular-price"><span class="css-idkz9h">$7.49</span>$7.49</span></p></div><a href="/diced-pancetta/p/20049345_EA?source=nspt" class="chakra-linkbox__overlay css-1hnz6hu"><div class="css-0"><p class="chakra-text css-1ecdp9w" data-testid="product-brand">President's Choice</p><h3 class="chakra-heading css-6qrhwc" id="20049345_EA" data-testid="product-title">Diced Pancetta</h3><p class="chakra-text css-1yftjin" data-testid="product-package-size">150 g, $49.93/1kg $4.99/100g</p></div></a><div class="css-8keand"></div></div><div class="css-1q5omjq"><div class="css-fcebb8"><div data-testid="atc-compact" class="css-y94ivq" style="width: 45px;"><button type="button" class="chakra-button css-mudsm6" data-testid="atc-button"><svg stroke="currentColor" fill="currentColor" stroke-width="0" viewBox="0 0 24 24" focusable="false" class="chakra-icon css-1g3sp7a" data-testid="btn-icon" aria-hidden="true" height="1em" width="1em" xmlns="http://www.w3.org/2000/svg"><path d="M19 13h-6v6h-2v-6H5v-2h6V5h2v6h6v2z"></path></svg><span class="css-idkz9h">Add Diced Pancetta to cart</span></button></div></div><div class="css-4saf4a"><p class="chakra-text css-py8788" data-testid="inventory-badge-text">Low Stock</p></div></div></div></div></div><div class="css-0"><div class="css-f5i5wc"><div class="chakra-linkbox css-vhnn8v"><div data-testid="product-image" class="css-16dr4ly"><img alt="Maple Leaf Natural Selections Shaved Deli Chicken Breast, Hickory Smoked 175 g, $34.23/1kg $3.42/100g" src="https://assets.shop.loblaws.ca/products/20670376/b3/en/front/20670376_front_a06_@2.png" srcset="https://assets.shop.loblaws.ca/products/20670376/b3/en/front/20670376_front_a06_@2.png 1x, https://assets.shop.loblaws.ca/products/20670376/b3/en/front/20670376_front_a06_@2.png 2x" loading="lazy" class="chakra-image css-oguq8l" aria-hidden="true"></div><div class="css-qoklea"><div class="css-12dchmx"></div><div data-testid="price-product-tile" class="css-8atqhb"><p class="chakra-text css-0"><span class="chakra-text css-o93gbd" data-testid="sale-price"><span class="css-idkz9h">$5.99</span>$5.99</span><span class="chakra-text css-623q5h" data-testid="was-price"><span class="css-idkz9h">$7.49</span>$7.49</span></p><p class="chakra-text css-1m5a6y8" data-testid="price-descriptor">SAVE $1.50</p></div><a href="/natural-selections-shaved-deli-chicken-breast-hick/p/20670376_EA?source=nspt" class="chakra-linkbox__overlay css-1hnz6hu"><div class="css-0"><p class="chakra-text css-1ecdp9w" data-testid="product-brand">Maple Leaf</p><h3 class="chakra-heading css-6qrhwc" id="20670376_EA" data-testid="product-title">Natural Selections Shaved Deli Chicken Breast, Hickory Smoked</h3><p class="chakra-text css-1yftjin" data-testid="product-package-size">175 g, $34.23/1kg $3.42/100g</p></div></a><div class="css-8keand"></div></div><div class="css-1q5omjq"><div class="css-fcebb8"><div data-testid="atc-compact" class="css-y94ivq" style="width: 45px;"><button type="button" class="chakra-button css-mudsm6" data-testid="atc-button"><svg stroke="currentColor" fill="currentColor" stroke-width="0" viewBox="0 0 24 24" focusable="false" class="chakra-icon css-1g3sp7a" data-testid="btn-icon" aria-hidden="true" height="1em" width="1em" xmlns="http://www.w3.org/2000/svg"><path d="M19 13h-6v6h-2v-6H5v-2h6V5h2v6h6v2z"></path></svg><span class="css-idkz9h">Add Natural Selections Shaved Deli Chicken Breast, Hickory Smoked to cart</span></button></div></div></div></div></div></div><div class="css-0"><div class="css-f5i5wc"><div class="chakra-linkbox css-vhnn8v"><div data-testid="product-image" class="css-16dr4ly"><img alt="Ziggy's Smoked Chicken Breast Slices 175 g, $2.00/100g" src="https://assets.shop.loblaws.ca/products/21590180/b3/en/front/21590180_front_a06_@2.png" srcset="https://assets.shop.loblaws.ca/products/21590180/b3/en/front/21590180_front_a06_@2.png 1x, https://assets.shop.loblaws.ca/products/21590180/b3/en/front/21590180_front_a06_@2.png 2x" loading="lazy" class="chakra-image css-oguq8l" aria-hidden="true"></div><div class="css-qoklea"><div class="css-12dchmx"><div class="chakra-badge css-34x0wr" data-testid="product-badge"><div class="css-u4p24i">New</div></div></div><div data-testid="price-product-tile" class="css-8atqhb"><p class="chakra-text css-0"><span class="chakra-text css-pwnbcb" data-testid="regular-price"><span class="css-idkz9h">$3.50</span>$3.50</span></p></div><a href="/smoked-chicken-breast-slices/p/21590180_EA?source=nspt" class="chakra-linkbox__overlay css-1hnz6hu"><div class="css-0"><p class="chakra-text css-1ecdp9w" data-testid="product-brand">Ziggy's</p><h3 class="chakra-heading css-6qrhwc" id="21590180_EA" data-testid="product-title">Smoked Chicken Breast Slices</h3><p class="chakra-text css-1yftjin" data-testid="product-package-size">175 g, $2.00/100g</p></div></a><div class="css-8keand"></div></div><div class="css-1q5omjq"><div class="css-fcebb8"><div data-testid="atc-compact" class="css-y94ivq" style="width: 45px;"><button type="button" class="chakra-button css-mudsm6" data-testid="atc-button"><svg stroke="currentColor" fill="currentColor" stroke-width="0" viewBox="0 0 24 24" focusable="false" class="chakra-icon css-1g3sp7a" data-testid="btn-icon" aria-hidden="true" height="1em" width="1em" xmlns="http://www.w3.org/2000/svg"><path d="M19 13h-6v6h-2v-6H5v-2h6V5h2v6h6v2z"></path></svg><span class="css-idkz9h">Add Smoked Chicken Breast Slices to cart</span></button></div></div></div></div></div></div><div class="css-0"><div class="css-f5i5wc"><div class="chakra-linkbox css-vhnn8v"><div data-testid="product-image" class="css-16dr4ly"><img alt="Mastro Calabrese Salami, Hot 125 g, $5.19/100g" src="https://assets.shop.loblaws.ca/products/21059807/b3/en/front/21059807_front_a06_@2.png" srcset="https://assets.shop.loblaws.ca/products/21059807/b3/en/front/21059807_front_a06_@2.png 1x, https://assets.shop.loblaws.ca/products/21059807/b3/en/front/21059807_front_a06_@2.png 2x" loading="lazy" class="chakra-image css-oguq8l" aria-hidden="true"></div><div class="css-qoklea"><div class="css-12dchmx"></div><div data-testid="price-product-tile" class="css-8atqhb"><p class="chakra-text css-0"><span class="chakra-text css-pwnbcb" data-testid="regular-price"><span class="css-idkz9h">$6.49</span>$6.49</span></p></div><a href="/calabrese-salami-hot/p/21059807_EA?source=nspt" class="chakra-linkbox__overlay css-1hnz6hu"><div class="css-0"><p class="chakra-text css-1ecdp9w" data-testid="product-brand">Mastro</p><h3 class="chakra-heading css-6qrhwc" id="21059807_EA" data-testid="product-title">Calabrese Salami, Hot</h3><p class="chakra-text css-1yftjin" data-testid="product-package-size">125 g, $5.19/100g</p></div></a><div class="css-8keand"></div></div><div class="css-1q5omjq"><div class="css-fcebb8"><div data-testid="atc-compact" class="css-y94ivq" style="width: 45px;"><button type="button" class="chakra-button css-mudsm6" data-testid="atc-button"><svg stroke="currentColor" fill="currentColor" stroke-width="0" viewBox="0 0 24 24" focusable="false" class="chakra-icon css-1g3sp7a" data-testid="btn-icon" aria-hidden="true" height="1em" width="1em" xmlns="http://www.w3.org/2000/svg"><path d="M19 13h-6v6h-2v-6H5v-2h6V5h2v6h6v2z"></path></svg><span class="css-idkz9h">Add Calabrese Salami, Hot to cart</span></button></div></div><div class="css-4saf4a"><p class="chakra-text css-py8788" data-testid="inventory-badge-text">Low Stock</p></div></div></div></div></div><div class="css-0"><div class="css-f5i5wc"><div class="chakra-linkbox css-vhnn8v"><div data-testid="product-image" class="css-16dr4ly"><img alt="President's Choice Free From Honey Ham, Club Pack 400 g, $33.73/1kg $3.37/100g" src="https://assets.shop.loblaws.ca/products/20903241/b3/en/front/20903241_front_a06_@2.png" srcset="https://assets.shop.loblaws.ca/products/20903241/b3/en/front/20903241_front_a06_@2.png 1x, https://assets.shop.loblaws.ca/products/20903241/b3/en/front/20903241_front_a06_@2.png 2x" loading="lazy" class="chakra-image css-oguq8l" aria-hidden="true"></div><div class="css-qoklea"><div class="css-12dchmx"></div><div data-testid="price-product-tile" class="css-8atqhb"><p class="chakra-text css-0"><span class="chakra-text css-pwnbcb" data-testid="regular-price"><span class="css-idkz9h">$13.49</span>$13.49</span></p></div><a href="/free-from-honey-ham-club-pack/p/20903241_EA?source=nspt" class="chakra-linkbox__overlay css-1hnz6hu"><div class="css-0"><p class="chakra-text css-1ecdp9w" data-testid="product-brand">President's Choice</p><h3 class="chakra-heading css-6qrhwc" id="20903241_EA" data-testid="product-title">Free From Honey Ham, Club Pack</h3><p class="chakra-text css-1yftjin" data-testid="product-package-size">400 g, $33.73/1kg $3.37/100g</p></div></a><div class="css-8keand"></div></div><div class="css-1q5omjq"><div class="css-fcebb8"><div data-testid="atc-compact" class="css-y94ivq" style="width: 45px;"><button disabled="" type="button" class="chakra-button css-mudsm6" data-testid="atc-button"><svg stroke="currentColor" fill="currentColor" stroke-width="0" viewBox="0 0 24 24" focusable="false" class="chakra-icon css-1g3sp7a" data-testid="btn-icon" aria-hidden="true" height="1em" width="1em" xmlns="http://www.w3.org/2000/svg"><path d="M19 13h-6v6h-2v-6H5v-2h6V5h2v6h6v2z"></path></svg><span class="css-idkz9h">Add Free From Honey Ham, Club Pack to cart</span></button></div></div><div class="css-4saf4a"><p class="chakra-text css-py8788" data-testid="inventory-badge-text">Out of Stock</p></div></div></div></div></div><div class="css-0"><div class="css-f5i5wc"><div class="chakra-linkbox css-vhnn8v"><div data-testid="product-image" class="css-16dr4ly"><img alt="Schneider Blue Ribbon Thick Sliced Bologna 500 g, $15.98/1kg $1.60/100g" src="https://assets.shop.loblaws.ca/products/20095530/b3/en/front/20095530_front_a06_@2.png" srcset="https://assets.shop.loblaws.ca/products/20095530/b3/en/front/20095530_front_a06_@2.png 1x, https://assets.shop.loblaws.ca/products/20095530/b3/en/front/20095530_front_a06_@2.png 2x" loading="lazy" class="chakra-image css-oguq8l" aria-hidden="true"></div><div class="css-qoklea"><div class="css-12dchmx"></div><div data-testid="price-product-tile" class="css-8atqhb"><p class="chakra-text css-0"><span class="chakra-text css-pwnbcb" data-testid="regular-price"><span class="css-idkz9h">$7.99</span>$7.99</span></p></div><a href="/blue-ribbon-thick-sliced-bologna/p/20095530_EA?source=nspt" class="chakra-linkbox__overlay css-1hnz6hu"><div class="css-0"><p class="chakra-text css-1ecdp9w" data-testid="product-brand">Schneider</p><h3 class="chakra-heading css-6qrhwc" id="20095530_EA" data-testid="product-title">Blue Ribbon Thick Sliced Bologna</h3><p class="chakra-text css-1yftjin" data-testid="product-package-size">500 g, $15.98/1kg $1.60/100g</p></div></a><div class="css-8keand"></div></div><div class="css-1q5omjq"><div class="css-fcebb8"><div data-testid="atc-compact" class="css-y94ivq" style="width: 45px;"><button type="button" class="chakra-button css-mudsm6" data-testid="atc-button"><svg stroke="currentColor" fill="currentColor" stroke-width="0" viewBox="0 0 24 24" focusable="false" class="chakra-icon css-1g3sp7a" data-testid="btn-icon" aria-hidden="true" height="1em" width="1em" xmlns="http://www.w3.org/2000/svg"><path d="M19 13h-6v6h-2v-6H5v-2h6V5h2v6h6v2z"></path></svg><span class="css-idkz9h">Add Blue Ribbon Thick Sliced Bologna to cart</span></button></div></div></div></div></div></div><div class="css-0"><div class="css-f5i5wc"><div class="chakra-linkbox css-vhnn8v"><div data-testid="product-image" class="css-16dr4ly"><img alt="President's Choice Free From Pepperello 375 g, $35.97/1kg $3.60/100g" src="https://assets.shop.loblaws.ca/products/20682944/b3/en/front/20682944_front_a06_@2.png" srcset="https://assets.shop.loblaws.ca/products/20682944/b3/en/front/20682944_front_a06_@2.png 1x, https://assets.shop.loblaws.ca/products/20682944/b3/en/front/20682944_front_a06_@2.png 2x" loading="lazy" class="chakra-image css-oguq8l" aria-hidden="true"></div><div class="css-qoklea"><div class="css-12dchmx"></div><div data-testid="price-product-tile" class="css-8atqhb"><p class="chakra-text css-0"><span class="chakra-text css-pwnbcb" data-testid="regular-price"><span class="css-idkz9h">$13.49</span>$13.49</span></p></div><a href="/free-from-pepperello/p/20682944_EA?source=nspt" class="chakra-linkbox__overlay css-1hnz6hu"><div class="css-0"><p class="chakra-text css-1ecdp9w" data-testid="product-brand">President's Choice</p><h3 class="chakra-heading css-6qrhwc" id="20682944_EA" data-testid="product-title">Free From Pepperello</h3><p class="chakra-text css-1yftjin" data-testid="product-package-size">375 g, $35.97/1kg $3.60/100g</p></div></a><div class="css-8keand"></div></div><div class="css-1q5omjq"><div class="css-fcebb8"><div data-testid="atc-compact" class="css-y94ivq" style="width: 45px;"><button type="button" class="chakra-button css-mudsm6" data-testid="atc-button"><svg stroke="currentColor" fill="currentColor" stroke-width="0" viewBox="0 0 24 24" focusable="false" class="chakra-icon css-1g3sp7a" data-testid="btn-icon" aria-hidden="true" height="1em" width="1em" xmlns="http://www.w3.org/2000/svg"><path d="M19 13h-6v6h-2v-6H5v-2h6V5h2v6h6v2z"></path></svg><span class="css-idkz9h">Add Free From Pepperello to cart</span></button></div></div></div></div></div></div><div class="css-0"><div class="css-f5i5wc"><div class="chakra-linkbox css-vhnn8v"><div data-testid="product-image" class="css-16dr4ly"><img alt="President's Choice Sirloin Beef Strips 300 g, $43.30/1kg $4.33/100g" src="https://assets.shop.loblaws.ca/products/20787394/b3/en/front/20787394_front_a06_@2.png" srcset="https://assets.shop.loblaws.ca/products/20787394/b3/en/front/20787394_front_a06_@2.png 1x, https://assets.shop.loblaws.ca/products/20787394/b3/en/front/20787394_front_a06_@2.png 2x" loading="lazy" class="chakra-image css-oguq8l" aria-hidden="true"></div><div class="css-qoklea"><div class="css-12dchmx"></div><div data-testid="price-product-tile" class="css-8atqhb"><p class="chakra-text css-0"><span class="chakra-text css-pwnbcb" data-testid="regular-price"><span class="css-idkz9h">$12.99</span>$12.99</span></p></div><a href="/sirloin-beef-strips/p/20787394_EA?source=nspt" class="chakra-linkbox__overlay css-1hnz6hu"><div class="css-0"><p class="chakra-text css-1ecdp9w" data-testid="product-brand">President's Choice</p><h3 class="chakra-heading css-6qrhwc" id="20787394_EA" data-testid="product-title">Sirloin Beef Strips</h3><p class="chakra-text css-1yftjin" data-testid="product-package-size">300 g, $43.30/1kg $4.33/100g</p></div></a><div class="css-8keand"></div></div><div class="css-1q5omjq"><div class="css-fcebb8"><div data-testid="atc-compact" class="css-y94ivq" style="width: 45px;"><button type="button" class="chakra-button css-mudsm6" data-testid="atc-button"><svg stroke="currentColor" fill="currentColor" stroke-width="0" viewBox="0 0 24 24" focusable="false" class="chakra-icon css-1g3sp7a" data-testid="btn-icon" aria-hidden="true" height="1em" width="1em" xmlns="http://www.w3.org/2000/svg"><path d="M19 13h-6v6h-2v-6H5v-2h6V5h2v6h6v2z"></path></svg><span class="css-idkz9h">Add Sirloin Beef Strips to cart</span></button></div></div></div></div></div></div><div class="css-0"><div class="css-f5i5wc"><div class="chakra-linkbox css-vhnn8v"><div data-testid="product-image" class="css-16dr4ly"><img alt="Ziggy's Cooked Ham Slices 175 g, $2.00/100g" src="https://assets.shop.loblaws.ca/products/21589295/b3/en/front/21589295_front_a06_@2.png" srcset="https://assets.shop.loblaws.ca/products/21589295/b3/en/front/21589295_front_a06_@2.png 1x, https://assets.shop.loblaws.ca/products/21589295/b3/en/front/21589295_front_a06_@2.png 2x" loading="lazy" class="chakra-image css-oguq8l" aria-hidden="true"></div><div class="css-qoklea"><div class="css-12dchmx"><div class="chakra-badge css-34x0wr" data-testid="product-badge"><div class="css-u4p24i">New</div></div></div><div data-testid="price-product-tile" class="css-8atqhb"><p class="chakra-text css-0"><span class="chakra-text css-pwnbcb" data-testid="regular-price"><span class="css-idkz9h">$3.50</span>$3.50</span></p></div><a href="/cooked-ham-slices/p/21589295_EA?source=nspt" class="chakra-linkbox__overlay css-1hnz6hu"><div class="css-0"><p class="chakra-text css-1ecdp9w" data-testid="product-brand">Ziggy's</p><h3 class="chakra-heading css-6qrhwc" id="21589295_EA" data-testid="product-title">Cooked Ham Slices</h3><p class="chakra-text css-1yftjin" data-testid="product-package-size">175 g, $2.00/100g</p></div></a><div class="css-8keand"></div></div><div class="css-1q5omjq"><div class="css-fcebb8"><div data-testid="atc-compact" class="css-y94ivq" style="width: 45px;"><button type="button" class="chakra-button css-mudsm6" data-testid="atc-button"><svg stroke="currentColor" fill="currentColor" stroke-width="0" viewBox="0 0 24 24" focusable="false" class="chakra-icon css-1g3sp7a" data-testid="btn-icon" aria-hidden="true" height="1em" width="1em" xmlns="http://www.w3.org/2000/svg"><path d="M19 13h-6v6h-2v-6H5v-2h6V5h2v6h6v2z"></path></svg><span class="css-idkz9h">Add Cooked Ham Slices to cart</span></button></div></div></div></div></div></div><div class="css-0"><div class="css-f5i5wc"><div class="chakra-linkbox css-vhnn8v"><div data-testid="product-image" class="css-16dr4ly"><img alt="Mastro Salametti Hot Chub     300 g, $28.30/1kg $2.83/100g" src="https://assets.shop.loblaws.ca/products/20046483/b3/en/front/20046483_front_a06_@2.png" srcset="https://assets.shop.loblaws.ca/products/20046483/b3/en/front/20046483_front_a06_@2.png 1x, https://assets.shop.loblaws.ca/products/20046483/b3/en/front/20046483_front_a06_@2.png 2x" loading="lazy" class="chakra-image css-oguq8l" aria-hidden="true"></div><div class="css-qoklea"><div class="css-12dchmx"></div><div data-testid="price-product-tile" class="css-8atqhb"><p class="chakra-text css-0"><span class="chakra-text css-pwnbcb" data-testid="regular-price"><span class="css-idkz9h">$8.49</span>$8.49</span></p></div><a href="/salametti-hot-chub/p/20046483_EA?source=nspt" class="chakra-linkbox__overlay css-1hnz6hu"><div class="css-0"><p class="chakra-text css-1ecdp9w" data-testid="product-brand">Mastro</p><h3 class="chakra-heading css-6qrhwc" id="20046483_EA" data-testid="product-title">Salametti Hot Chub    </h3><p class="chakra-text css-1yftjin" data-testid="product-package-size">300 g, $28.30/1kg $2.83/100g</p></div></a><div class="css-8keand"></div></div><div class="css-1q5omjq"><div class="css-fcebb8"><div data-testid="atc-compact" class="css-y94ivq" style="width: 45px;"><button type="button" class="chakra-button css-mudsm6" data-testid="atc-button"><svg stroke="currentColor" fill="currentColor" stroke-width="0" viewBox="0 0 24 24" focusable="false" class="chakra-icon css-1g3sp7a" data-testid="btn-icon" aria-hidden="true" height="1em" width="1em" xmlns="http://www.w3.org/2000/svg"><path d="M19 13h-6v6h-2v-6H5v-2h6V5h2v6h6v2z"></path></svg><span class="css-idkz9h">Add Salametti Hot Chub     to cart</span></button></div></div></div></div></div></div><div class="css-0"><div class="css-f5i5wc"><div class="chakra-linkbox css-vhnn8v"><div data-testid="product-image" class="css-16dr4ly"><img alt="Pillers Sausage Snacks Cheddar Jalapeño 300 g, $2.83/100g" src="https://assets.shop.loblaws.ca/products/21607441/b3/en/front/21607441_front_a06_@2.png" srcset="https://assets.shop.loblaws.ca/products/21607441/b3/en/front/21607441_front_a06_@2.png 1x, https://assets.shop.loblaws.ca/products/21607441/b3/en/front/21607441_front_a06_@2.png 2x" loading="lazy" class="chakra-image css-oguq8l" aria-hidden="true"></div><div class="css-qoklea"><div class="css-12dchmx"></div><div data-testid="price-product-tile" class="css-8atqhb"><p class="chakra-text css-0"><span class="chakra-text css-o93gbd" data-testid="sale-price"><span class="css-idkz9h">$8.49</span>$8.49</span><span class="chakra-text css-623q5h" data-testid="was-price"><span class="css-idkz9h">$10.99</span>$10.99</span></p><p class="chakra-text css-1m5a6y8" data-testid="price-descriptor">SAVE $2.50</p></div><a href="/sausage-snacks-cheddar-jalape-o/p/21607441_EA?source=nspt" class="chakra-linkbox__overlay css-1hnz6hu"><div class="css-0"><p class="chakra-text css-1ecdp9w" data-testid="product-brand">Pillers</p><h3 class="chakra-heading css-6qrhwc" id="21607441_EA" data-testid="product-title">Sausage Snacks Cheddar Jalapeño</h3><p class="chakra-text css-1yftjin" data-testid="product-package-size">300 g, $2.83/100g</p></div></a><div class="css-8keand"></div></div><div class="css-1q5omjq"><div class="css-fcebb8"><div data-testid="atc-compact" class="css-y94ivq" style="width: 45px;"><button type="button" class="chakra-button css-mudsm6" data-testid="atc-button"><svg stroke="currentColor" fill="currentColor" stroke-width="0" viewBox="0 0 24 24" focusable="false" class="chakra-icon css-1g3sp7a" data-testid="btn-icon" aria-hidden="true" height="1em" width="1em" xmlns="http://www.w3.org/2000/svg"><path d="M19 13h-6v6h-2v-6H5v-2h6V5h2v6h6v2z"></path></svg><span class="css-idkz9h">Add Sausage Snacks Cheddar Jalapeño to cart</span></button></div></div></div></div></div></div><div class="css-0"><div class="css-f5i5wc"><div class="chakra-linkbox css-vhnn8v"><div data-testid="product-image" class="css-16dr4ly"><img alt="Ziggy's Smoked Turkey Breast Slices 175 g, $2.00/100g" src="https://assets.shop.loblaws.ca/products/21590279/b3/en/front/21590279_front_a06_@2.png" srcset="https://assets.shop.loblaws.ca/products/21590279/b3/en/front/21590279_front_a06_@2.png 1x, https://assets.shop.loblaws.ca/products/21590279/b3/en/front/21590279_front_a06_@2.png 2x" loading="lazy" class="chakra-image css-oguq8l" aria-hidden="true"></div><div class="css-qoklea"><div class="css-12dchmx"><div class="chakra-badge css-34x0wr" data-testid="product-badge"><div class="css-u4p24i">New</div></div></div><div data-testid="price-product-tile" class="css-8atqhb"><p class="chakra-text css-0"><span class="chakra-text css-pwnbcb" data-testid="regular-price"><span class="css-idkz9h">$3.50</span>$3.50</span></p></div><a href="/smoked-turkey-breast-slices/p/21590279_EA?source=nspt" class="chakra-linkbox__overlay css-1hnz6hu"><div class="css-0"><p class="chakra-text css-1ecdp9w" data-testid="product-brand">Ziggy's</p><h3 class="chakra-heading css-6qrhwc" id="21590279_EA" data-testid="product-title">Smoked Turkey Breast Slices</h3><p class="chakra-text css-1yftjin" data-testid="product-package-size">175 g, $2.00/100g</p></div></a><div class="css-8keand"></div></div><div class="css-1q5omjq"><div class="css-fcebb8"><div data-testid="atc-compact" class="css-y94ivq" style="width: 45px;"><button type="button" class="chakra-button css-mudsm6" data-testid="atc-button"><svg stroke="currentColor" fill="currentColor" stroke-width="0" viewBox="0 0 24 24" focusable="false" class="chakra-icon css-1g3sp7a" data-testid="btn-icon" aria-hidden="true" height="1em" width="1em" xmlns="http://www.w3.org/2000/svg"><path d="M19 13h-6v6h-2v-6H5v-2h6V5h2v6h6v2z"></path></svg><span class="css-idkz9h">Add Smoked Turkey Breast Slices to cart</span></button></div></div></div></div></div></div><div class="css-0"><div class="css-f5i5wc"><div class="chakra-linkbox css-vhnn8v"><div data-testid="product-image" class="css-16dr4ly"><img alt="Borges Minho Mild Sausage     $19.90/1kg" srcset="undefined 1x, undefined 2x" loading="lazy" class="chakra-image css-oguq8l" aria-hidden="true"></div><div class="css-qoklea"><div class="css-12dchmx"></div><div data-testid="price-product-tile" class="css-8atqhb"><p class="chakra-text css-0"><span class="chakra-text css-pwnbcb" data-testid="regular-price"><span class="css-idkz9h">$1.99</span>$1.99</span></p></div><a href="/minho-mild-sausage/p/20042416_KG?source=nspt" class="chakra-linkbox__overlay css-1hnz6hu"><div class="css-0"><p class="chakra-text css-1ecdp9w" data-testid="product-brand">Borges</p><h3 class="chakra-heading css-6qrhwc" id="20042416_KG" data-testid="product-title">Minho Mild Sausage    </h3><p class="chakra-text css-1yftjin" data-testid="product-package-size">$19.90/1kg</p></div></a><div class="css-8keand"></div></div><div class="css-1q5omjq"><div class="css-fcebb8"><div data-testid="atc-compact" class="css-y94ivq" style="width: 45px;"><button type="button" class="chakra-button css-mudsm6" data-testid="atc-button"><svg stroke="currentColor" fill="currentColor" stroke-width="0" viewBox="0 0 24 24" focusable="false" class="chakra-icon css-1g3sp7a" data-testid="btn-icon" aria-hidden="true" height="1em" width="1em" xmlns="http://www.w3.org/2000/svg"><path d="M19 13h-6v6h-2v-6H5v-2h6V5h2v6h6v2z"></path></svg><span class="css-idkz9h">Add Minho Mild Sausage     to cart</span></button></div></div></div></div></div></div><div class="css-0"><div class="css-f5i5wc"><div class="chakra-linkbox css-vhnn8v"><div data-testid="product-image" class="css-16dr4ly"><img alt="Borges Morcela, Hot $19.99/1kg" srcset="undefined 1x, undefined 2x" loading="lazy" class="chakra-image css-oguq8l" aria-hidden="true"></div><div class="css-qoklea"><div class="css-12dchmx"></div><div data-testid="price-product-tile" class="css-8atqhb"><p class="chakra-text css-0"><span class="chakra-text css-pwnbcb" data-testid="regular-price"><span class="css-idkz9h">$2.00</span>$2.00</span></p></div><a href="/morcela-hot/p/20059443_KG?source=nspt" class="chakra-linkbox__overlay css-1hnz6hu"><div class="css-0"><p class="chakra-text css-1ecdp9w" data-testid="product-brand">Borges</p><h3 class="chakra-heading css-6qrhwc" id="20059443_KG" data-testid="product-title">Morcela, Hot</h3><p class="chakra-text css-1yftjin" data-testid="product-package-size">$19.99/1kg</p></div></a><div class="css-8keand"></div></div><div class="css-1q5omjq"><div class="css-fcebb8"><div data-testid="atc-compact" class="css-y94ivq" style="width: 45px;"><button type="button" class="chakra-button css-mudsm6" data-testid="atc-button"><svg stroke="currentColor" fill="currentColor" stroke-width="0" viewBox="0 0 24 24" focusable="false" class="chakra-icon css-1g3sp7a" data-testid="btn-icon" aria-hidden="true" height="1em" width="1em" xmlns="http://www.w3.org/2000/svg"><path d="M19 13h-6v6h-2v-6H5v-2h6V5h2v6h6v2z"></path></svg><span class="css-idkz9h">Add Morcela, Hot to cart</span></button></div></div></div></div></div></div><div class="css-0"><div class="css-f5i5wc"><div class="chakra-linkbox css-vhnn8v"><div data-testid="product-image" class="css-16dr4ly"><img alt="Mastro Casalingo Salami, Hot 375 g, $26.37/1kg $2.64/100g" src="https://assets.shop.loblaws.ca/products/20683129/b3/en/front/20683129_front_a06_@2.png" srcset="https://assets.shop.loblaws.ca/products/20683129/b3/en/front/20683129_front_a06_@2.png 1x, https://assets.shop.loblaws.ca/products/20683129/b3/en/front/20683129_front_a06_@2.png 2x" loading="lazy" class="chakra-image css-oguq8l" aria-hidden="true"></div><div class="css-qoklea"><div class="css-12dchmx"></div><div data-testid="price-product-tile" class="css-8atqhb"><p class="chakra-text css-0"><span class="chakra-text css-pwnbcb" data-testid="regular-price"><span class="css-idkz9h">$9.89</span>$9.89</span></p></div><a href="/casalingo-salami-hot/p/20683129_EA?source=nspt" class="chakra-linkbox__overlay css-1hnz6hu"><div class="css-0"><p class="chakra-text css-1ecdp9w" data-testid="product-brand">Mastro</p><h3 class="chakra-heading css-6qrhwc" id="20683129_EA" data-testid="product-title">Casalingo Salami, Hot</h3><p class="chakra-text css-1yftjin" data-testid="product-package-size">375 g, $26.37/1kg $2.64/100g</p></div></a><div class="css-8keand"></div></div><div class="css-1q5omjq"><div class="css-fcebb8"><div data-testid="atc-compact" class="css-y94ivq" style="width: 45px;"><button type="button" class="chakra-button css-mudsm6" data-testid="atc-button"><svg stroke="currentColor" fill="currentColor" stroke-width="0" viewBox="0 0 24 24" focusable="false" class="chakra-icon css-1g3sp7a" data-testid="btn-icon" aria-hidden="true" height="1em" width="1em" xmlns="http://www.w3.org/2000/svg"><path d="M19 13h-6v6h-2v-6H5v-2h6V5h2v6h6v2z"></path></svg><span class="css-idkz9h">Add Casalingo Salami, Hot to cart</span></button></div></div></div></div></div></div><div class="css-0"><div class="css-f5i5wc"><div class="chakra-linkbox css-vhnn8v"><div data-testid="product-image" class="css-16dr4ly"><img alt="Solmaz Halal Sojuk Hot 350 g, $4.26/100g" src="https://assets.shop.loblaws.ca/products/21542591/b3/en/front/21542591_front_a06_@2.png" srcset="https://assets.shop.loblaws.ca/products/21542591/b3/en/front/21542591_front_a06_@2.png 1x, https://assets.shop.loblaws.ca/products/21542591/b3/en/front/21542591_front_a06_@2.png 2x" loading="lazy" class="chakra-image css-oguq8l" aria-hidden="true"></div><div class="css-qoklea"><div class="css-12dchmx"></div><div data-testid="price-product-tile" class="css-8atqhb"><p class="chakra-text css-0"><span class="chakra-text css-pwnbcb" data-testid="regular-price"><span class="css-idkz9h">$14.90</span>$14.90</span></p></div><a href="/halal-sojuk-hot/p/21542591_EA?source=nspt" class="chakra-linkbox__overlay css-1hnz6hu"><div class="css-0"><p class="chakra-text css-1ecdp9w" data-testid="product-brand">Solmaz</p><h3 class="chakra-heading css-6qrhwc" id="21542591_EA" data-testid="product-title">Halal Sojuk Hot</h3><p class="chakra-text css-1yftjin" data-testid="product-package-size">350 g, $4.26/100g</p></div></a><div class="css-8keand"></div></div><div class="css-1q5omjq"><div class="css-fcebb8"><div data-testid="atc-compact" class="css-y94ivq" style="width: 45px;"><button type="button" class="chakra-button css-mudsm6" data-testid="atc-button"><svg stroke="currentColor" fill="currentColor" stroke-width="0" viewBox="0 0 24 24" focusable="false" class="chakra-icon css-1g3sp7a" data-testid="btn-icon" aria-hidden="true" height="1em" width="1em" xmlns="http://www.w3.org/2000/svg"><path d="M19 13h-6v6h-2v-6H5v-2h6V5h2v6h6v2z"></path></svg><span class="css-idkz9h">Add Halal Sojuk Hot to cart</span></button></div></div><div class="css-4saf4a"><p class="chakra-text css-py8788" data-testid="inventory-badge-text">Low Stock</p></div></div></div></div></div><div class="css-0"><div class="css-f5i5wc"><div class="chakra-linkbox css-vhnn8v"><div data-testid="product-image" class="css-16dr4ly"><img alt="No Name Italian Sub Variety Pack Sliced 375 g, $1.33/100g" src="https://assets.shop.loblaws.ca/products/21064875/b3/en/front/21064875_front_a06_@2.png" srcset="https://assets.shop.loblaws.ca/products/21064875/b3/en/front/21064875_front_a06_@2.png 1x, https://assets.shop.loblaws.ca/products/21064875/b3/en/front/21064875_front_a06_@2.png 2x" loading="lazy" class="chakra-image css-oguq8l" aria-hidden="true"></div><div class="css-qoklea"><div class="css-12dchmx"></div><div data-testid="price-product-tile" class="css-8atqhb"><p class="chakra-text css-0"><span class="chakra-text css-pwnbcb" data-testid="regular-price"><span class="css-idkz9h">$5.00</span>$5.00</span></p></div><a href="/italian-sub-variety-pack-sliced/p/21064875_EA?source=nspt" class="chakra-linkbox__overlay css-1hnz6hu"><div class="css-0"><p class="chakra-text css-1ecdp9w" data-testid="product-brand">No Name</p><h3 class="chakra-heading css-6qrhwc" id="21064875_EA" data-testid="product-title">Italian Sub Variety Pack Sliced</h3><p class="chakra-text css-1yftjin" data-testid="product-package-size">375 g, $1.33/100g</p></div></a><div class="css-8keand"></div></div><div class="css-1q5omjq"><div class="css-fcebb8"><div data-testid="atc-compact" class="css-y94ivq" style="width: 45px;"><button type="button" class="chakra-button css-mudsm6" data-testid="atc-button"><svg stroke="currentColor" fill="currentColor" stroke-width="0" viewBox="0 0 24 24" focusable="false" class="chakra-icon css-1g3sp7a" data-testid="btn-icon" aria-hidden="true" height="1em" width="1em" xmlns="http://www.w3.org/2000/svg"><path d="M19 13h-6v6h-2v-6H5v-2h6V5h2v6h6v2z"></path></svg><span class="css-idkz9h">Add Italian Sub Variety Pack Sliced to cart</span></button></div></div></div></div></div></div><div class="css-0"><div class="css-f5i5wc"><div class="chakra-linkbox css-vhnn8v"><div data-testid="product-image" class="css-16dr4ly"><img alt="Mastro Calabrese Salami, Hot 300 g, $33.30/1kg $3.33/100g" src="https://assets.shop.loblaws.ca/products/20304950/b3/en/front/20304950_front_a06_@2.png" srcset="https://assets.shop.loblaws.ca/products/20304950/b3/en/front/20304950_front_a06_@2.png 1x, https://assets.shop.loblaws.ca/products/20304950/b3/en/front/20304950_front_a06_@2.png 2x" loading="lazy" class="chakra-image css-oguq8l" aria-hidden="true"></div><div class="css-qoklea"><div class="css-12dchmx"></div><div data-testid="price-product-tile" class="css-8atqhb"><p class="chakra-text css-0"><span class="chakra-text css-pwnbcb" data-testid="regular-price"><span class="css-idkz9h">$9.99</span>$9.99</span></p></div><a href="/calabrese-salami-hot/p/20304950_EA?source=nspt" class="chakra-linkbox__overlay css-1hnz6hu"><div class="css-0"><p class="chakra-text css-1ecdp9w" data-testid="product-brand">Mastro</p><h3 class="chakra-heading css-6qrhwc" id="20304950_EA" data-testid="product-title">Calabrese Salami, Hot</h3><p class="chakra-text css-1yftjin" data-testid="product-package-size">300 g, $33.30/1kg $3.33/100g</p></div></a><div class="css-8keand"></div></div><div class="css-1q5omjq"><div class="css-fcebb8"><div data-testid="atc-compact" class="css-y94ivq" style="width: 45px;"><button type="button" class="chakra-button css-mudsm6" data-testid="atc-button"><svg stroke="currentColor" fill="currentColor" stroke-width="0" viewBox="0 0 24 24" focusable="false" class="chakra-icon css-1g3sp7a" data-testid="btn-icon" aria-hidden="true" height="1em" width="1em" xmlns="http://www.w3.org/2000/svg"><path d="M19 13h-6v6h-2v-6H5v-2h6V5h2v6h6v2z"></path></svg><span class="css-idkz9h">Add Calabrese Salami, Hot to cart</span></button></div></div></div></div></div></div><div class="css-0"><div class="css-f5i5wc"><div class="chakra-linkbox css-vhnn8v"><div data-testid="product-image" class="css-16dr4ly"><img alt="Carl Buddig Honey Ham 55 g" src="https://assets.shop.loblaws.ca/products/20664762/b3/en/front/20664762_front_a06_@2.png" srcset="https://assets.shop.loblaws.ca/products/20664762/b3/en/front/20664762_front_a06_@2.png 1x, https://assets.shop.loblaws.ca/products/20664762/b3/en/front/20664762_front_a06_@2.png 2x" loading="lazy" class="chakra-image css-oguq8l" aria-hidden="true"></div><div class="css-qoklea"><div class="css-12dchmx"></div><div data-testid="price-product-tile" class="css-8atqhb"><p class="chakra-text css-0"><span class="chakra-text css-pwnbcb" data-testid="regular-price"><span class="css-idkz9h">$1.99</span>$1.99</span></p></div><a href="/honey-ham/p/20664762_EA?source=nspt" class="chakra-linkbox__overlay css-1hnz6hu"><div class="css-0"><p class="chakra-text css-1ecdp9w" data-testid="product-brand">Carl Buddig</p><h3 class="chakra-heading css-6qrhwc" id="20664762_EA" data-testid="product-title">Honey Ham</h3><p class="chakra-text css-1yftjin" data-testid="product-package-size">55 g</p></div></a><div class="css-8keand"></div></div><div class="css-1q5omjq"><div class="css-fcebb8"><div data-testid="atc-compact" class="css-y94ivq" style="width: 45px;"><button type="button" class="chakra-button css-mudsm6" data-testid="atc-button"><svg stroke="currentColor" fill="currentColor" stroke-width="0" viewBox="0 0 24 24" focusable="false" class="chakra-icon css-1g3sp7a" data-testid="btn-icon" aria-hidden="true" height="1em" width="1em" xmlns="http://www.w3.org/2000/svg"><path d="M19 13h-6v6h-2v-6H5v-2h6V5h2v6h6v2z"></path></svg><span class="css-idkz9h">Add Honey Ham to cart</span></button></div></div></div></div></div></div><div class="css-0"><div class="css-f5i5wc"><div class="chakra-linkbox css-vhnn8v"><div data-testid="product-image" class="css-16dr4ly"><img alt="San Daniele Mortadella 750 g, $19.45/1kg $1.95/100g" src="https://assets.shop.loblaws.ca/products/20547185/b3/en/front/20547185_front_a06_@2.png" srcset="https://assets.shop.loblaws.ca/products/20547185/b3/en/front/20547185_front_a06_@2.png 1x, https://assets.shop.loblaws.ca/products/20547185/b3/en/front/20547185_front_a06_@2.png 2x" loading="lazy" class="chakra-image css-oguq8l" aria-hidden="true"></div><div class="css-qoklea"><div class="css-12dchmx"></div><div data-testid="price-product-tile" class="css-8atqhb"><p class="chakra-text css-0"><span class="chakra-text css-pwnbcb" data-testid="regular-price"><span class="css-idkz9h">$14.59</span>$14.59</span></p></div><a href="/mortadella/p/20547185_EA?source=nspt" class="chakra-linkbox__overlay css-1hnz6hu"><div class="css-0"><p class="chakra-text css-1ecdp9w" data-testid="product-brand">San Daniele</p><h3 class="chakra-heading css-6qrhwc" id="20547185_EA" data-testid="product-title">Mortadella</h3><p class="chakra-text css-1yftjin" data-testid="product-package-size">750 g, $19.45/1kg $1.95/100g</p></div></a><div class="css-8keand"></div></div><div class="css-1q5omjq"><div class="css-fcebb8"><div data-testid="atc-compact" class="css-y94ivq" style="width: 45px;"><button type="button" class="chakra-button css-mudsm6" data-testid="atc-button"><svg stroke="currentColor" fill="currentColor" stroke-width="0" viewBox="0 0 24 24" focusable="false" class="chakra-icon css-1g3sp7a" data-testid="btn-icon" aria-hidden="true" height="1em" width="1em" xmlns="http://www.w3.org/2000/svg"><path d="M19 13h-6v6h-2v-6H5v-2h6V5h2v6h6v2z"></path></svg><span class="css-idkz9h">Add Mortadella to cart</span></button></div></div></div></div></div></div><div class="css-0"><div class="css-f5i5wc"><div class="chakra-linkbox css-vhnn8v"><div data-testid="product-image" class="css-16dr4ly"><img alt="No Name Pepperoni, Sliced 500 g, $12.00/1kg $1.20/100g" src="https://assets.shop.loblaws.ca/products/20189849/b3/en/front/20189849_front_a06_@2.png" srcset="https://assets.shop.loblaws.ca/products/20189849/b3/en/front/20189849_front_a06_@2.png 1x, https://assets.shop.loblaws.ca/products/20189849/b3/en/front/20189849_front_a06_@2.png 2x" loading="lazy" class="chakra-image css-oguq8l" aria-hidden="true"></div><div class="css-qoklea"><div class="css-12dchmx"></div><div data-testid="price-product-tile" class="css-8atqhb"><p class="chakra-text css-0"><span class="chakra-text css-pwnbcb" data-testid="regular-price"><span class="css-idkz9h">$6.00</span>$6.00</span></p></div><a href="/pepperoni-sliced/p/20189849_EA?source=nspt" class="chakra-linkbox__overlay css-1hnz6hu"><div class="css-0"><p class="chakra-text css-1ecdp9w" data-testid="product-brand">No Name</p><h3 class="chakra-heading css-6qrhwc" id="20189849_EA" data-testid="product-title">Pepperoni, Sliced</h3><p class="chakra-text css-1yftjin" data-testid="product-package-size">500 g, $12.00/1kg $1.20/100g</p></div></a><div class="css-8keand"></div></div><div class="css-1q5omjq"><div class="css-fcebb8"><div data-testid="atc-compact" class="css-y94ivq" style="width: 45px;"><button type="button" class="chakra-button css-mudsm6" data-testid="atc-button"><svg stroke="currentColor" fill="currentColor" stroke-width="0" viewBox="0 0 24 24" focusable="false" class="chakra-icon css-1g3sp7a" data-testid="btn-icon" aria-hidden="true" height="1em" width="1em" xmlns="http://www.w3.org/2000/svg"><path d="M19 13h-6v6h-2v-6H5v-2h6V5h2v6h6v2z"></path></svg><span class="css-idkz9h">Add Pepperoni, Sliced to cart</span></button></div></div></div></div></div></div><div class="css-0"><div class="css-f5i5wc"><div class="chakra-linkbox css-vhnn8v"><div data-testid="product-image" class="css-16dr4ly"><img alt="No Name Cooked Ham 175 g, $1.71/100g" src="https://assets.shop.loblaws.ca/products/21063830/b3/en/front/21063830_front_a06_@2.png" srcset="https://assets.shop.loblaws.ca/products/21063830/b3/en/front/21063830_front_a06_@2.png 1x, https://assets.shop.loblaws.ca/products/21063830/b3/en/front/21063830_front_a06_@2.png 2x" loading="lazy" class="chakra-image css-oguq8l" aria-hidden="true"></div><div class="css-qoklea"><div class="css-12dchmx"></div><div data-testid="price-product-tile" class="css-8atqhb"><p class="chakra-text css-0"><span class="chakra-text css-pwnbcb" data-testid="regular-price"><span class="css-idkz9h">$3.00</span>$3.00</span></p></div><a href="/cooked-ham/p/21063830_EA?source=nspt" class="chakra-linkbox__overlay css-1hnz6hu"><div class="css-0"><p class="chakra-text css-1ecdp9w" data-testid="product-brand">No Name</p><h3 class="chakra-heading css-6qrhwc" id="21063830_EA" data-testid="product-title">Cooked Ham</h3><p class="chakra-text css-1yftjin" data-testid="product-package-size">175 g, $1.71/100g</p></div></a><div class="css-8keand"></div></div><div class="css-1q5omjq"><div class="css-fcebb8"><div data-testid="atc-compact" class="css-y94ivq" style="width: 45px;"><button type="button" class="chakra-button css-mudsm6" data-testid="atc-button"><svg stroke="currentColor" fill="currentColor" stroke-width="0" viewBox="0 0 24 24" focusable="false" class="chakra-icon css-1g3sp7a" data-testid="btn-icon" aria-hidden="true" height="1em" width="1em" xmlns="http://www.w3.org/2000/svg"><path d="M19 13h-6v6h-2v-6H5v-2h6V5h2v6h6v2z"></path></svg><span class="css-idkz9h">Add Cooked Ham to cart</span></button></div></div></div></div></div></div><div class="css-0"><div class="css-f5i5wc"><div class="chakra-linkbox css-vhnn8v"><div data-testid="product-image" class="css-16dr4ly"><img alt="President's Choice Old Forest Salami Slices 150 g, $5.33/100g" src="https://assets.shop.loblaws.ca/products/20923160/b3/en/front/20923160_front_a06_@2.png" srcset="https://assets.shop.loblaws.ca/products/20923160/b3/en/front/20923160_front_a06_@2.png 1x, https://assets.shop.loblaws.ca/products/20923160/b3/en/front/20923160_front_a06_@2.png 2x" loading="lazy" class="chakra-image css-oguq8l" aria-hidden="true"></div><div class="css-qoklea"><div class="css-12dchmx"></div><div data-testid="price-product-tile" class="css-8atqhb"><p class="chakra-text css-0"><span class="chakra-text css-pwnbcb" data-testid="regular-price"><span class="css-idkz9h">$7.99</span>$7.99</span></p></div><a href="/old-forest-salami-slices/p/20923160_EA?source=nspt" class="chakra-linkbox__overlay css-1hnz6hu"><div class="css-0"><p class="chakra-text css-1ecdp9w" data-testid="product-brand">President's Choice</p><h3 class="chakra-heading css-6qrhwc" id="20923160_EA" data-testid="product-title">Old Forest Salami Slices</h3><p class="chakra-text css-1yftjin" data-testid="product-package-size">150 g, $5.33/100g</p></div></a><div class="css-8keand"></div></div><div class="css-1q5omjq"><div class="css-fcebb8"><div data-testid="atc-compact" class="css-y94ivq" style="width: 45px;"><button type="button" class="chakra-button css-mudsm6" data-testid="atc-button"><svg stroke="currentColor" fill="currentColor" stroke-width="0" viewBox="0 0 24 24" focusable="false" class="chakra-icon css-1g3sp7a" data-testid="btn-icon" aria-hidden="true" height="1em" width="1em" xmlns="http://www.w3.org/2000/svg"><path d="M19 13h-6v6h-2v-6H5v-2h6V5h2v6h6v2z"></path></svg><span class="css-idkz9h">Add Old Forest Salami Slices to cart</span></button></div></div></div></div></div></div><div class="css-0"><div class="css-f5i5wc"><div class="chakra-linkbox css-vhnn8v"><div data-testid="product-image" class="css-16dr4ly"><img alt="Pillers Cooked Honey Maple Chicken Breast 200 g, $2.50/100g" src="https://assets.shop.loblaws.ca/products/21397198/b3/en/front/21397198_front_a06_@2.png" srcset="https://assets.shop.loblaws.ca/products/21397198/b3/en/front/21397198_front_a06_@2.png 1x, https://assets.shop.loblaws.ca/products/21397198/b3/en/front/21397198_front_a06_@2.png 2x" loading="lazy" class="chakra-image css-oguq8l" aria-hidden="true"></div><div class="css-qoklea"><div class="css-12dchmx"></div><div data-testid="price-product-tile" class="css-8atqhb"><p class="chakra-text css-0"><span class="chakra-text css-pwnbcb" data-testid="regular-price"><span class="css-idkz9h">$5.00</span>$5.00</span></p></div><a href="/cooked-honey-maple-chicken-breast/p/21397198_EA?source=nspt" class="chakra-linkbox__overlay css-1hnz6hu"><div class="css-0"><p class="chakra-text css-1ecdp9w" data-testid="product-brand">Pillers</p><h3 class="chakra-heading css-6qrhwc" id="21397198_EA" data-testid="product-title">Cooked Honey Maple Chicken Breast</h3><p class="chakra-text css-1yftjin" data-testid="product-package-size">200 g, $2.50/100g</p></div></a><div class="css-8keand"></div></div><div class="css-1q5omjq"><div class="css-fcebb8"><div data-testid="atc-compact" class="css-y94ivq" style="width: 45px;"><button type="button" class="chakra-button css-mudsm6" data-testid="atc-button"><svg stroke="currentColor" fill="currentColor" stroke-width="0" viewBox="0 0 24 24" focusable="false" class="chakra-icon css-1g3sp7a" data-testid="btn-icon" aria-hidden="true" height="1em" width="1em" xmlns="http://www.w3.org/2000/svg"><path d="M19 13h-6v6h-2v-6H5v-2h6V5h2v6h6v2z"></path></svg><span class="css-idkz9h">Add Cooked Honey Maple Chicken Breast to cart</span></button></div></div></div></div></div></div><div class="css-0"><div class="css-f5i5wc"><div class="chakra-linkbox css-vhnn8v"><div data-testid="product-image" class="css-16dr4ly"><img alt="President's Choice Thinly Sliced Salami with Prosciutto 150 g, $46.60/1kg $4.66/100g" src="https://assets.shop.loblaws.ca/products/20315515/b3/en/front/20315515_front_a06_@2.png" srcset="https://assets.shop.loblaws.ca/products/20315515/b3/en/front/20315515_front_a06_@2.png 1x, https://assets.shop.loblaws.ca/products/20315515/b3/en/front/20315515_front_a06_@2.png 2x" loading="lazy" class="chakra-image css-oguq8l" aria-hidden="true"></div><div class="css-qoklea"><div class="css-12dchmx"></div><div data-testid="price-product-tile" class="css-8atqhb"><p class="chakra-text css-0"><span class="chakra-text css-pwnbcb" data-testid="regular-price"><span class="css-idkz9h">$6.99</span>$6.99</span></p></div><a href="/thinly-sliced-salami-with-prosciutto/p/20315515_EA?source=nspt" class="chakra-linkbox__overlay css-1hnz6hu"><div class="css-0"><p class="chakra-text css-1ecdp9w" data-testid="product-brand">President's Choice</p><h3 class="chakra-heading css-6qrhwc" id="20315515_EA" data-testid="product-title">Thinly Sliced Salami with Prosciutto</h3><p class="chakra-text css-1yftjin" data-testid="product-package-size">150 g, $46.60/1kg $4.66/100g</p></div></a><div class="css-8keand"></div></div><div class="css-1q5omjq"><div class="css-fcebb8"><div data-testid="atc-compact" class="css-y94ivq" style="width: 45px;"><button type="button" class="chakra-button css-mudsm6" data-testid="atc-button"><svg stroke="currentColor" fill="currentColor" stroke-width="0" viewBox="0 0 24 24" focusable="false" class="chakra-icon css-1g3sp7a" data-testid="btn-icon" aria-hidden="true" height="1em" width="1em" xmlns="http://www.w3.org/2000/svg"><path d="M19 13h-6v6h-2v-6H5v-2h6V5h2v6h6v2z"></path></svg><span class="css-idkz9h">Add Thinly Sliced Salami with Prosciutto to cart</span></button></div></div></div></div></div></div></div><div data-testid="product-grid" class="css-epcqr3"><div class="css-0"><div class="css-f5i5wc"><div class="chakra-linkbox css-vhnn8v"><div data-testid="product-image" class="css-16dr4ly"><img alt="Pillers Cooked Honey Maple Chicken Breast 200 g, $2.50/100g" src="https://assets.shop.loblaws.ca/products/21397198/b3/en/front/21397198_front_a06_@2.png" srcset="https://assets.shop.loblaws.ca/products/21397198/b3/en/front/21397198_front_a06_@2.png 1x, https://assets.shop.loblaws.ca/products/21397198/b3/en/front/21397198_front_a06_@2.png 2x" loading="lazy" class="chakra-image css-oguq8l" aria-hidden="true"></div><div class="css-qoklea"><div class="css-12dchmx"></div><div data-testid="price-product-tile" class="css-8atqhb"><p class="chakra-text css-0"><span class="chakra-text css-pwnbcb" data-testid="regular-price"><span class="css-idkz9h">$5.00</span>$5.00</span></p></div><a href="/cooked-honey-maple-chicken-breast/p/21397198_EA?source=nspt" class="chakra-linkbox__overlay css-1hnz6hu"><div class="css-0"><p class="chakra-text css-1ecdp9w" data-testid="product-brand">Pillers</p><h3 class="chakra-heading css-6qrhwc" id="21397198_EA" data-testid="product-title">Cooked Honey Maple Chicken Breast</h3><p class="chakra-text css-1yftjin" data-testid="product-package-size">200 g, $2.50/100g</p></div></a><div class="css-8keand"></div></div><div class="css-1q5omjq"><div class="css-fcebb8"><div data-testid="atc-compact" class="css-y94ivq" style="width: 45px;"><button type="button" class="chakra-button css-mudsm6" data-testid="atc-button"><svg stroke="currentColor" fill="currentColor" stroke-width="0" viewBox="0 0 24 24" focusable="false" class="chakra-icon css-1g3sp7a" data-testid="btn-icon" aria-hidden="true" height="1em" width="1em" xmlns="http://www.w3.org/2000/svg"><path d="M19 13h-6v6h-2v-6H5v-2h6V5h2v6h6v2z"></path></svg><span class="css-idkz9h">Add Cooked Honey Maple Chicken Breast to cart</span></button></div></div></div></div></div></div><div class="css-0"><div class="css-f5i5wc"><div class="chakra-linkbox css-vhnn8v"><div data-testid="product-image" class="css-16dr4ly"><img alt="No Name Pepperoni, Sliced 500 g, $12.00/1kg $1.20/100g" src="https://assets.shop.loblaws.ca/products/20189849/b3/en/front/20189849_front_a06_@2.png" srcset="https://assets.shop.loblaws.ca/products/20189849/b3/en/front/20189849_front_a06_@2.png 1x, https://assets.shop.loblaws.ca/products/20189849/b3/en/front/20189849_front_a06_@2.png 2x" loading="lazy" class="chakra-image css-oguq8l" aria-hidden="true"></div><div class="css-qoklea"><div class="css-12dchmx"></div><div data-testid="price-product-tile" class="css-8atqhb"><p class="chakra-text css-0"><span class="chakra-text css-pwnbcb" data-testid="regular-price"><span class="css-idkz9h">$6.00</span>$6.00</span></p></div><a href="/pepperoni-sliced/p/20189849_EA?source=nspt" class="chakra-linkbox__overlay css-1hnz6hu"><div class="css-0"><p class="chakra-text css-1ecdp9w" data-testid="product-brand">No Name</p><h3 class="chakra-heading css-6qrhwc" id="20189849_EA" data-testid="product-title">Pepperoni, Sliced</h3><p class="chakra-text css-1yftjin" data-testid="product-package-size">500 g, $12.00/1kg $1.20/100g</p></div></a><div class="css-8keand"></div></div><div class="css-1q5omjq"><div class="css-fcebb8"><div data-testid="atc-compact" class="css-y94ivq" style="width: 45px;"><button type="button" class="chakra-button css-mudsm6" data-testid="atc-button"><svg stroke="currentColor" fill="currentColor" stroke-width="0" viewBox="0 0 24 24" focusable="false" class="chakra-icon css-1g3sp7a" data-testid="btn-icon" aria-hidden="true" height="1em" width="1em" xmlns="http://www.w3.org/2000/svg"><path d="M19 13h-6v6h-2v-6H5v-2h6V5h2v6h6v2z"></path></svg><span class="css-idkz9h">Add Pepperoni, Sliced to cart</span></button></div></div></div></div></div></div><div class="css-0"><div class="css-f5i5wc"><div class="chakra-linkbox css-vhnn8v"><div data-testid="product-image" class="css-16dr4ly"><img alt="President's Choice Thinly Sliced Salami with Prosciutto 150 g, $46.60/1kg $4.66/100g" src="https://assets.shop.loblaws.ca/products/20315515/b3/en/front/20315515_front_a06_@2.png" srcset="https://assets.shop.loblaws.ca/products/20315515/b3/en/front/20315515_front_a06_@2.png 1x, https://assets.shop.loblaws.ca/products/20315515/b3/en/front/20315515_front_a06_@2.png 2x" loading="lazy" class="chakra-image css-oguq8l" aria-hidden="true"></div><div class="css-qoklea"><div class="css-12dchmx"></div><div data-testid="price-product-tile" class="css-8atqhb"><p class="chakra-text css-0"><span class="chakra-text css-pwnbcb" data-testid="regular-price"><span class="css-idkz9h">$6.99</span>$6.99</span></p></div><a href="/thinly-sliced-salami-with-prosciutto/p/20315515_EA?source=nspt" class="chakra-linkbox__overlay css-1hnz6hu"><div class="css-0"><p class="chakra-text css-1ecdp9w" data-testid="product-brand">President's Choice</p><h3 class="chakra-heading css-6qrhwc" id="20315515_EA" data-testid="product-title">Thinly Sliced Salami with Prosciutto</h3><p class="chakra-text css-1yftjin" data-testid="product-package-size">150 g, $46.60/1kg $4.66/100g</p></div></a><div class="css-8keand"></div></div><div class="css-1q5omjq"><div class="css-fcebb8"><div data-testid="atc-compact" class="css-y94ivq" style="width: 45px;"><button type="button" class="chakra-button css-mudsm6" data-testid="atc-button"><svg stroke="currentColor" fill="currentColor" stroke-width="0" viewBox="0 0 24 24" focusable="false" class="chakra-icon css-1g3sp7a" data-testid="btn-icon" aria-hidden="true" height="1em" width="1em" xmlns="http://www.w3.org/2000/svg"><path d="M19 13h-6v6h-2v-6H5v-2h6V5h2v6h6v2z"></path></svg><span class="css-idkz9h">Add Thinly Sliced Salami with Prosciutto to cart</span></button></div></div></div></div></div></div><div class="css-0"><div class="css-f5i5wc"><div class="chakra-linkbox css-vhnn8v"><div data-testid="product-image" class="css-16dr4ly"><img alt="President's Choice Free From Smoked Black Forest Ham 175 g, $42.80/1kg $4.28/100g" src="https://assets.shop.loblaws.ca/products/20682855/b3/en/front/20682855_front_a06_@2.png" srcset="https://assets.shop.loblaws.ca/products/20682855/b3/en/front/20682855_front_a06_@2.png 1x, https://assets.shop.loblaws.ca/products/20682855/b3/en/front/20682855_front_a06_@2.png 2x" loading="lazy" class="chakra-image css-oguq8l" aria-hidden="true"></div><div class="css-qoklea"><div class="css-12dchmx"></div><div data-testid="price-product-tile" class="css-8atqhb"><p class="chakra-text css-0"><span class="chakra-text css-pwnbcb" data-testid="regular-price"><span class="css-idkz9h">$7.49</span>$7.49</span></p></div><a href="/free-from-smoked-black-forest-ham/p/20682855_EA?source=nspt" class="chakra-linkbox__overlay css-1hnz6hu"><div class="css-0"><p class="chakra-text css-1ecdp9w" data-testid="product-brand">President's Choice</p><h3 class="chakra-heading css-6qrhwc" id="20682855_EA" data-testid="product-title">Free From Smoked Black Forest Ham</h3><p class="chakra-text css-1yftjin" data-testid="product-package-size">175 g, $42.80/1kg $4.28/100g</p></div></a><div class="css-8keand"></div></div><div class="css-1q5omjq"><div class="css-fcebb8"><div data-testid="atc-compact" class="css-y94ivq" style="width: 45px;"><button type="button" class="chakra-button css-mudsm6" data-testid="atc-button"><svg stroke="currentColor" fill="currentColor" stroke-width="0" viewBox="0 0 24 24" focusable="false" class="chakra-icon css-1g3sp7a" data-testid="btn-icon" aria-hidden="true" height="1em" width="1em" xmlns="http://www.w3.org/2000/svg"><path d="M19 13h-6v6h-2v-6H5v-2h6V5h2v6h6v2z"></path></svg><span class="css-idkz9h">Add Free From Smoked Black Forest Ham to cart</span></button></div></div></div></div></div></div><div class="css-0"><div class="css-f5i5wc"><div class="chakra-linkbox css-vhnn8v"><div data-testid="product-image" class="css-16dr4ly"><img alt="Mastro Capocollo, Sliced 125 g, $35.92/1kg $3.59/100g" src="https://assets.shop.loblaws.ca/products/20577341/b3/en/front/20577341_front_a06_@2.png" srcset="https://assets.shop.loblaws.ca/products/20577341/b3/en/front/20577341_front_a06_@2.png 1x, https://assets.shop.loblaws.ca/products/20577341/b3/en/front/20577341_front_a06_@2.png 2x" loading="lazy" class="chakra-image css-oguq8l" aria-hidden="true"></div><div class="css-qoklea"><div class="css-12dchmx"></div><div data-testid="price-product-tile" class="css-8atqhb"><p class="chakra-text css-0"><span class="chakra-text css-pwnbcb" data-testid="regular-price"><span class="css-idkz9h">$4.49</span>$4.49</span></p></div><a href="/capocollo-sliced/p/20577341_EA?source=nspt" class="chakra-linkbox__overlay css-1hnz6hu"><div class="css-0"><p class="chakra-text css-1ecdp9w" data-testid="product-brand">Mastro</p><h3 class="chakra-heading css-6qrhwc" id="20577341_EA" data-testid="product-title">Capocollo, Sliced</h3><p class="chakra-text css-1yftjin" data-testid="product-package-size">125 g, $35.92/1kg $3.59/100g</p></div></a><div class="css-8keand"></div></div><div class="css-1q5omjq"><div class="css-fcebb8"><div data-testid="atc-compact" class="css-y94ivq" style="width: 45px;"><button type="button" class="chakra-button css-mudsm6" data-testid="atc-button"><svg stroke="currentColor" fill="currentColor" stroke-width="0" viewBox="0 0 24 24" focusable="false" class="chakra-icon css-1g3sp7a" data-testid="btn-icon" aria-hidden="true" height="1em" width="1em" xmlns="http://www.w3.org/2000/svg"><path d="M19 13h-6v6h-2v-6H5v-2h6V5h2v6h6v2z"></path></svg><span class="css-idkz9h">Add Capocollo, Sliced to cart</span></button></div></div></div></div></div></div><div class="css-0"><div class="css-f5i5wc"><div class="chakra-linkbox css-vhnn8v"><div data-testid="product-image" class="css-16dr4ly"><img alt="Pillers Pepperoni Spicy 500 g, $1.70/100g" src="https://assets.shop.loblaws.ca/products/21099384/b3/en/front/21099384_front_a06_@2.png" srcset="https://assets.shop.loblaws.ca/products/21099384/b3/en/front/21099384_front_a06_@2.png 1x, https://assets.shop.loblaws.ca/products/21099384/b3/en/front/21099384_front_a06_@2.png 2x" loading="lazy" class="chakra-image css-oguq8l" aria-hidden="true"></div><div class="css-qoklea"><div class="css-12dchmx"></div><div data-testid="price-product-tile" class="css-8atqhb"><p class="chakra-text css-0"><span class="chakra-text css-pwnbcb" data-testid="regular-price"><span class="css-idkz9h">$8.49</span>$8.49</span></p></div><a href="/pepperoni-spicy/p/21099384_EA?source=nspt" class="chakra-linkbox__overlay css-1hnz6hu"><div class="css-0"><p class="chakra-text css-1ecdp9w" data-testid="product-brand">Pillers</p><h3 class="chakra-heading css-6qrhwc" id="21099384_EA" data-testid="product-title">Pepperoni Spicy</h3><p class="chakra-text css-1yftjin" data-testid="product-package-size">500 g, $1.70/100g</p></div></a><div class="css-8keand"></div></div><div class="css-1q5omjq"><div class="css-fcebb8"><div data-testid="atc-compact" class="css-y94ivq" style="width: 45px;"><button type="button" class="chakra-button css-mudsm6" data-testid="atc-button"><svg stroke="currentColor" fill="currentColor" stroke-width="0" viewBox="0 0 24 24" focusable="false" class="chakra-icon css-1g3sp7a" data-testid="btn-icon" aria-hidden="true" height="1em" width="1em" xmlns="http://www.w3.org/2000/svg"><path d="M19 13h-6v6h-2v-6H5v-2h6V5h2v6h6v2z"></path></svg><span class="css-idkz9h">Add Pepperoni Spicy to cart</span></button></div></div></div></div></div></div><div class="css-0"><div class="css-f5i5wc"><div class="chakra-linkbox css-vhnn8v"><div data-testid="product-image" class="css-16dr4ly"><img alt="Maple Leaf Natural Selections Shaved Roast Beef Deli Meat 150 g, $3.99/100g" src="https://assets.shop.loblaws.ca/products/21379026/b3/en/front/21379026_front_a06_@2.png" srcset="https://assets.shop.loblaws.ca/products/21379026/b3/en/front/21379026_front_a06_@2.png 1x, https://assets.shop.loblaws.ca/products/21379026/b3/en/front/21379026_front_a06_@2.png 2x" loading="lazy" class="chakra-image css-oguq8l" aria-hidden="true"></div><div class="css-qoklea"><div class="css-12dchmx"></div><div data-testid="price-product-tile" class="css-8atqhb"><p class="chakra-text css-0"><span class="chakra-text css-o93gbd" data-testid="sale-price"><span class="css-idkz9h">$5.99</span>$5.99</span><span class="chakra-text css-623q5h" data-testid="was-price"><span class="css-idkz9h">$7.49</span>$7.49</span></p><p class="chakra-text css-1m5a6y8" data-testid="price-descriptor">SAVE $1.50</p></div><a href="/natural-selections-shaved-roast-beef-deli-meat/p/21379026_EA?source=nspt" class="chakra-linkbox__overlay css-1hnz6hu"><div class="css-0"><p class="chakra-text css-1ecdp9w" data-testid="product-brand">Maple Leaf</p><h3 class="chakra-heading css-6qrhwc" id="21379026_EA" data-testid="product-title">Natural Selections Shaved Roast Beef Deli Meat</h3><p class="chakra-text css-1yftjin" data-testid="product-package-size">150 g, $3.99/100g</p></div></a><div class="css-8keand"></div></div><div class="css-1q5omjq"><div class="css-fcebb8"><div data-testid="atc-compact" class="css-y94ivq" style="width: 45px;"><button type="button" class="chakra-button css-mudsm6" data-testid="atc-button"><svg stroke="currentColor" fill="currentColor" stroke-width="0" viewBox="0 0 24 24" focusable="false" class="chakra-icon css-1g3sp7a" data-testid="btn-icon" aria-hidden="true" height="1em" width="1em" xmlns="http://www.w3.org/2000/svg"><path d="M19 13h-6v6h-2v-6H5v-2h6V5h2v6h6v2z"></path></svg><span class="css-idkz9h">Add Natural Selections Shaved Roast Beef Deli Meat to cart</span></button></div></div><div class="css-4saf4a"><p class="chakra-text css-py8788" data-testid="inventory-badge-text">Low Stock</p></div></div></div></div></div><div class="css-0"><div class="css-f5i5wc"><div class="chakra-linkbox css-vhnn8v"><div data-testid="product-image" class="css-16dr4ly"><img alt="Ziggy's Montreal-Style Smoked Meat 175 g, $2.00/100g" src="https://assets.shop.loblaws.ca/products/21599921/b3/en/front/21599921_front_a06_@2.png" srcset="https://assets.shop.loblaws.ca/products/21599921/b3/en/front/21599921_front_a06_@2.png 1x, https://assets.shop.loblaws.ca/products/21599921/b3/en/front/21599921_front_a06_@2.png 2x" loading="lazy" class="chakra-image css-oguq8l" aria-hidden="true"></div><div class="css-qoklea"><div class="css-12dchmx"><div class="chakra-badge css-34x0wr" data-testid="product-badge"><div class="css-u4p24i">New</div></div></div><div data-testid="price-product-tile" class="css-8atqhb"><p class="chakra-text css-0"><span class="chakra-text css-pwnbcb" data-testid="regular-price"><span class="css-idkz9h">$3.50</span>$3.50</span></p></div><a href="/montreal-style-smoked-meat/p/21599921_EA?source=nspt" class="chakra-linkbox__overlay css-1hnz6hu"><div class="css-0"><p class="chakra-text css-1ecdp9w" data-testid="product-brand">Ziggy's</p><h3 class="chakra-heading css-6qrhwc" id="21599921_EA" data-testid="product-title">Montreal-Style Smoked Meat</h3><p class="chakra-text css-1yftjin" data-testid="product-package-size">175 g, $2.00/100g</p></div></a><div class="css-8keand"></div></div><div class="css-1q5omjq"><div class="css-fcebb8"><div data-testid="atc-compact" class="css-y94ivq" style="width: 45px;"><button type="button" class="chakra-button css-mudsm6" data-testid="atc-button"><svg stroke="currentColor" fill="currentColor" stroke-width="0" viewBox="0 0 24 24" focusable="false" class="chakra-icon css-1g3sp7a" data-testid="btn-icon" aria-hidden="true" height="1em" width="1em" xmlns="http://www.w3.org/2000/svg"><path d="M19 13h-6v6h-2v-6H5v-2h6V5h2v6h6v2z"></path></svg><span class="css-idkz9h">Add Montreal-Style Smoked Meat to cart</span></button></div></div></div></div></div></div><div class="css-0"><div class="css-f5i5wc"><div class="chakra-linkbox css-vhnn8v"><div data-testid="product-image" class="css-16dr4ly"><img alt="Schneider Herbed Turkey Breast 150 g, $3.99/100g" src="https://assets.shop.loblaws.ca/products/21550799/b3/en/front/21550799_front_a06_@2.png" srcset="https://assets.shop.loblaws.ca/products/21550799/b3/en/front/21550799_front_a06_@2.png 1x, https://assets.shop.loblaws.ca/products/21550799/b3/en/front/21550799_front_a06_@2.png 2x" loading="lazy" class="chakra-image css-oguq8l" aria-hidden="true"></div><div class="css-qoklea"><div class="css-12dchmx"></div><div data-testid="price-product-tile" class="css-8atqhb"><p class="chakra-text css-0"><span class="chakra-text css-o93gbd" data-testid="sale-price"><span class="css-idkz9h">$5.99</span>$5.99</span><span class="chakra-text css-623q5h" data-testid="was-price"><span class="css-idkz9h">$7.49</span>$7.49</span></p><p class="chakra-text css-1m5a6y8" data-testid="price-descriptor">SAVE $1.50</p></div><a href="/herbed-turkey-breast/p/21550799_EA?source=nspt" class="chakra-linkbox__overlay css-1hnz6hu"><div class="css-0"><p class="chakra-text css-1ecdp9w" data-testid="product-brand">Schneider</p><h3 class="chakra-heading css-6qrhwc" id="21550799_EA" data-testid="product-title">Herbed Turkey Breast</h3><p class="chakra-text css-1yftjin" data-testid="product-package-size">150 g, $3.99/100g</p></div></a><div class="css-8keand"></div></div><div class="css-1q5omjq"><div class="css-fcebb8"><div data-testid="atc-compact" class="css-y94ivq" style="width: 45px;"><button type="button" class="chakra-button css-mudsm6" data-testid="atc-button"><svg stroke="currentColor" fill="currentColor" stroke-width="0" viewBox="0 0 24 24" focusable="false" class="chakra-icon css-1g3sp7a" data-testid="btn-icon" aria-hidden="true" height="1em" width="1em" xmlns="http://www.w3.org/2000/svg"><path d="M19 13h-6v6h-2v-6H5v-2h6V5h2v6h6v2z"></path></svg><span class="css-idkz9h">Add Herbed Turkey Breast to cart</span></button></div></div></div></div></div></div><div class="css-0"><div class="css-f5i5wc"><div class="chakra-linkbox css-vhnn8v"><div data-testid="product-image" class="css-16dr4ly"><img alt="PC Splendido Antipasto Misto  100 g, $6.49/100g" src="https://assets.shop.loblaws.ca/products/21050405/b3/en/front/21050405_front_a06_@2.png" srcset="https://assets.shop.loblaws.ca/products/21050405/b3/en/front/21050405_front_a06_@2.png 1x, https://assets.shop.loblaws.ca/products/21050405/b3/en/front/21050405_front_a06_@2.png 2x" loading="lazy" class="chakra-image css-oguq8l" aria-hidden="true"></div><div class="css-qoklea"><div class="css-12dchmx"></div><div data-testid="price-product-tile" class="css-8atqhb"><p class="chakra-text css-0"><span class="chakra-text css-pwnbcb" data-testid="regular-price"><span class="css-idkz9h">$6.49</span>$6.49</span></p></div><a href="/antipasto-misto/p/21050405_EA?source=nspt" class="chakra-linkbox__overlay css-1hnz6hu"><div class="css-0"><p class="chakra-text css-1ecdp9w" data-testid="product-brand">PC Splendido</p><h3 class="chakra-heading css-6qrhwc" id="21050405_EA" data-testid="product-title">Antipasto Misto </h3><p class="chakra-text css-1yftjin" data-testid="product-package-size">100 g, $6.49/100g</p></div></a><div class="css-8keand"></div></div><div class="css-1q5omjq"><div class="css-fcebb8"><div data-testid="atc-compact" class="css-y94ivq" style="width: 45px;"><button type="button" class="chakra-button css-mudsm6" data-testid="atc-button"><svg stroke="currentColor" fill="currentColor" stroke-width="0" viewBox="0 0 24 24" focusable="false" class="chakra-icon css-1g3sp7a" data-testid="btn-icon" aria-hidden="true" height="1em" width="1em" xmlns="http://www.w3.org/2000/svg"><path d="M19 13h-6v6h-2v-6H5v-2h6V5h2v6h6v2z"></path></svg><span class="css-idkz9h">Add Antipasto Misto  to cart</span></button></div></div></div></div></div></div><div class="css-0"><div class="css-f5i5wc"><div class="chakra-linkbox css-vhnn8v"><div data-testid="product-image" class="css-16dr4ly"><img alt="Sufra Halal Sliced Chicken Bologna 500 g, $1.20/100g" src="https://assets.shop.loblaws.ca/products/21020646/b3/en/front/21020646_front_a06_@2.png" srcset="https://assets.shop.loblaws.ca/products/21020646/b3/en/front/21020646_front_a06_@2.png 1x, https://assets.shop.loblaws.ca/products/21020646/b3/en/front/21020646_front_a06_@2.png 2x" loading="lazy" class="chakra-image css-oguq8l" aria-hidden="true"></div><div class="css-qoklea"><div class="css-12dchmx"></div><div data-testid="price-product-tile" class="css-8atqhb"><p class="chakra-text css-0"><span class="chakra-text css-pwnbcb" data-testid="regular-price"><span class="css-idkz9h">$5.99</span>$5.99</span></p></div><a href="/halal-sliced-chicken-bologna/p/21020646_EA?source=nspt" class="chakra-linkbox__overlay css-1hnz6hu"><div class="css-0"><p class="chakra-text css-1ecdp9w" data-testid="product-brand">Sufra</p><h3 class="chakra-heading css-6qrhwc" id="21020646_EA" data-testid="product-title">Halal Sliced Chicken Bologna</h3><p class="chakra-text css-1yftjin" data-testid="product-package-size">500 g, $1.20/100g</p></div></a><div class="css-8keand"></div></div><div class="css-1q5omjq"><div class="css-fcebb8"><div data-testid="atc-compact" class="css-y94ivq" style="width: 45px;"><button type="button" class="chakra-button css-mudsm6" data-testid="atc-button"><svg stroke="currentColor" fill="currentColor" stroke-width="0" viewBox="0 0 24 24" focusable="false" class="chakra-icon css-1g3sp7a" data-testid="btn-icon" aria-hidden="true" height="1em" width="1em" xmlns="http://www.w3.org/2000/svg"><path d="M19 13h-6v6h-2v-6H5v-2h6V5h2v6h6v2z"></path></svg><span class="css-idkz9h">Add Halal Sliced Chicken Bologna to cart</span></button></div></div></div></div></div></div><div class="css-0"><div class="css-f5i5wc"><div class="chakra-linkbox css-vhnn8v"><div data-testid="product-image" class="css-16dr4ly"><img alt="Pillers Extra Lean Kolbassa Ham 300 g, $24.97/1kg $2.50/100g" src="https://assets.shop.loblaws.ca/products/20820469/b3/en/front/20820469_front_a06_@2.png" srcset="https://assets.shop.loblaws.ca/products/20820469/b3/en/front/20820469_front_a06_@2.png 1x, https://assets.shop.loblaws.ca/products/20820469/b3/en/front/20820469_front_a06_@2.png 2x" loading="lazy" class="chakra-image css-oguq8l" aria-hidden="true"></div><div class="css-qoklea"><div class="css-12dchmx"></div><div data-testid="price-product-tile" class="css-8atqhb"><p class="chakra-text css-0"><span class="chakra-text css-pwnbcb" data-testid="regular-price"><span class="css-idkz9h">$7.49</span>$7.49</span></p></div><a href="/extra-lean-kolbassa-ham/p/20820469_EA?source=nspt" class="chakra-linkbox__overlay css-1hnz6hu"><div class="css-0"><p class="chakra-text css-1ecdp9w" data-testid="product-brand">Pillers</p><h3 class="chakra-heading css-6qrhwc" id="20820469_EA" data-testid="product-title">Extra Lean Kolbassa Ham</h3><p class="chakra-text css-1yftjin" data-testid="product-package-size">300 g, $24.97/1kg $2.50/100g</p></div></a><div class="css-8keand"></div></div><div class="css-1q5omjq"><div class="css-fcebb8"><div data-testid="atc-compact" class="css-y94ivq" style="width: 45px;"><button type="button" class="chakra-button css-mudsm6" data-testid="atc-button"><svg stroke="currentColor" fill="currentColor" stroke-width="0" viewBox="0 0 24 24" focusable="false" class="chakra-icon css-1g3sp7a" data-testid="btn-icon" aria-hidden="true" height="1em" width="1em" xmlns="http://www.w3.org/2000/svg"><path d="M19 13h-6v6h-2v-6H5v-2h6V5h2v6h6v2z"></path></svg><span class="css-idkz9h">Add Extra Lean Kolbassa Ham to cart</span></button></div></div></div></div></div></div><div class="css-0"><div class="css-f5i5wc"><div class="chakra-linkbox css-vhnn8v"><div data-testid="product-image" class="css-16dr4ly"><img alt="Mastro Capocollo, Hot 125 g, $35.92/1kg $3.59/100g" src="https://assets.shop.loblaws.ca/products/20577602/b3/en/front/20577602_front_a06_@2.png" srcset="https://assets.shop.loblaws.ca/products/20577602/b3/en/front/20577602_front_a06_@2.png 1x, https://assets.shop.loblaws.ca/products/20577602/b3/en/front/20577602_front_a06_@2.png 2x" loading="lazy" class="chakra-image css-oguq8l" aria-hidden="true"></div><div class="css-qoklea"><div class="css-12dchmx"></div><div data-testid="price-product-tile" class="css-8atqhb"><p class="chakra-text css-0"><span class="chakra-text css-pwnbcb" data-testid="regular-price"><span class="css-idkz9h">$4.49</span>$4.49</span></p></div><a href="/capocollo-hot/p/20577602_EA?source=nspt" class="chakra-linkbox__overlay css-1hnz6hu"><div class="css-0"><p class="chakra-text css-1ecdp9w" data-testid="product-brand">Mastro</p><h3 class="chakra-heading css-6qrhwc" id="20577602_EA" data-testid="product-title">Capocollo, Hot</h3><p class="chakra-text css-1yftjin" data-testid="product-package-size">125 g, $35.92/1kg $3.59/100g</p></div></a><div class="css-8keand"></div></div><div class="css-1q5omjq"><div class="css-fcebb8"><div data-testid="atc-compact" class="css-y94ivq" style="width: 45px;"><button type="button" class="chakra-button css-mudsm6" data-testid="atc-button"><svg stroke="currentColor" fill="currentColor" stroke-width="0" viewBox="0 0 24 24" focusable="false" class="chakra-icon css-1g3sp7a" data-testid="btn-icon" aria-hidden="true" height="1em" width="1em" xmlns="http://www.w3.org/2000/svg"><path d="M19 13h-6v6h-2v-6H5v-2h6V5h2v6h6v2z"></path></svg><span class="css-idkz9h">Add Capocollo, Hot to cart</span></button></div></div></div></div></div></div><div class="css-0"><div class="css-f5i5wc"><div class="chakra-linkbox css-vhnn8v"><div data-testid="product-image" class="css-16dr4ly"><img alt="Pillers Turkey Kolbassa  250 g, $3.00/100g" src="https://assets.shop.loblaws.ca/products/21400151/b3/en/front/21400151_front_a06_@2.png" srcset="https://assets.shop.loblaws.ca/products/21400151/b3/en/front/21400151_front_a06_@2.png 1x, https://assets.shop.loblaws.ca/products/21400151/b3/en/front/21400151_front_a06_@2.png 2x" loading="lazy" class="chakra-image css-oguq8l" aria-hidden="true"></div><div class="css-qoklea"><div class="css-12dchmx"></div><div data-testid="price-product-tile" class="css-8atqhb"><p class="chakra-text css-0"><span class="chakra-text css-pwnbcb" data-testid="regular-price"><span class="css-idkz9h">$7.49</span>$7.49</span></p></div><a href="/turkey-kolbassa/p/21400151_EA?source=nspt" class="chakra-linkbox__overlay css-1hnz6hu"><div class="css-0"><p class="chakra-text css-1ecdp9w" data-testid="product-brand">Pillers</p><h3 class="chakra-heading css-6qrhwc" id="21400151_EA" data-testid="product-title">Turkey Kolbassa </h3><p class="chakra-text css-1yftjin" data-testid="product-package-size">250 g, $3.00/100g</p></div></a><div class="css-8keand"></div></div><div class="css-1q5omjq"><div class="css-fcebb8"><div data-testid="atc-compact" class="css-y94ivq" style="width: 45px;"><button type="button" class="chakra-button css-mudsm6" data-testid="atc-button"><svg stroke="currentColor" fill="currentColor" stroke-width="0" viewBox="0 0 24 24" focusable="false" class="chakra-icon css-1g3sp7a" data-testid="btn-icon" aria-hidden="true" height="1em" width="1em" xmlns="http://www.w3.org/2000/svg"><path d="M19 13h-6v6h-2v-6H5v-2h6V5h2v6h6v2z"></path></svg><span class="css-idkz9h">Add Turkey Kolbassa  to cart</span></button></div></div></div></div></div></div><div class="css-0"><div class="css-f5i5wc"><div class="chakra-linkbox css-vhnn8v"><div data-testid="product-image" class="css-16dr4ly"><img alt="Ziggy's Smoked Cajun Chicken Slices 175 g, $2.00/100g" src="https://assets.shop.loblaws.ca/products/21596260/b3/en/front/21596260_front_a06_@2.png" srcset="https://assets.shop.loblaws.ca/products/21596260/b3/en/front/21596260_front_a06_@2.png 1x, https://assets.shop.loblaws.ca/products/21596260/b3/en/front/21596260_front_a06_@2.png 2x" loading="lazy" class="chakra-image css-oguq8l" aria-hidden="true"></div><div class="css-qoklea"><div class="css-12dchmx"><div class="chakra-badge css-34x0wr" data-testid="product-badge"><div class="css-u4p24i">New</div></div></div><div data-testid="price-product-tile" class="css-8atqhb"><p class="chakra-text css-0"><span class="chakra-text css-pwnbcb" data-testid="regular-price"><span class="css-idkz9h">$3.50</span>$3.50</span></p></div><a href="/smoked-cajun-chicken-slices/p/21596260_EA?source=nspt" class="chakra-linkbox__overlay css-1hnz6hu"><div class="css-0"><p class="chakra-text css-1ecdp9w" data-testid="product-brand">Ziggy's</p><h3 class="chakra-heading css-6qrhwc" id="21596260_EA" data-testid="product-title">Smoked Cajun Chicken Slices</h3><p class="chakra-text css-1yftjin" data-testid="product-package-size">175 g, $2.00/100g</p></div></a><div class="css-8keand"></div></div><div class="css-1q5omjq"><div class="css-fcebb8"><div data-testid="atc-compact" class="css-y94ivq" style="width: 45px;"><button type="button" class="chakra-button css-mudsm6" data-testid="atc-button"><svg stroke="currentColor" fill="currentColor" stroke-width="0" viewBox="0 0 24 24" focusable="false" class="chakra-icon css-1g3sp7a" data-testid="btn-icon" aria-hidden="true" height="1em" width="1em" xmlns="http://www.w3.org/2000/svg"><path d="M19 13h-6v6h-2v-6H5v-2h6V5h2v6h6v2z"></path></svg><span class="css-idkz9h">Add Smoked Cajun Chicken Slices to cart</span></button></div></div></div></div></div></div><div class="css-0"><div class="css-f5i5wc"><div class="chakra-linkbox css-vhnn8v"><div data-testid="product-image" class="css-16dr4ly"><img alt="San Daniele Mortadella, Hot 175 g, $25.66/1kg $2.57/100g" src="https://assets.shop.loblaws.ca/products/20578305/b3/en/front/20578305_front_a06_@2.png" srcset="https://assets.shop.loblaws.ca/products/20578305/b3/en/front/20578305_front_a06_@2.png 1x, https://assets.shop.loblaws.ca/products/20578305/b3/en/front/20578305_front_a06_@2.png 2x" loading="lazy" class="chakra-image css-oguq8l" aria-hidden="true"></div><div class="css-qoklea"><div class="css-12dchmx"></div><div data-testid="price-product-tile" class="css-8atqhb"><p class="chakra-text css-0"><span class="chakra-text css-pwnbcb" data-testid="regular-price"><span class="css-idkz9h">$4.49</span>$4.49</span></p></div><a href="/mortadella-hot/p/20578305_EA?source=nspt" class="chakra-linkbox__overlay css-1hnz6hu"><div class="css-0"><p class="chakra-text css-1ecdp9w" data-testid="product-brand">San Daniele</p><h3 class="chakra-heading css-6qrhwc" id="20578305_EA" data-testid="product-title">Mortadella, Hot</h3><p class="chakra-text css-1yftjin" data-testid="product-package-size">175 g, $25.66/1kg $2.57/100g</p></div></a><div class="css-8keand"></div></div><div class="css-1q5omjq"><div class="css-fcebb8"><div data-testid="atc-compact" class="css-y94ivq" style="width: 45px;"><button type="button" class="chakra-button css-mudsm6" data-testid="atc-button"><svg stroke="currentColor" fill="currentColor" stroke-width="0" viewBox="0 0 24 24" focusable="false" class="chakra-icon css-1g3sp7a" data-testid="btn-icon" aria-hidden="true" height="1em" width="1em" xmlns="http://www.w3.org/2000/svg"><path d="M19 13h-6v6h-2v-6H5v-2h6V5h2v6h6v2z"></path></svg><span class="css-idkz9h">Add Mortadella, Hot to cart</span></button></div></div></div></div></div></div><div class="css-0"><div class="css-f5i5wc"><div class="chakra-linkbox css-vhnn8v"><div data-testid="product-image" class="css-16dr4ly"><img alt="Fantino &amp; Mondello Dry Chorizo Sausage 175 g, $3.42/100g" src="https://assets.shop.loblaws.ca/products/21551583/b3/en/front/21551583_front_a06_@2.png" srcset="https://assets.shop.loblaws.ca/products/21551583/b3/en/front/21551583_front_a06_@2.png 1x, https://assets.shop.loblaws.ca/products/21551583/b3/en/front/21551583_front_a06_@2.png 2x" loading="lazy" class="chakra-image css-oguq8l" aria-hidden="true"></div><div class="css-qoklea"><div class="css-12dchmx"></div><div data-testid="price-product-tile" class="css-8atqhb"><p class="chakra-text css-0"><span class="chakra-text css-o93gbd" data-testid="sale-price"><span class="css-idkz9h">$5.99</span>$5.99</span><span class="chakra-text css-623q5h" data-testid="was-price"><span class="css-idkz9h">$7.49</span>$7.49</span></p><p class="chakra-text css-1m5a6y8" data-testid="price-descriptor">SAVE $1.50</p></div><a href="/dry-chorizo-sausage/p/21551583_EA?source=nspt" class="chakra-linkbox__overlay css-1hnz6hu"><div class="css-0"><p class="chakra-text css-1ecdp9w" data-testid="product-brand">Fantino &amp; Mondello</p><h3 class="chakra-heading css-6qrhwc" id="21551583_EA" data-testid="product-title">Dry Chorizo Sausage</h3><p class="chakra-text css-1yftjin" data-testid="product-package-size">175 g, $3.42/100g</p></div></a><div class="css-8keand"></div></div><div class="css-1q5omjq"><div class="css-fcebb8"><div data-testid="atc-compact" class="css-y94ivq" style="width: 45px;"><button type="button" class="chakra-button css-mudsm6" data-testid="atc-button"><svg stroke="currentColor" fill="currentColor" stroke-width="0" viewBox="0 0 24 24" focusable="false" class="chakra-icon css-1g3sp7a" data-testid="btn-icon" aria-hidden="true" height="1em" width="1em" xmlns="http://www.w3.org/2000/svg"><path d="M19 13h-6v6h-2v-6H5v-2h6V5h2v6h6v2z"></path></svg><span class="css-idkz9h">Add Dry Chorizo Sausage to cart</span></button></div></div></div></div></div></div><div class="css-0"><div class="css-f5i5wc"><div class="chakra-linkbox css-vhnn8v"><div data-testid="product-image" class="css-16dr4ly"><img alt="Mastro Soppressata Salami 125 g, $5.19/100g" src="https://assets.shop.loblaws.ca/products/21059859/b3/en/front/21059859_front_a06_@2.png" srcset="https://assets.shop.loblaws.ca/products/21059859/b3/en/front/21059859_front_a06_@2.png 1x, https://assets.shop.loblaws.ca/products/21059859/b3/en/front/21059859_front_a06_@2.png 2x" loading="lazy" class="chakra-image css-oguq8l" aria-hidden="true"></div><div class="css-qoklea"><div class="css-12dchmx"></div><div data-testid="price-product-tile" class="css-8atqhb"><p class="chakra-text css-0"><span class="chakra-text css-pwnbcb" data-testid="regular-price"><span class="css-idkz9h">$6.49</span>$6.49</span></p></div><a href="/soppressata-salami/p/21059859_EA?source=nspt" class="chakra-linkbox__overlay css-1hnz6hu"><div class="css-0"><p class="chakra-text css-1ecdp9w" data-testid="product-brand">Mastro</p><h3 class="chakra-heading css-6qrhwc" id="21059859_EA" data-testid="product-title">Soppressata Salami</h3><p class="chakra-text css-1yftjin" data-testid="product-package-size">125 g, $5.19/100g</p></div></a><div class="css-8keand"></div></div><div class="css-1q5omjq"><div class="css-fcebb8"><div data-testid="atc-compact" class="css-y94ivq" style="width: 45px;"><button type="button" class="chakra-button css-mudsm6" data-testid="atc-button"><svg stroke="currentColor" fill="currentColor" stroke-width="0" viewBox="0 0 24 24" focusable="false" class="chakra-icon css-1g3sp7a" data-testid="btn-icon" aria-hidden="true" height="1em" width="1em" xmlns="http://www.w3.org/2000/svg"><path d="M19 13h-6v6h-2v-6H5v-2h6V5h2v6h6v2z"></path></svg><span class="css-idkz9h">Add Soppressata Salami to cart</span></button></div></div></div></div></div></div><div class="css-0"><div class="css-f5i5wc"><div class="chakra-linkbox css-vhnn8v"><div data-testid="product-image" class="css-16dr4ly"><img alt="Pillers Turkey Bites Smoked Turkey Sausage Honey Garlic 300 g, $2.83/100g" src="https://assets.shop.loblaws.ca/products/21455328/b3/en/front/21455328_front_a06_@2.png" srcset="https://assets.shop.loblaws.ca/products/21455328/b3/en/front/21455328_front_a06_@2.png 1x, https://assets.shop.loblaws.ca/products/21455328/b3/en/front/21455328_front_a06_@2.png 2x" loading="lazy" class="chakra-image css-oguq8l" aria-hidden="true"></div><div class="css-qoklea"><div class="css-12dchmx"></div><div data-testid="price-product-tile" class="css-8atqhb"><p class="chakra-text css-0"><span class="chakra-text css-o93gbd" data-testid="sale-price"><span class="css-idkz9h">$8.49</span>$8.49</span><span class="chakra-text css-623q5h" data-testid="was-price"><span class="css-idkz9h">$10.99</span>$10.99</span></p><p class="chakra-text css-1m5a6y8" data-testid="price-descriptor">SAVE $2.50</p></div><a href="/turkey-bites-smoked-turkey-sausage-honey-garlic/p/21455328_EA?source=nspt" class="chakra-linkbox__overlay css-1hnz6hu"><div class="css-0"><p class="chakra-text css-1ecdp9w" data-testid="product-brand">Pillers</p><h3 class="chakra-heading css-6qrhwc" id="21455328_EA" data-testid="product-title">Turkey Bites Smoked Turkey Sausage Honey Garlic</h3><p class="chakra-text css-1yftjin" data-testid="product-package-size">300 g, $2.83/100g</p></div></a><div class="css-8keand"></div></div><div class="css-1q5omjq"><div class="css-fcebb8"><div data-testid="atc-compact" class="css-y94ivq" style="width: 45px;"><button type="button" class="chakra-button css-mudsm6" data-testid="atc-button"><svg stroke="currentColor" fill="currentColor" stroke-width="0" viewBox="0 0 24 24" focusable="false" class="chakra-icon css-1g3sp7a" data-testid="btn-icon" aria-hidden="true" height="1em" width="1em" xmlns="http://www.w3.org/2000/svg"><path d="M19 13h-6v6h-2v-6H5v-2h6V5h2v6h6v2z"></path></svg><span class="css-idkz9h">Add Turkey Bites Smoked Turkey Sausage Honey Garlic to cart</span></button></div></div></div></div></div></div><div class="css-0"><div class="css-f5i5wc"><div class="chakra-linkbox css-vhnn8v"><div data-testid="product-image" class="css-16dr4ly"><img alt="Fantino &amp; Mondello Original Salametti 175 g, $3.42/100g" src="https://assets.shop.loblaws.ca/products/21551515/b3/en/front/21551515_front_a06_@2.png" srcset="https://assets.shop.loblaws.ca/products/21551515/b3/en/front/21551515_front_a06_@2.png 1x, https://assets.shop.loblaws.ca/products/21551515/b3/en/front/21551515_front_a06_@2.png 2x" loading="lazy" class="chakra-image css-oguq8l" aria-hidden="true"></div><div class="css-qoklea"><div class="css-12dchmx"></div><div data-testid="price-product-tile" class="css-8atqhb"><p class="chakra-text css-0"><span class="chakra-text css-o93gbd" data-testid="sale-price"><span class="css-idkz9h">$5.99</span>$5.99</span><span class="chakra-text css-623q5h" data-testid="was-price"><span class="css-idkz9h">$7.49</span>$7.49</span></p><p class="chakra-text css-1m5a6y8" data-testid="price-descriptor">SAVE $1.50</p></div><a href="/original-salametti/p/21551515_EA?source=nspt" class="chakra-linkbox__overlay css-1hnz6hu"><div class="css-0"><p class="chakra-text css-1ecdp9w" data-testid="product-brand">Fantino &amp; Mondello</p><h3 class="chakra-heading css-6qrhwc" id="21551515_EA" data-testid="product-title">Original Salametti</h3><p class="chakra-text css-1yftjin" data-testid="product-package-size">175 g, $3.42/100g</p></div></a><div class="css-8keand"></div></div><div class="css-1q5omjq"><div class="css-fcebb8"><div data-testid="atc-compact" class="css-y94ivq" style="width: 45px;"><button type="button" class="chakra-button css-mudsm6" data-testid="atc-button"><svg stroke="currentColor" fill="currentColor" stroke-width="0" viewBox="0 0 24 24" focusable="false" class="chakra-icon css-1g3sp7a" data-testid="btn-icon" aria-hidden="true" height="1em" width="1em" xmlns="http://www.w3.org/2000/svg"><path d="M19 13h-6v6h-2v-6H5v-2h6V5h2v6h6v2z"></path></svg><span class="css-idkz9h">Add Original Salametti to cart</span></button></div></div></div></div></div></div><div class="css-0"><div class="css-f5i5wc"><div class="chakra-linkbox css-vhnn8v"><div data-testid="product-image" class="css-16dr4ly"><img alt="San Daniele Sliced Prosciutto Club Pack 200 g, $5.00/100g" src="https://assets.shop.loblaws.ca/products/21377490/b3/en/front/21377490_front_a06_@2.png" srcset="https://assets.shop.loblaws.ca/products/21377490/b3/en/front/21377490_front_a06_@2.png 1x, https://assets.shop.loblaws.ca/products/21377490/b3/en/front/21377490_front_a06_@2.png 2x" loading="lazy" class="chakra-image css-oguq8l" aria-hidden="true"></div><div class="css-qoklea"><div class="css-12dchmx"></div><div data-testid="price-product-tile" class="css-8atqhb"><p class="chakra-text css-0"><span class="chakra-text css-pwnbcb" data-testid="regular-price"><span class="css-idkz9h">$9.99</span>$9.99</span></p></div><a href="/sliced-prosciutto-club-pack/p/21377490_EA?source=nspt" class="chakra-linkbox__overlay css-1hnz6hu"><div class="css-0"><p class="chakra-text css-1ecdp9w" data-testid="product-brand">San Daniele</p><h3 class="chakra-heading css-6qrhwc" id="21377490_EA" data-testid="product-title">Sliced Prosciutto Club Pack</h3><p class="chakra-text css-1yftjin" data-testid="product-package-size">200 g, $5.00/100g</p></div></a><div class="css-8keand"></div></div><div class="css-1q5omjq"><div class="css-fcebb8"><div data-testid="atc-compact" class="css-y94ivq" style="width: 45px;"><button type="button" class="chakra-button css-mudsm6" data-testid="atc-button"><svg stroke="currentColor" fill="currentColor" stroke-width="0" viewBox="0 0 24 24" focusable="false" class="chakra-icon css-1g3sp7a" data-testid="btn-icon" aria-hidden="true" height="1em" width="1em" xmlns="http://www.w3.org/2000/svg"><path d="M19 13h-6v6h-2v-6H5v-2h6V5h2v6h6v2z"></path></svg><span class="css-idkz9h">Add Sliced Prosciutto Club Pack to cart</span></button></div></div></div></div></div></div><div class="css-0"><div class="css-f5i5wc"><div class="chakra-linkbox css-vhnn8v"><div data-testid="product-image" class="css-16dr4ly"><img alt="Ziggy's Smoked Kolbassa Sausage 375 g, $1.86/100g" src="https://assets.shop.loblaws.ca/products/21396884/b3/en/front/21396884_front_a06_@2.png" srcset="https://assets.shop.loblaws.ca/products/21396884/b3/en/front/21396884_front_a06_@2.png 1x, https://assets.shop.loblaws.ca/products/21396884/b3/en/front/21396884_front_a06_@2.png 2x" loading="lazy" class="chakra-image css-oguq8l" aria-hidden="true"></div><div class="css-qoklea"><div class="css-12dchmx"></div><div data-testid="price-product-tile" class="css-8atqhb"><p class="chakra-text css-0"><span class="chakra-text css-pwnbcb" data-testid="regular-price"><span class="css-idkz9h">$6.99</span>$6.99</span></p></div><a href="/smoked-kolbassa-sausage/p/21396884_EA?source=nspt" class="chakra-linkbox__overlay css-1hnz6hu"><div class="css-0"><p class="chakra-text css-1ecdp9w" data-testid="product-brand">Ziggy's</p><h3 class="chakra-heading css-6qrhwc" id="21396884_EA" data-testid="product-title">Smoked Kolbassa Sausage</h3><p class="chakra-text css-1yftjin" data-testid="product-package-size">375 g, $1.86/100g</p></div></a><div class="css-8keand"></div></div><div class="css-1q5omjq"><div class="css-fcebb8"><div data-testid="atc-compact" class="css-y94ivq" style="width: 45px;"><button type="button" class="chakra-button css-mudsm6" data-testid="atc-button"><svg stroke="currentColor" fill="currentColor" stroke-width="0" viewBox="0 0 24 24" focusable="false" class="chakra-icon css-1g3sp7a" data-testid="btn-icon" aria-hidden="true" height="1em" width="1em" xmlns="http://www.w3.org/2000/svg"><path d="M19 13h-6v6h-2v-6H5v-2h6V5h2v6h6v2z"></path></svg><span class="css-idkz9h">Add Smoked Kolbassa Sausage to cart</span></button></div></div></div></div></div></div><div class="css-0"><div class="css-f5i5wc"><div class="chakra-linkbox css-vhnn8v"><div data-testid="product-image" class="css-16dr4ly"><img alt="Brandt Smoked Turkey Thighs (Thin Sliced) $21.90/1kg" src="https://assets.shop.loblaws.ca/products/20098447/b3/en/front/20098447_front_a06_@2.png" srcset="https://assets.shop.loblaws.ca/products/20098447/b3/en/front/20098447_front_a06_@2.png 1x, https://assets.shop.loblaws.ca/products/20098447/b3/en/front/20098447_front_a06_@2.png 2x" loading="lazy" class="chakra-image css-oguq8l" aria-hidden="true"></div><div class="css-qoklea"><div class="css-12dchmx"></div><div data-testid="price-product-tile" class="css-8atqhb"><p class="chakra-text css-0"><span class="chakra-text css-pwnbcb" data-testid="regular-price"><span class="css-idkz9h">$2.19</span>$2.19</span></p></div><a href="/smoked-turkey-thighs-thin-sliced/p/20098447_KG?source=nspt" class="chakra-linkbox__overlay css-1hnz6hu"><div class="css-0"><p class="chakra-text css-1ecdp9w" data-testid="product-brand">Brandt</p><h3 class="chakra-heading css-6qrhwc" id="20098447_KG" data-testid="product-title">Smoked Turkey Thighs (Thin Sliced)</h3><p class="chakra-text css-1yftjin" data-testid="product-package-size">$21.90/1kg</p></div></a><div class="css-8keand"></div></div><div class="css-1q5omjq"><div class="css-fcebb8"><div data-testid="atc-compact" class="css-y94ivq" style="width: 45px;"><button type="button" class="chakra-button css-mudsm6" data-testid="atc-button"><svg stroke="currentColor" fill="currentColor" stroke-width="0" viewBox="0 0 24 24" focusable="false" class="chakra-icon css-1g3sp7a" data-testid="btn-icon" aria-hidden="true" height="1em" width="1em" xmlns="http://www.w3.org/2000/svg"><path d="M19 13h-6v6h-2v-6H5v-2h6V5h2v6h6v2z"></path></svg><span class="css-idkz9h">Add Smoked Turkey Thighs (Thin Sliced) to cart</span></button></div></div></div></div></div></div><div class="css-0"><div class="css-f5i5wc"><div class="chakra-linkbox css-vhnn8v"><div data-testid="product-image" class="css-16dr4ly"><img alt="Borges Sausage, Hot $19.90/1kg" src="https://assets.shop.loblaws.ca/products/20118782/b3/en/front/20118782_front_a06_@2.png" srcset="https://assets.shop.loblaws.ca/products/20118782/b3/en/front/20118782_front_a06_@2.png 1x, https://assets.shop.loblaws.ca/products/20118782/b3/en/front/20118782_front_a06_@2.png 2x" loading="lazy" class="chakra-image css-oguq8l" aria-hidden="true"></div><div class="css-qoklea"><div class="css-12dchmx"></div><div data-testid="price-product-tile" class="css-8atqhb"><p class="chakra-text css-0"><span class="chakra-text css-pwnbcb" data-testid="regular-price"><span class="css-idkz9h">$1.99</span>$1.99</span></p></div><a href="/sausage-hot/p/20118782_KG?source=nspt" class="chakra-linkbox__overlay css-1hnz6hu"><div class="css-0"><p class="chakra-text css-1ecdp9w" data-testid="product-brand">Borges</p><h3 class="chakra-heading css-6qrhwc" id="20118782_KG" data-testid="product-title">Sausage, Hot</h3><p class="chakra-text css-1yftjin" data-testid="product-package-size">$19.90/1kg</p></div></a><div class="css-8keand"></div></div><div class="css-1q5omjq"><div class="css-fcebb8"><div data-testid="atc-compact" class="css-y94ivq" style="width: 45px;"><button type="button" class="chakra-button css-mudsm6" data-testid="atc-button"><svg stroke="currentColor" fill="currentColor" stroke-width="0" viewBox="0 0 24 24" focusable="false" class="chakra-icon css-1g3sp7a" data-testid="btn-icon" aria-hidden="true" height="1em" width="1em" xmlns="http://www.w3.org/2000/svg"><path d="M19 13h-6v6h-2v-6H5v-2h6V5h2v6h6v2z"></path></svg><span class="css-idkz9h">Add Sausage, Hot to cart</span></button></div></div></div></div></div></div><div class="css-0"><div class="css-f5i5wc"><div class="chakra-linkbox css-vhnn8v"><div data-testid="product-image" class="css-16dr4ly"><img alt="Mrakovic Smoked Beef 100 g, $6.09/100g" src="https://assets.shop.loblaws.ca/products/21610798/b3/en/front/21610798_front_a06_@2.png" srcset="https://assets.shop.loblaws.ca/products/21610798/b3/en/front/21610798_front_a06_@2.png 1x, https://assets.shop.loblaws.ca/products/21610798/b3/en/front/21610798_front_a06_@2.png 2x" loading="lazy" class="chakra-image css-oguq8l" aria-hidden="true"></div><div class="css-qoklea"><div class="css-12dchmx"><div class="chakra-badge css-34x0wr" data-testid="product-badge"><div class="css-u4p24i">New</div></div></div><div data-testid="price-product-tile" class="css-8atqhb"><p class="chakra-text css-0"><span class="chakra-text css-pwnbcb" data-testid="regular-price"><span class="css-idkz9h">$6.09</span>$6.09</span></p></div><a href="/smoked-beef/p/21610798_EA?source=nspt" class="chakra-linkbox__overlay css-1hnz6hu"><div class="css-0"><p class="chakra-text css-1ecdp9w" data-testid="product-brand">Mrakovic</p><h3 class="chakra-heading css-6qrhwc" id="21610798_EA" data-testid="product-title">Smoked Beef</h3><p class="chakra-text css-1yftjin" data-testid="product-package-size">100 g, $6.09/100g</p></div></a><div class="css-8keand"></div></div><div class="css-1q5omjq"><div class="css-fcebb8"><div data-testid="atc-compact" class="css-y94ivq" style="width: 45px;"><button type="button" class="chakra-button css-mudsm6" data-testid="atc-button"><svg stroke="currentColor" fill="currentColor" stroke-width="0" viewBox="0 0 24 24" focusable="false" class="chakra-icon css-1g3sp7a" data-testid="btn-icon" aria-hidden="true" height="1em" width="1em" xmlns="http://www.w3.org/2000/svg"><path d="M19 13h-6v6h-2v-6H5v-2h6V5h2v6h6v2z"></path></svg><span class="css-idkz9h">Add Smoked Beef to cart</span></button></div></div></div></div></div></div><div class="css-0"><div class="css-f5i5wc"><div class="chakra-linkbox css-vhnn8v"><div data-testid="product-image" class="css-16dr4ly"><img alt="Solmaz Halal Breakfast Strips Smoked Beef Macon 200 g, $3.60/100g" src="https://assets.shop.loblaws.ca/products/21545146/b3/en/front/21545146_front_a06_@2.png" srcset="https://assets.shop.loblaws.ca/products/21545146/b3/en/front/21545146_front_a06_@2.png 1x, https://assets.shop.loblaws.ca/products/21545146/b3/en/front/21545146_front_a06_@2.png 2x" loading="lazy" class="chakra-image css-oguq8l" aria-hidden="true"></div><div class="css-qoklea"><div class="css-12dchmx"></div><div data-testid="price-product-tile" class="css-8atqhb"><p class="chakra-text css-0"><span class="chakra-text css-pwnbcb" data-testid="regular-price"><span class="css-idkz9h">$7.19</span>$7.19</span></p></div><a href="/halal-breakfast-strips-smoked-beef-macon/p/21545146_EA?source=nspt" class="chakra-linkbox__overlay css-1hnz6hu"><div class="css-0"><p class="chakra-text css-1ecdp9w" data-testid="product-brand">Solmaz</p><h3 class="chakra-heading css-6qrhwc" id="21545146_EA" data-testid="product-title">Halal Breakfast Strips Smoked Beef Macon</h3><p class="chakra-text css-1yftjin" data-testid="product-package-size">200 g, $3.60/100g</p></div></a><div class="css-8keand"></div></div><div class="css-1q5omjq"><div class="css-fcebb8"><div data-testid="atc-compact" class="css-y94ivq" style="width: 45px;"><button type="button" class="chakra-button css-mudsm6" data-testid="atc-button"><svg stroke="currentColor" fill="currentColor" stroke-width="0" viewBox="0 0 24 24" focusable="false" class="chakra-icon css-1g3sp7a" data-testid="btn-icon" aria-hidden="true" height="1em" width="1em" xmlns="http://www.w3.org/2000/svg"><path d="M19 13h-6v6h-2v-6H5v-2h6V5h2v6h6v2z"></path></svg><span class="css-idkz9h">Add Halal Breakfast Strips Smoked Beef Macon to cart</span></button></div></div></div></div></div></div><div class="css-0"><div class="css-f5i5wc"><div class="chakra-linkbox css-vhnn8v"><div data-testid="product-image" class="css-16dr4ly"><img alt="Solmaz Halal Sliced Pepperoni 200 g, $2.75/100g" src="https://assets.shop.loblaws.ca/products/21551652/b3/en/front/21551652_front_a06_@2.png" srcset="https://assets.shop.loblaws.ca/products/21551652/b3/en/front/21551652_front_a06_@2.png 1x, https://assets.shop.loblaws.ca/products/21551652/b3/en/front/21551652_front_a06_@2.png 2x" loading="lazy" class="chakra-image css-oguq8l" aria-hidden="true"></div><div class="css-qoklea"><div class="css-12dchmx"></div><div data-testid="price-product-tile" class="css-8atqhb"><p class="chakra-text css-0"><span class="chakra-text css-pwnbcb" data-testid="regular-price"><span class="css-idkz9h">$5.49</span>$5.49</span></p></div><a href="/halal-sliced-pepperoni/p/21551652_EA?source=nspt" class="chakra-linkbox__overlay css-1hnz6hu"><div class="css-0"><p class="chakra-text css-1ecdp9w" data-testid="product-brand">Solmaz</p><h3 class="chakra-heading css-6qrhwc" id="21551652_EA" data-testid="product-title">Halal Sliced Pepperoni</h3><p class="chakra-text css-1yftjin" data-testid="product-package-size">200 g, $2.75/100g</p></div></a><div class="css-8keand"></div></div><div class="css-1q5omjq"><div class="css-fcebb8"><div data-testid="atc-compact" class="css-y94ivq" style="width: 45px;"><button type="button" class="chakra-button css-mudsm6" data-testid="atc-button"><svg stroke="currentColor" fill="currentColor" stroke-width="0" viewBox="0 0 24 24" focusable="false" class="chakra-icon css-1g3sp7a" data-testid="btn-icon" aria-hidden="true" height="1em" width="1em" xmlns="http://www.w3.org/2000/svg"><path d="M19 13h-6v6h-2v-6H5v-2h6V5h2v6h6v2z"></path></svg><span class="css-idkz9h">Add Halal Sliced Pepperoni to cart</span></button></div></div></div></div></div></div><div class="css-0"><div class="css-f5i5wc"><div class="chakra-linkbox css-vhnn8v"><div data-testid="product-image" class="css-16dr4ly"><img alt="One World Halal Smoked Turkey Breast 175 g, $3.59/100g" src="https://assets.shop.loblaws.ca/products/21348969/b3/en/front/21348969_front_a06_@2.png" srcset="https://assets.shop.loblaws.ca/products/21348969/b3/en/front/21348969_front_a06_@2.png 1x, https://assets.shop.loblaws.ca/products/21348969/b3/en/front/21348969_front_a06_@2.png 2x" loading="lazy" class="chakra-image css-oguq8l" aria-hidden="true"></div><div class="css-qoklea"><div class="css-12dchmx"></div><div data-testid="price-product-tile" class="css-8atqhb"><p class="chakra-text css-0"><span class="chakra-text css-pwnbcb" data-testid="regular-price"><span class="css-idkz9h">$6.29</span>$6.29</span></p></div><a href="/smoked-turkey-breast/p/21348969_EA?source=nspt" class="chakra-linkbox__overlay css-1hnz6hu"><div class="css-0"><p class="chakra-text css-1ecdp9w" data-testid="product-brand">One World Halal</p><h3 class="chakra-heading css-6qrhwc" id="21348969_EA" data-testid="product-title">Smoked Turkey Breast</h3><p class="chakra-text css-1yftjin" data-testid="product-package-size">175 g, $3.59/100g</p></div></a><div class="css-8keand"></div></div><div class="css-1q5omjq"><div class="css-fcebb8"><div data-testid="atc-compact" class="css-y94ivq" style="width: 45px;"><button type="button" class="chakra-button css-mudsm6" data-testid="atc-button"><svg stroke="currentColor" fill="currentColor" stroke-width="0" viewBox="0 0 24 24" focusable="false" class="chakra-icon css-1g3sp7a" data-testid="btn-icon" aria-hidden="true" height="1em" width="1em" xmlns="http://www.w3.org/2000/svg"><path d="M19 13h-6v6h-2v-6H5v-2h6V5h2v6h6v2z"></path></svg><span class="css-idkz9h">Add Smoked Turkey Breast to cart</span></button></div></div></div></div></div></div><div class="css-0"><div class="css-f5i5wc"><div class="chakra-linkbox css-vhnn8v"><div data-testid="product-image" class="css-16dr4ly"><img alt="Solmaz Halal Sojuk Beef Hot 350 g, $3.80/100g" src="https://assets.shop.loblaws.ca/products/21542604/b3/en/front/21542604_front_a06_@2.png" srcset="https://assets.shop.loblaws.ca/products/21542604/b3/en/front/21542604_front_a06_@2.png 1x, https://assets.shop.loblaws.ca/products/21542604/b3/en/front/21542604_front_a06_@2.png 2x" loading="lazy" class="chakra-image css-oguq8l" aria-hidden="true"></div><div class="css-qoklea"><div class="css-12dchmx"></div><div data-testid="price-product-tile" class="css-8atqhb"><p class="chakra-text css-0"><span class="chakra-text css-pwnbcb" data-testid="regular-price"><span class="css-idkz9h">$13.29</span>$13.29</span></p></div><a href="/halal-sojuk-beef-hot/p/21542604_EA?source=nspt" class="chakra-linkbox__overlay css-1hnz6hu"><div class="css-0"><p class="chakra-text css-1ecdp9w" data-testid="product-brand">Solmaz</p><h3 class="chakra-heading css-6qrhwc" id="21542604_EA" data-testid="product-title">Halal Sojuk Beef Hot</h3><p class="chakra-text css-1yftjin" data-testid="product-package-size">350 g, $3.80/100g</p></div></a><div class="css-8keand"></div></div><div class="css-1q5omjq"><div class="css-fcebb8"><div data-testid="atc-compact" class="css-y94ivq" style="width: 45px;"><button type="button" class="chakra-button css-mudsm6" data-testid="atc-button"><svg stroke="currentColor" fill="currentColor" stroke-width="0" viewBox="0 0 24 24" focusable="false" class="chakra-icon css-1g3sp7a" data-testid="btn-icon" aria-hidden="true" height="1em" width="1em" xmlns="http://www.w3.org/2000/svg"><path d="M19 13h-6v6h-2v-6H5v-2h6V5h2v6h6v2z"></path></svg><span class="css-idkz9h">Add Halal Sojuk Beef Hot to cart</span></button></div></div></div></div></div></div><div class="css-0"><div class="css-f5i5wc"><div class="chakra-linkbox css-vhnn8v"><div data-testid="product-image" class="css-16dr4ly"><img alt="Borges Extra Hot Sausage $19.90/1kg" src="https://assets.shop.loblaws.ca/products/20104526/b3/en/front/20104526_front_a06_@2.png" srcset="https://assets.shop.loblaws.ca/products/20104526/b3/en/front/20104526_front_a06_@2.png 1x, https://assets.shop.loblaws.ca/products/20104526/b3/en/front/20104526_front_a06_@2.png 2x" loading="lazy" class="chakra-image css-oguq8l" aria-hidden="true"></div><div class="css-qoklea"><div class="css-12dchmx"></div><div data-testid="price-product-tile" class="css-8atqhb"><p class="chakra-text css-0"><span class="chakra-text css-pwnbcb" data-testid="regular-price"><span class="css-idkz9h">$1.99</span>$1.99</span></p></div><a href="/extra-hot-sausage/p/20104526_KG?source=nspt" class="chakra-linkbox__overlay css-1hnz6hu"><div class="css-0"><p class="chakra-text css-1ecdp9w" data-testid="product-brand">Borges</p><h3 class="chakra-heading css-6qrhwc" id="20104526_KG" data-testid="product-title">Extra Hot Sausage</h3><p class="chakra-text css-1yftjin" data-testid="product-package-size">$19.90/1kg</p></div></a><div class="css-8keand"></div></div><div class="css-1q5omjq"><div class="css-fcebb8"><div data-testid="atc-compact" class="css-y94ivq" style="width: 45px;"><button type="button" class="chakra-button css-mudsm6" data-testid="atc-button"><svg stroke="currentColor" fill="currentColor" stroke-width="0" viewBox="0 0 24 24" focusable="false" class="chakra-icon css-1g3sp7a" data-testid="btn-icon" aria-hidden="true" height="1em" width="1em" xmlns="http://www.w3.org/2000/svg"><path d="M19 13h-6v6h-2v-6H5v-2h6V5h2v6h6v2z"></path></svg><span class="css-idkz9h">Add Extra Hot Sausage to cart</span></button></div></div></div></div></div></div><div class="css-0"><div class="css-f5i5wc"><div class="chakra-linkbox css-vhnn8v"><div data-testid="product-image" class="css-16dr4ly"><img alt="Solmaz Halal Sojuk Beef Mild 350 g, $5.43/100g" src="https://assets.shop.loblaws.ca/products/21542601/b3/en/front/21542601_front_a06_@2.png" srcset="https://assets.shop.loblaws.ca/products/21542601/b3/en/front/21542601_front_a06_@2.png 1x, https://assets.shop.loblaws.ca/products/21542601/b3/en/front/21542601_front_a06_@2.png 2x" loading="lazy" class="chakra-image css-oguq8l" aria-hidden="true"></div><div class="css-qoklea"><div class="css-12dchmx"></div><div data-testid="price-product-tile" class="css-8atqhb"><p class="chakra-text css-0"><span class="chakra-text css-pwnbcb" data-testid="regular-price"><span class="css-idkz9h">$18.99</span>$18.99</span></p></div><a href="/halal-sojuk-beef-mild/p/21542601_EA?source=nspt" class="chakra-linkbox__overlay css-1hnz6hu"><div class="css-0"><p class="chakra-text css-1ecdp9w" data-testid="product-brand">Solmaz</p><h3 class="chakra-heading css-6qrhwc" id="21542601_EA" data-testid="product-title">Halal Sojuk Beef Mild</h3><p class="chakra-text css-1yftjin" data-testid="product-package-size">350 g, $5.43/100g</p></div></a><div class="css-8keand"></div></div><div class="css-1q5omjq"><div class="css-fcebb8"><div data-testid="atc-compact" class="css-y94ivq" style="width: 45px;"><button type="button" class="chakra-button css-mudsm6" data-testid="atc-button"><svg stroke="currentColor" fill="currentColor" stroke-width="0" viewBox="0 0 24 24" focusable="false" class="chakra-icon css-1g3sp7a" data-testid="btn-icon" aria-hidden="true" height="1em" width="1em" xmlns="http://www.w3.org/2000/svg"><path d="M19 13h-6v6h-2v-6H5v-2h6V5h2v6h6v2z"></path></svg><span class="css-idkz9h">Add Halal Sojuk Beef Mild to cart</span></button></div></div></div></div></div></div><div class="css-0"><div class="css-f5i5wc"><div class="chakra-linkbox css-vhnn8v"><div data-testid="product-image" class="css-16dr4ly"><img alt="President's Choice Salami Trio, Club Pack 250 g, $5.40/100g" src="https://assets.shop.loblaws.ca/products/21109807/b3/en/front/21109807_front_a06_@2.png" srcset="https://assets.shop.loblaws.ca/products/21109807/b3/en/front/21109807_front_a06_@2.png 1x, https://assets.shop.loblaws.ca/products/21109807/b3/en/front/21109807_front_a06_@2.png 2x" loading="lazy" class="chakra-image css-oguq8l" aria-hidden="true"></div><div class="css-qoklea"><div class="css-12dchmx"></div><div data-testid="price-product-tile" class="css-8atqhb"><p class="chakra-text css-0"><span class="chakra-text css-pwnbcb" data-testid="regular-price"><span class="css-idkz9h">$13.49</span>$13.49</span></p></div><a href="/salami-trio-club-pack/p/21109807_EA?source=nspt" class="chakra-linkbox__overlay css-1hnz6hu"><div class="css-0"><p class="chakra-text css-1ecdp9w" data-testid="product-brand">President's Choice</p><h3 class="chakra-heading css-6qrhwc" id="21109807_EA" data-testid="product-title">Salami Trio, Club Pack</h3><p class="chakra-text css-1yftjin" data-testid="product-package-size">250 g, $5.40/100g</p></div></a><div class="css-8keand"></div></div><div class="css-1q5omjq"><div class="css-fcebb8"><div data-testid="atc-compact" class="css-y94ivq" style="width: 45px;"><button type="button" class="chakra-button css-mudsm6" data-testid="atc-button"><svg stroke="currentColor" fill="currentColor" stroke-width="0" viewBox="0 0 24 24" focusable="false" class="chakra-icon css-1g3sp7a" data-testid="btn-icon" aria-hidden="true" height="1em" width="1em" xmlns="http://www.w3.org/2000/svg"><path d="M19 13h-6v6h-2v-6H5v-2h6V5h2v6h6v2z"></path></svg><span class="css-idkz9h">Add Salami Trio, Club Pack to cart</span></button></div></div></div></div></div></div><div class="css-0"><div class="css-f5i5wc"><div class="chakra-linkbox css-vhnn8v"><div data-testid="product-image" class="css-16dr4ly"><img alt="No Name Bologna, Sliced 500 g, $10.00/1kg $1.00/100g" src="https://assets.shop.loblaws.ca/products/20090732/b3/en/front/20090732_front_a06_@2.png" srcset="https://assets.shop.loblaws.ca/products/20090732/b3/en/front/20090732_front_a06_@2.png 1x, https://assets.shop.loblaws.ca/products/20090732/b3/en/front/20090732_front_a06_@2.png 2x" loading="lazy" class="chakra-image css-oguq8l" aria-hidden="true"></div><div class="css-qoklea"><div class="css-12dchmx"></div><div data-testid="price-product-tile" class="css-8atqhb"><p class="chakra-text css-0"><span class="chakra-text css-pwnbcb" data-testid="regular-price"><span class="css-idkz9h">$5.00</span>$5.00</span></p></div><a href="/bologna-sliced/p/20090732_EA?source=nspt" class="chakra-linkbox__overlay css-1hnz6hu"><div class="css-0"><p class="chakra-text css-1ecdp9w" data-testid="product-brand">No Name</p><h3 class="chakra-heading css-6qrhwc" id="20090732_EA" data-testid="product-title">Bologna, Sliced</h3><p class="chakra-text css-1yftjin" data-testid="product-package-size">500 g, $10.00/1kg $1.00/100g</p></div></a><div class="css-8keand"></div></div><div class="css-1q5omjq"><div class="css-fcebb8"><div data-testid="atc-compact" class="css-y94ivq" style="width: 45px;"><button type="button" class="chakra-button css-mudsm6" data-testid="atc-button"><svg stroke="currentColor" fill="currentColor" stroke-width="0" viewBox="0 0 24 24" focusable="false" class="chakra-icon css-1g3sp7a" data-testid="btn-icon" aria-hidden="true" height="1em" width="1em" xmlns="http://www.w3.org/2000/svg"><path d="M19 13h-6v6h-2v-6H5v-2h6V5h2v6h6v2z"></path></svg><span class="css-idkz9h">Add Bologna, Sliced to cart</span></button></div></div></div></div></div></div><div class="css-0"><div class="css-f5i5wc"><div class="chakra-linkbox css-vhnn8v"><div data-testid="product-image" class="css-16dr4ly"><img alt="Marcangelo Calabrese Dry Cured Spicy Salami 225 g, $4.44/100g" src="https://assets.shop.loblaws.ca/products/21337517/b3/en/front/21337517_front_a06_@2.png" srcset="https://assets.shop.loblaws.ca/products/21337517/b3/en/front/21337517_front_a06_@2.png 1x, https://assets.shop.loblaws.ca/products/21337517/b3/en/front/21337517_front_a06_@2.png 2x" loading="lazy" class="chakra-image css-oguq8l" aria-hidden="true"></div><div class="css-qoklea"><div class="css-12dchmx"></div><div data-testid="price-product-tile" class="css-8atqhb"><p class="chakra-text css-0"><span class="chakra-text css-pwnbcb" data-testid="regular-price"><span class="css-idkz9h">$9.99</span>$9.99</span></p></div><a href="/calabrese-dry-cured-spicy-salami/p/21337517_EA?source=nspt" class="chakra-linkbox__overlay css-1hnz6hu"><div class="css-0"><p class="chakra-text css-1ecdp9w" data-testid="product-brand">Marcangelo</p><h3 class="chakra-heading css-6qrhwc" id="21337517_EA" data-testid="product-title">Calabrese Dry Cured Spicy Salami</h3><p class="chakra-text css-1yftjin" data-testid="product-package-size">225 g, $4.44/100g</p></div></a><div class="css-8keand"></div></div><div class="css-1q5omjq"><div class="css-fcebb8"><div data-testid="atc-compact" class="css-y94ivq" style="width: 45px;"><button type="button" class="chakra-button css-mudsm6" data-testid="atc-button"><svg stroke="currentColor" fill="currentColor" stroke-width="0" viewBox="0 0 24 24" focusable="false" class="chakra-icon css-1g3sp7a" data-testid="btn-icon" aria-hidden="true" height="1em" width="1em" xmlns="http://www.w3.org/2000/svg"><path d="M19 13h-6v6h-2v-6H5v-2h6V5h2v6h6v2z"></path></svg><span class="css-idkz9h">Add Calabrese Dry Cured Spicy Salami to cart</span></button></div></div></div></div></div></div><div class="css-0"><div class="css-f5i5wc"><div class="chakra-linkbox css-vhnn8v"><div data-testid="product-image" class="css-16dr4ly"><img alt="Pillers Honey Ham  200 g, $2.50/100g" src="https://assets.shop.loblaws.ca/products/21207755/b3/en/front/21207755_front_a06_@2.png" srcset="https://assets.shop.loblaws.ca/products/21207755/b3/en/front/21207755_front_a06_@2.png 1x, https://assets.shop.loblaws.ca/products/21207755/b3/en/front/21207755_front_a06_@2.png 2x" loading="lazy" class="chakra-image css-oguq8l" aria-hidden="true"></div><div class="css-qoklea"><div class="css-12dchmx"></div><div data-testid="price-product-tile" class="css-8atqhb"><p class="chakra-text css-0"><span class="chakra-text css-pwnbcb" data-testid="regular-price"><span class="css-idkz9h">$5.00</span>$5.00</span></p></div><a href="/honey-ham/p/21207755_EA?source=nspt" class="chakra-linkbox__overlay css-1hnz6hu"><div class="css-0"><p class="chakra-text css-1ecdp9w" data-testid="product-brand">Pillers</p><h3 class="chakra-heading css-6qrhwc" id="21207755_EA" data-testid="product-title">Honey Ham </h3><p class="chakra-text css-1yftjin" data-testid="product-package-size">200 g, $2.50/100g</p></div></a><div class="css-8keand"></div></div><div class="css-1q5omjq"><div class="css-fcebb8"><div data-testid="atc-compact" class="css-y94ivq" style="width: 45px;"><button type="button" class="chakra-button css-mudsm6" data-testid="atc-button"><svg stroke="currentColor" fill="currentColor" stroke-width="0" viewBox="0 0 24 24" focusable="false" class="chakra-icon css-1g3sp7a" data-testid="btn-icon" aria-hidden="true" height="1em" width="1em" xmlns="http://www.w3.org/2000/svg"><path d="M19 13h-6v6h-2v-6H5v-2h6V5h2v6h6v2z"></path></svg><span class="css-idkz9h">Add Honey Ham  to cart</span></button></div></div></div></div></div></div><div class="css-0"><div class="css-f5i5wc"><div class="chakra-linkbox css-vhnn8v"><div data-testid="product-image" class="css-16dr4ly"><img alt="No Name Macaroni &amp; Cheese 500 g, $12.00/1kg $1.20/100g" src="https://assets.shop.loblaws.ca/products/20061719/b3/en/front/20061719_front_a06_@2.png" srcset="https://assets.shop.loblaws.ca/products/20061719/b3/en/front/20061719_front_a06_@2.png 1x, https://assets.shop.loblaws.ca/products/20061719/b3/en/front/20061719_front_a06_@2.png 2x" loading="lazy" class="chakra-image css-oguq8l" aria-hidden="true"></div><div class="css-qoklea"><div class="css-12dchmx"></div><div data-testid="price-product-tile" class="css-8atqhb"><p class="chakra-text css-0"><span class="chakra-text css-pwnbcb" data-testid="regular-price"><span class="css-idkz9h">$6.00</span>$6.00</span></p></div><a href="/macaroni-cheese/p/20061719_EA?source=nspt" class="chakra-linkbox__overlay css-1hnz6hu"><div class="css-0"><p class="chakra-text css-1ecdp9w" data-testid="product-brand">No Name</p><h3 class="chakra-heading css-6qrhwc" id="20061719_EA" data-testid="product-title">Macaroni &amp; Cheese</h3><p class="chakra-text css-1yftjin" data-testid="product-package-size">500 g, $12.00/1kg $1.20/100g</p></div></a><div class="css-8keand"></div></div><div class="css-1q5omjq"><div class="css-fcebb8"><div data-testid="atc-compact" class="css-y94ivq" style="width: 45px;"><button type="button" class="chakra-button css-mudsm6" data-testid="atc-button"><svg stroke="currentColor" fill="currentColor" stroke-width="0" viewBox="0 0 24 24" focusable="false" class="chakra-icon css-1g3sp7a" data-testid="btn-icon" aria-hidden="true" height="1em" width="1em" xmlns="http://www.w3.org/2000/svg"><path d="M19 13h-6v6h-2v-6H5v-2h6V5h2v6h6v2z"></path></svg><span class="css-idkz9h">Add Macaroni &amp; Cheese to cart</span></button></div></div></div></div></div></div><div class="css-0"><div class="css-f5i5wc"><div class="chakra-linkbox css-vhnn8v"><div data-testid="product-image" class="css-16dr4ly"><img alt="Brandt Liver Sausage Chub 250 g, $1.80/100g" src="https://assets.shop.loblaws.ca/products/20317795/b3/en/front/20317795_front_a06_@2.png" srcset="https://assets.shop.loblaws.ca/products/20317795/b3/en/front/20317795_front_a06_@2.png 1x, https://assets.shop.loblaws.ca/products/20317795/b3/en/front/20317795_front_a06_@2.png 2x" loading="lazy" class="chakra-image css-oguq8l" aria-hidden="true"></div><div class="css-qoklea"><div class="css-12dchmx"></div><div data-testid="price-product-tile" class="css-8atqhb"><p class="chakra-text css-0"><span class="chakra-text css-pwnbcb" data-testid="regular-price"><span class="css-idkz9h">$4.49</span>$4.49</span></p></div><a href="/liver-sausage-chub/p/20317795_EA?source=nspt" class="chakra-linkbox__overlay css-1hnz6hu"><div class="css-0"><p class="chakra-text css-1ecdp9w" data-testid="product-brand">Brandt</p><h3 class="chakra-heading css-6qrhwc" id="20317795_EA" data-testid="product-title">Liver Sausage Chub</h3><p class="chakra-text css-1yftjin" data-testid="product-package-size">250 g, $1.80/100g</p></div></a><div class="css-8keand"></div></div><div class="css-1q5omjq"><div class="css-fcebb8"><div data-testid="atc-compact" class="css-y94ivq" style="width: 45px;"><button type="button" class="chakra-button css-mudsm6" data-testid="atc-button"><svg stroke="currentColor" fill="currentColor" stroke-width="0" viewBox="0 0 24 24" focusable="false" class="chakra-icon css-1g3sp7a" data-testid="btn-icon" aria-hidden="true" height="1em" width="1em" xmlns="http://www.w3.org/2000/svg"><path d="M19 13h-6v6h-2v-6H5v-2h6V5h2v6h6v2z"></path></svg><span class="css-idkz9h">Add Liver Sausage Chub to cart</span></button></div></div></div></div></div></div><div class="css-0"><div class="css-f5i5wc"><div class="chakra-linkbox css-vhnn8v"><div data-testid="product-image" class="css-16dr4ly"><img alt="Pillers Polish Sausage 375 g, $2.00/100g" src="https://assets.shop.loblaws.ca/products/20074904/b3/en/front/20074904_front_a06_@2.png" srcset="https://assets.shop.loblaws.ca/products/20074904/b3/en/front/20074904_front_a06_@2.png 1x, https://assets.shop.loblaws.ca/products/20074904/b3/en/front/20074904_front_a06_@2.png 2x" loading="lazy" class="chakra-image css-oguq8l" aria-hidden="true"></div><div class="css-qoklea"><div class="css-12dchmx"></div><div data-testid="price-product-tile" class="css-8atqhb"><p class="chakra-text css-0"><span class="chakra-text css-pwnbcb" data-testid="regular-price"><span class="css-idkz9h">$7.49</span>$7.49</span></p></div><a href="/polish-sausage/p/20074904_EA?source=nspt" class="chakra-linkbox__overlay css-1hnz6hu"><div class="css-0"><p class="chakra-text css-1ecdp9w" data-testid="product-brand">Pillers</p><h3 class="chakra-heading css-6qrhwc" id="20074904_EA" data-testid="product-title">Polish Sausage</h3><p class="chakra-text css-1yftjin" data-testid="product-package-size">375 g, $2.00/100g</p></div></a><div class="css-8keand"></div></div><div class="css-1q5omjq"><div class="css-fcebb8"><div data-testid="atc-compact" class="css-y94ivq" style="width: 45px;"><button type="button" class="chakra-button css-mudsm6" data-testid="atc-button"><svg stroke="currentColor" fill="currentColor" stroke-width="0" viewBox="0 0 24 24" focusable="false" class="chakra-icon css-1g3sp7a" data-testid="btn-icon" aria-hidden="true" height="1em" width="1em" xmlns="http://www.w3.org/2000/svg"><path d="M19 13h-6v6h-2v-6H5v-2h6V5h2v6h6v2z"></path></svg><span class="css-idkz9h">Add Polish Sausage to cart</span></button></div></div></div></div></div></div><div class="css-0"><div class="css-f5i5wc"><div class="chakra-linkbox css-vhnn8v"><div data-testid="product-image" class="css-16dr4ly"><img alt="Maple Lodge Farms LT Bologna Chicken 375 g, $9.31/1kg $0.93/100g" src="https://assets.shop.loblaws.ca/products/20126129/b3/en/front/20126129_front_a06_@2.png" srcset="https://assets.shop.loblaws.ca/products/20126129/b3/en/front/20126129_front_a06_@2.png 1x, https://assets.shop.loblaws.ca/products/20126129/b3/en/front/20126129_front_a06_@2.png 2x" loading="lazy" class="chakra-image css-oguq8l" aria-hidden="true"></div><div class="css-qoklea"><div class="css-12dchmx"></div><div data-testid="price-product-tile" class="css-8atqhb"><p class="chakra-text css-0"><span class="chakra-text css-pwnbcb" data-testid="regular-price"><span class="css-idkz9h">$3.49</span>$3.49</span></p></div><a href="/bologna-chicken/p/20126129_EA?source=nspt" class="chakra-linkbox__overlay css-1hnz6hu"><div class="css-0"><p class="chakra-text css-1ecdp9w" data-testid="product-brand">Maple Lodge Farms LT</p><h3 class="chakra-heading css-6qrhwc" id="20126129_EA" data-testid="product-title">Bologna Chicken</h3><p class="chakra-text css-1yftjin" data-testid="product-package-size">375 g, $9.31/1kg $0.93/100g</p></div></a><div class="css-8keand"></div></div><div class="css-1q5omjq"><div class="css-fcebb8"><div data-testid="atc-compact" class="css-y94ivq" style="width: 45px;"><button type="button" class="chakra-button css-mudsm6" data-testid="atc-button"><svg stroke="currentColor" fill="currentColor" stroke-width="0" viewBox="0 0 24 24" focusable="false" class="chakra-icon css-1g3sp7a" data-testid="btn-icon" aria-hidden="true" height="1em" width="1em" xmlns="http://www.w3.org/2000/svg"><path d="M19 13h-6v6h-2v-6H5v-2h6V5h2v6h6v2z"></path></svg><span class="css-idkz9h">Add Bologna Chicken to cart</span></button></div></div></div></div></div></div><div class="css-0"><div class="css-f5i5wc"><div class="chakra-linkbox css-vhnn8v"><div data-testid="product-image" class="css-16dr4ly"><img alt="Pillers Smoked Turkey Breast 0.15 kg, $3.33/100g" src="https://assets.shop.loblaws.ca/products/20965534/b3/en/front/20965534_front_a06_@2.png" srcset="https://assets.shop.loblaws.ca/products/20965534/b3/en/front/20965534_front_a06_@2.png 1x, https://assets.shop.loblaws.ca/products/20965534/b3/en/front/20965534_front_a06_@2.png 2x" loading="lazy" class="chakra-image css-oguq8l" aria-hidden="true"></div><div class="css-qoklea"><div class="css-12dchmx"></div><div data-testid="price-product-tile" class="css-8atqhb"><p class="chakra-text css-0"><span class="chakra-text css-pwnbcb" data-testid="regular-price"><span class="css-idkz9h">$5.00</span>$5.00</span></p></div><a href="/smoked-turkey-breast/p/20965534_EA?source=nspt" class="chakra-linkbox__overlay css-1hnz6hu"><div class="css-0"><p class="chakra-text css-1ecdp9w" data-testid="product-brand">Pillers</p><h3 class="chakra-heading css-6qrhwc" id="20965534_EA" data-testid="product-title">Smoked Turkey Breast</h3><p class="chakra-text css-1yftjin" data-testid="product-package-size">0.15 kg, $3.33/100g</p></div></a><div class="css-8keand"></div></div><div class="css-1q5omjq"><div class="css-fcebb8"><div data-testid="atc-compact" class="css-y94ivq" style="width: 45px;"><button type="button" class="chakra-button css-mudsm6" data-testid="atc-button"><svg stroke="currentColor" fill="currentColor" stroke-width="0" viewBox="0 0 24 24" focusable="false" class="chakra-icon css-1g3sp7a" data-testid="btn-icon" aria-hidden="true" height="1em" width="1em" xmlns="http://www.w3.org/2000/svg"><path d="M19 13h-6v6h-2v-6H5v-2h6V5h2v6h6v2z"></path></svg><span class="css-idkz9h">Add Smoked Turkey Breast to cart</span></button></div></div></div></div></div></div><div class="css-0"><div class="css-f5i5wc"><div class="chakra-linkbox css-vhnn8v"><div data-testid="product-image" class="css-16dr4ly"><img alt="President's Choice Fully Cooked Diced Smoked Ham  150 g, $3.33/100g" src="https://assets.shop.loblaws.ca/products/21463309/b3/en/front/21463309_front_a06_@2.png" srcset="https://assets.shop.loblaws.ca/products/21463309/b3/en/front/21463309_front_a06_@2.png 1x, https://assets.shop.loblaws.ca/products/21463309/b3/en/front/21463309_front_a06_@2.png 2x" loading="lazy" class="chakra-image css-oguq8l" aria-hidden="true"></div><div class="css-qoklea"><div class="css-12dchmx"></div><div data-testid="price-product-tile" class="css-8atqhb"><p class="chakra-text css-0"><span class="chakra-text css-pwnbcb" data-testid="regular-price"><span class="css-idkz9h">$4.99</span>$4.99</span></p></div><a href="/fully-cooked-diced-smoked-ham/p/21463309_EA?source=nspt" class="chakra-linkbox__overlay css-1hnz6hu"><div class="css-0"><p class="chakra-text css-1ecdp9w" data-testid="product-brand">President's Choice</p><h3 class="chakra-heading css-6qrhwc" id="21463309_EA" data-testid="product-title">Fully Cooked Diced Smoked Ham </h3><p class="chakra-text css-1yftjin" data-testid="product-package-size">150 g, $3.33/100g</p></div></a><div class="css-8keand"></div></div><div class="css-1q5omjq"><div class="css-fcebb8"><div data-testid="atc-compact" class="css-y94ivq" style="width: 45px;"><button type="button" class="chakra-button css-mudsm6" data-testid="atc-button"><svg stroke="currentColor" fill="currentColor" stroke-width="0" viewBox="0 0 24 24" focusable="false" class="chakra-icon css-1g3sp7a" data-testid="btn-icon" aria-hidden="true" height="1em" width="1em" xmlns="http://www.w3.org/2000/svg"><path d="M19 13h-6v6h-2v-6H5v-2h6V5h2v6h6v2z"></path></svg><span class="css-idkz9h">Add Fully Cooked Diced Smoked Ham  to cart</span></button></div></div></div></div></div></div><div class="css-0"><div class="css-f5i5wc"><div class="chakra-linkbox css-vhnn8v"><div data-testid="product-image" class="css-16dr4ly"><img alt="Maple Leaf Big Stick Large Wax Bologna $18.71/1kg $8.49/1lb" src="https://assets.shop.loblaws.ca/products/20052177/b3/en/front/20052177_front_a06_@2.png" srcset="https://assets.shop.loblaws.ca/products/20052177/b3/en/front/20052177_front_a06_@2.png 1x, https://assets.shop.loblaws.ca/products/20052177/b3/en/front/20052177_front_a06_@2.png 2x" loading="lazy" class="chakra-image css-oguq8l" aria-hidden="true"></div><div class="css-qoklea"><div class="css-12dchmx"></div><div data-testid="price-product-tile" class="css-8atqhb"><p class="chakra-text css-0"><span class="chakra-text css-pwnbcb" data-testid="regular-price"><span class="css-idkz9h">$1.87</span>$1.87</span></p></div><a href="/big-stick-large-wax-bologna/p/20052177_KG?source=nspt" class="chakra-linkbox__overlay css-1hnz6hu"><div class="css-0"><p class="chakra-text css-1ecdp9w" data-testid="product-brand">Maple Leaf</p><h3 class="chakra-heading css-6qrhwc" id="20052177_KG" data-testid="product-title">Big Stick Large Wax Bologna</h3><p class="chakra-text css-1yftjin" data-testid="product-package-size">$18.71/1kg $8.49/1lb</p></div></a><div class="css-8keand"></div></div><div class="css-1q5omjq"><div class="css-fcebb8"><div data-testid="atc-compact" class="css-y94ivq" style="width: 45px;"><button type="button" class="chakra-button css-mudsm6" data-testid="atc-button"><svg stroke="currentColor" fill="currentColor" stroke-width="0" viewBox="0 0 24 24" focusable="false" class="chakra-icon css-1g3sp7a" data-testid="btn-icon" aria-hidden="true" height="1em" width="1em" xmlns="http://www.w3.org/2000/svg"><path d="M19 13h-6v6h-2v-6H5v-2h6V5h2v6h6v2z"></path></svg><span class="css-idkz9h">Add Big Stick Large Wax Bologna to cart</span></button></div></div></div></div></div></div><div class="css-0"><div class="css-f5i5wc"><div class="chakra-linkbox css-vhnn8v"><div data-testid="product-image" class="css-16dr4ly"><img alt="President's Choice Country Style Pork Pâté With Garlic 150 g, $3.66/100g" src="https://assets.shop.loblaws.ca/products/21043322/b3/en/front/21043322_front_a06_@2.png" srcset="https://assets.shop.loblaws.ca/products/21043322/b3/en/front/21043322_front_a06_@2.png 1x, https://assets.shop.loblaws.ca/products/21043322/b3/en/front/21043322_front_a06_@2.png 2x" loading="lazy" class="chakra-image css-oguq8l" aria-hidden="true"></div><div class="css-qoklea"><div class="css-12dchmx"></div><div data-testid="price-product-tile" class="css-8atqhb"><p class="chakra-text css-0"><span class="chakra-text css-pwnbcb" data-testid="regular-price"><span class="css-idkz9h">$5.49</span>$5.49</span></p></div><a href="/country-style-pork-p-t-with-garlic/p/21043322_EA?source=nspt" class="chakra-linkbox__overlay css-1hnz6hu"><div class="css-0"><p class="chakra-text css-1ecdp9w" data-testid="product-brand">President's Choice</p><h3 class="chakra-heading css-6qrhwc" id="21043322_EA" data-testid="product-title">Country Style Pork Pâté With Garlic</h3><p class="chakra-text css-1yftjin" data-testid="product-package-size">150 g, $3.66/100g</p></div></a><div class="css-8keand"></div></div><div class="css-1q5omjq"><div class="css-fcebb8"><div data-testid="atc-compact" class="css-y94ivq" style="width: 45px;"><button type="button" class="chakra-button css-mudsm6" data-testid="atc-button"><svg stroke="currentColor" fill="currentColor" stroke-width="0" viewBox="0 0 24 24" focusable="false" class="chakra-icon css-1g3sp7a" data-testid="btn-icon" aria-hidden="true" height="1em" width="1em" xmlns="http://www.w3.org/2000/svg"><path d="M19 13h-6v6h-2v-6H5v-2h6V5h2v6h6v2z"></path></svg><span class="css-idkz9h">Add Country Style Pork Pâté With Garlic to cart</span></button></div></div></div></div></div></div><div class="css-0"><div class="css-f5i5wc"><div class="chakra-linkbox css-vhnn8v"><div data-testid="product-image" class="css-16dr4ly"><img alt="Ziggy's Italian-Style Chicken Breast Strips 200 g, $3.50/100g" src="https://assets.shop.loblaws.ca/products/21603188/b3/en/front/21603188_front_a06_@2.png" srcset="https://assets.shop.loblaws.ca/products/21603188/b3/en/front/21603188_front_a06_@2.png 1x, https://assets.shop.loblaws.ca/products/21603188/b3/en/front/21603188_front_a06_@2.png 2x" loading="lazy" class="chakra-image css-oguq8l" aria-hidden="true"></div><div class="css-qoklea"><div class="css-12dchmx"></div><div data-testid="price-product-tile" class="css-8atqhb"><p class="chakra-text css-0"><span class="chakra-text css-pwnbcb" data-testid="regular-price"><span class="css-idkz9h">$6.99</span>$6.99</span></p></div><a href="/italian-style-chicken-breast-strips/p/21603188_EA?source=nspt" class="chakra-linkbox__overlay css-1hnz6hu"><div class="css-0"><p class="chakra-text css-1ecdp9w" data-testid="product-brand">Ziggy's</p><h3 class="chakra-heading css-6qrhwc" id="21603188_EA" data-testid="product-title">Italian-Style Chicken Breast Strips</h3><p class="chakra-text css-1yftjin" data-testid="product-package-size">200 g, $3.50/100g</p></div></a><div class="css-8keand"></div></div><div class="css-1q5omjq"><div class="css-fcebb8"><div data-testid="atc-compact" class="css-y94ivq" style="width: 45px;"><button type="button" class="chakra-button css-mudsm6" data-testid="atc-button"><svg stroke="currentColor" fill="currentColor" stroke-width="0" viewBox="0 0 24 24" focusable="false" class="chakra-icon css-1g3sp7a" data-testid="btn-icon" aria-hidden="true" height="1em" width="1em" xmlns="http://www.w3.org/2000/svg"><path d="M19 13h-6v6h-2v-6H5v-2h6V5h2v6h6v2z"></path></svg><span class="css-idkz9h">Add Italian-Style Chicken Breast Strips to cart</span></button></div></div></div></div></div></div><div class="css-0"><div class="css-f5i5wc"><div class="chakra-linkbox css-vhnn8v"><div data-testid="product-image" class="css-16dr4ly"><img alt="No Name Summer Sausage Chub 500 g, $1.20/100g" src="https://assets.shop.loblaws.ca/products/20015714/b3/en/front/20015714_front_a06_@2.png" srcset="https://assets.shop.loblaws.ca/products/20015714/b3/en/front/20015714_front_a06_@2.png 1x, https://assets.shop.loblaws.ca/products/20015714/b3/en/front/20015714_front_a06_@2.png 2x" loading="lazy" class="chakra-image css-oguq8l" aria-hidden="true"></div><div class="css-qoklea"><div class="css-12dchmx"></div><div data-testid="price-product-tile" class="css-8atqhb"><p class="chakra-text css-0"><span class="chakra-text css-pwnbcb" data-testid="regular-price"><span class="css-idkz9h">$6.00</span>$6.00</span></p></div><a href="/summer-sausage-chub/p/20015714_EA?source=nspt" class="chakra-linkbox__overlay css-1hnz6hu"><div class="css-0"><p class="chakra-text css-1ecdp9w" data-testid="product-brand">No Name</p><h3 class="chakra-heading css-6qrhwc" id="20015714_EA" data-testid="product-title">Summer Sausage Chub</h3><p class="chakra-text css-1yftjin" data-testid="product-package-size">500 g, $1.20/100g</p></div></a><div class="css-8keand"></div></div><div class="css-1q5omjq"><div class="css-fcebb8"><div data-testid="atc-compact" class="css-y94ivq" style="width: 45px;"><button type="button" class="chakra-button css-mudsm6" data-testid="atc-button"><svg stroke="currentColor" fill="currentColor" stroke-width="0" viewBox="0 0 24 24" focusable="false" class="chakra-icon css-1g3sp7a" data-testid="btn-icon" aria-hidden="true" height="1em" width="1em" xmlns="http://www.w3.org/2000/svg"><path d="M19 13h-6v6h-2v-6H5v-2h6V5h2v6h6v2z"></path></svg><span class="css-idkz9h">Add Summer Sausage Chub to cart</span></button></div></div><div class="css-4saf4a"><p class="chakra-text css-py8788" data-testid="inventory-badge-text">Low Stock</p></div></div></div></div></div><div class="css-0"><div class="css-f5i5wc"><div class="chakra-linkbox css-vhnn8v"><div data-testid="product-image" class="css-16dr4ly"><img alt="President's Choice Chicken Breast Strips 375 g, $34.64/1kg $3.46/100g" src="https://assets.shop.loblaws.ca/products/20786418/b3/en/front/20786418_front_a06_@2.png" srcset="https://assets.shop.loblaws.ca/products/20786418/b3/en/front/20786418_front_a06_@2.png 1x, https://assets.shop.loblaws.ca/products/20786418/b3/en/front/20786418_front_a06_@2.png 2x" loading="lazy" class="chakra-image css-oguq8l" aria-hidden="true"></div><div class="css-qoklea"><div class="css-12dchmx"></div><div data-testid="price-product-tile" class="css-8atqhb"><p class="chakra-text css-0"><span class="chakra-text css-pwnbcb" data-testid="regular-price"><span class="css-idkz9h">$12.99</span>$12.99</span></p></div><a href="/chicken-breast-strips/p/20786418_EA?source=nspt" class="chakra-linkbox__overlay css-1hnz6hu"><div class="css-0"><p class="chakra-text css-1ecdp9w" data-testid="product-brand">President's Choice</p><h3 class="chakra-heading css-6qrhwc" id="20786418_EA" data-testid="product-title">Chicken Breast Strips</h3><p class="chakra-text css-1yftjin" data-testid="product-package-size">375 g, $34.64/1kg $3.46/100g</p></div></a><div class="css-8keand"></div></div><div class="css-1q5omjq"><div class="css-fcebb8"><div data-testid="atc-compact" class="css-y94ivq" style="width: 45px;"><button type="button" class="chakra-button css-mudsm6" data-testid="atc-button"><svg stroke="currentColor" fill="currentColor" stroke-width="0" viewBox="0 0 24 24" focusable="false" class="chakra-icon css-1g3sp7a" data-testid="btn-icon" aria-hidden="true" height="1em" width="1em" xmlns="http://www.w3.org/2000/svg"><path d="M19 13h-6v6h-2v-6H5v-2h6V5h2v6h6v2z"></path></svg><span class="css-idkz9h">Add Chicken Breast Strips to cart</span></button></div></div></div></div></div></div><div class="css-0"><div class="css-f5i5wc"><div class="chakra-linkbox css-vhnn8v"><div data-testid="product-image" class="css-16dr4ly"><img alt="Ziggy's Oven Roasted Turkey Slices 175 g, $2.00/100g" src="https://assets.shop.loblaws.ca/products/21596554/b3/en/front/21596554_front_a06_@2.png" srcset="https://assets.shop.loblaws.ca/products/21596554/b3/en/front/21596554_front_a06_@2.png 1x, https://assets.shop.loblaws.ca/products/21596554/b3/en/front/21596554_front_a06_@2.png 2x" loading="lazy" class="chakra-image css-oguq8l" aria-hidden="true"></div><div class="css-qoklea"><div class="css-12dchmx"><div class="chakra-badge css-34x0wr" data-testid="product-badge"><div class="css-u4p24i">New</div></div></div><div data-testid="price-product-tile" class="css-8atqhb"><p class="chakra-text css-0"><span class="chakra-text css-pwnbcb" data-testid="regular-price"><span class="css-idkz9h">$3.50</span>$3.50</span></p></div><a href="/oven-roasted-turkey-slices/p/21596554_EA?source=nspt" class="chakra-linkbox__overlay css-1hnz6hu"><div class="css-0"><p class="chakra-text css-1ecdp9w" data-testid="product-brand">Ziggy's</p><h3 class="chakra-heading css-6qrhwc" id="21596554_EA" data-testid="product-title">Oven Roasted Turkey Slices</h3><p class="chakra-text css-1yftjin" data-testid="product-package-size">175 g, $2.00/100g</p></div></a><div class="css-8keand"></div></div><div class="css-1q5omjq"><div class="css-fcebb8"><div data-testid="atc-compact" class="css-y94ivq" style="width: 45px;"><button type="button" class="chakra-button css-mudsm6" data-testid="atc-button"><svg stroke="currentColor" fill="currentColor" stroke-width="0" viewBox="0 0 24 24" focusable="false" class="chakra-icon css-1g3sp7a" data-testid="btn-icon" aria-hidden="true" height="1em" width="1em" xmlns="http://www.w3.org/2000/svg"><path d="M19 13h-6v6h-2v-6H5v-2h6V5h2v6h6v2z"></path></svg><span class="css-idkz9h">Add Oven Roasted Turkey Slices to cart</span></button></div></div></div></div></div></div><div class="css-0"><div class="css-f5i5wc"><div class="chakra-linkbox css-vhnn8v"><div data-testid="product-image" class="css-16dr4ly"><img alt="Maple Leaf Natural Selections Shaved Deli Chicken Breast, Oven Roasted, Family Size 375 g, $37.31/1kg $3.73/100g" src="https://assets.shop.loblaws.ca/products/20772225/b3/en/front/20772225_front_a06_@2.png" srcset="https://assets.shop.loblaws.ca/products/20772225/b3/en/front/20772225_front_a06_@2.png 1x, https://assets.shop.loblaws.ca/products/20772225/b3/en/front/20772225_front_a06_@2.png 2x" loading="lazy" class="chakra-image css-oguq8l" aria-hidden="true"></div><div class="css-qoklea"><div class="css-12dchmx"></div><div data-testid="price-product-tile" class="css-8atqhb"><p class="chakra-text css-0"><span class="chakra-text css-pwnbcb" data-testid="regular-price"><span class="css-idkz9h">$13.99</span>$13.99</span></p></div><a href="/natural-selections-shaved-deli-chicken-breast-oven/p/20772225_EA?source=nspt" class="chakra-linkbox__overlay css-1hnz6hu"><div class="css-0"><p class="chakra-text css-1ecdp9w" data-testid="product-brand">Maple Leaf</p><h3 class="chakra-heading css-6qrhwc" id="20772225_EA" data-testid="product-title">Natural Selections Shaved Deli Chicken Breast, Oven Roasted, Family Size</h3><p class="chakra-text css-1yftjin" data-testid="product-package-size">375 g, $37.31/1kg $3.73/100g</p></div></a><div class="css-8keand"></div></div><div class="css-1q5omjq"><div class="css-fcebb8"><div data-testid="atc-compact" class="css-y94ivq" style="width: 45px;"><button type="button" class="chakra-button css-mudsm6" data-testid="atc-button"><svg stroke="currentColor" fill="currentColor" stroke-width="0" viewBox="0 0 24 24" focusable="false" class="chakra-icon css-1g3sp7a" data-testid="btn-icon" aria-hidden="true" height="1em" width="1em" xmlns="http://www.w3.org/2000/svg"><path d="M19 13h-6v6h-2v-6H5v-2h6V5h2v6h6v2z"></path></svg><span class="css-idkz9h">Add Natural Selections Shaved Deli Chicken Breast, Oven Roasted, Family Size to cart</span></button></div></div></div></div></div></div></div><div data-testid="product-grid" class="css-epcqr3"><div class="css-0"><div class="css-f5i5wc"><div class="chakra-linkbox css-vhnn8v"><div data-testid="product-image" class="css-16dr4ly"><img alt="Ziggy's Oven Roasted Turkey Slices 175 g, $2.00/100g" src="https://assets.shop.loblaws.ca/products/21596554/b3/en/front/21596554_front_a06_@2.png" srcset="https://assets.shop.loblaws.ca/products/21596554/b3/en/front/21596554_front_a06_@2.png 1x, https://assets.shop.loblaws.ca/products/21596554/b3/en/front/21596554_front_a06_@2.png 2x" loading="lazy" class="chakra-image css-oguq8l" aria-hidden="true"></div><div class="css-qoklea"><div class="css-12dchmx"><div class="chakra-badge css-34x0wr" data-testid="product-badge"><div class="css-u4p24i">New</div></div></div><div data-testid="price-product-tile" class="css-8atqhb"><p class="chakra-text css-0"><span class="chakra-text css-pwnbcb" data-testid="regular-price"><span class="css-idkz9h">$3.50</span>$3.50</span></p></div><a href="/oven-roasted-turkey-slices/p/21596554_EA?source=nspt" class="chakra-linkbox__overlay css-1hnz6hu"><div class="css-0"><p class="chakra-text css-1ecdp9w" data-testid="product-brand">Ziggy's</p><h3 class="chakra-heading css-6qrhwc" id="21596554_EA" data-testid="product-title">Oven Roasted Turkey Slices</h3><p class="chakra-text css-1yftjin" data-testid="product-package-size">175 g, $2.00/100g</p></div></a><div class="css-8keand"></div></div><div class="css-1q5omjq"><div class="css-fcebb8"><div data-testid="atc-compact" class="css-y94ivq" style="width: 45px;"><button type="button" class="chakra-button css-mudsm6" data-testid="atc-button"><svg stroke="currentColor" fill="currentColor" stroke-width="0" viewBox="0 0 24 24" focusable="false" class="chakra-icon css-1g3sp7a" data-testid="btn-icon" aria-hidden="true" height="1em" width="1em" xmlns="http://www.w3.org/2000/svg"><path d="M19 13h-6v6h-2v-6H5v-2h6V5h2v6h6v2z"></path></svg><span class="css-idkz9h">Add Oven Roasted Turkey Slices to cart</span></button></div></div></div></div></div></div><div class="css-0"><div class="css-f5i5wc"><div class="chakra-linkbox css-vhnn8v"><div data-testid="product-image" class="css-16dr4ly"><img alt="Maple Leaf Natural Selections Shaved Deli Chicken Breast, Oven Roasted, Family Size 375 g, $37.31/1kg $3.73/100g" src="https://assets.shop.loblaws.ca/products/20772225/b3/en/front/20772225_front_a06_@2.png" srcset="https://assets.shop.loblaws.ca/products/20772225/b3/en/front/20772225_front_a06_@2.png 1x, https://assets.shop.loblaws.ca/products/20772225/b3/en/front/20772225_front_a06_@2.png 2x" loading="lazy" class="chakra-image css-oguq8l" aria-hidden="true"></div><div class="css-qoklea"><div class="css-12dchmx"></div><div data-testid="price-product-tile" class="css-8atqhb"><p class="chakra-text css-0"><span class="chakra-text css-pwnbcb" data-testid="regular-price"><span class="css-idkz9h">$13.99</span>$13.99</span></p></div><a href="/natural-selections-shaved-deli-chicken-breast-oven/p/20772225_EA?source=nspt" class="chakra-linkbox__overlay css-1hnz6hu"><div class="css-0"><p class="chakra-text css-1ecdp9w" data-testid="product-brand">Maple Leaf</p><h3 class="chakra-heading css-6qrhwc" id="20772225_EA" data-testid="product-title">Natural Selections Shaved Deli Chicken Breast, Oven Roasted, Family Size</h3><p class="chakra-text css-1yftjin" data-testid="product-package-size">375 g, $37.31/1kg $3.73/100g</p></div></a><div class="css-8keand"></div></div><div class="css-1q5omjq"><div class="css-fcebb8"><div data-testid="atc-compact" class="css-y94ivq" style="width: 45px;"><button type="button" class="chakra-button css-mudsm6" data-testid="atc-button"><svg stroke="currentColor" fill="currentColor" stroke-width="0" viewBox="0 0 24 24" focusable="false" class="chakra-icon css-1g3sp7a" data-testid="btn-icon" aria-hidden="true" height="1em" width="1em" xmlns="http://www.w3.org/2000/svg"><path d="M19 13h-6v6h-2v-6H5v-2h6V5h2v6h6v2z"></path></svg><span class="css-idkz9h">Add Natural Selections Shaved Deli Chicken Breast, Oven Roasted, Family Size to cart</span></button></div></div></div></div></div></div><div class="css-0"><div class="css-f5i5wc"><div class="chakra-linkbox css-vhnn8v"><div data-testid="product-image" class="css-16dr4ly"><img alt="Mastro Salametti Mild      300 g, $28.30/1kg $2.83/100g" src="https://assets.shop.loblaws.ca/products/20303790/b3/en/front/20303790_front_a06_@2.png" srcset="https://assets.shop.loblaws.ca/products/20303790/b3/en/front/20303790_front_a06_@2.png 1x, https://assets.shop.loblaws.ca/products/20303790/b3/en/front/20303790_front_a06_@2.png 2x" loading="lazy" class="chakra-image css-oguq8l" aria-hidden="true"></div><div class="css-qoklea"><div class="css-12dchmx"></div><div data-testid="price-product-tile" class="css-8atqhb"><p class="chakra-text css-0"><span class="chakra-text css-pwnbcb" data-testid="regular-price"><span class="css-idkz9h">$8.49</span>$8.49</span></p></div><a href="/salametti-mild/p/20303790_EA?source=nspt" class="chakra-linkbox__overlay css-1hnz6hu"><div class="css-0"><p class="chakra-text css-1ecdp9w" data-testid="product-brand">Mastro</p><h3 class="chakra-heading css-6qrhwc" id="20303790_EA" data-testid="product-title">Salametti Mild     </h3><p class="chakra-text css-1yftjin" data-testid="product-package-size">300 g, $28.30/1kg $2.83/100g</p></div></a><div class="css-8keand"></div></div><div class="css-1q5omjq"><div class="css-fcebb8"><div data-testid="atc-compact" class="css-y94ivq" style="width: 45px;"><button type="button" class="chakra-button css-mudsm6" data-testid="atc-button"><svg stroke="currentColor" fill="currentColor" stroke-width="0" viewBox="0 0 24 24" focusable="false" class="chakra-icon css-1g3sp7a" data-testid="btn-icon" aria-hidden="true" height="1em" width="1em" xmlns="http://www.w3.org/2000/svg"><path d="M19 13h-6v6h-2v-6H5v-2h6V5h2v6h6v2z"></path></svg><span class="css-idkz9h">Add Salametti Mild      to cart</span></button></div></div></div></div></div></div><div class="css-0"><div class="css-f5i5wc"><div class="chakra-linkbox css-vhnn8v"><div data-testid="product-image" class="css-16dr4ly"><img alt="PC Splendido Prosciutto 100 g, $6.49/100g" src="https://assets.shop.loblaws.ca/products/21049131/b3/en/front/21049131_front_a06_@2.png" srcset="https://assets.shop.loblaws.ca/products/21049131/b3/en/front/21049131_front_a06_@2.png 1x, https://assets.shop.loblaws.ca/products/21049131/b3/en/front/21049131_front_a06_@2.png 2x" loading="lazy" class="chakra-image css-oguq8l" aria-hidden="true"></div><div class="css-qoklea"><div class="css-12dchmx"></div><div data-testid="price-product-tile" class="css-8atqhb"><p class="chakra-text css-0"><span class="chakra-text css-pwnbcb" data-testid="regular-price"><span class="css-idkz9h">$6.49</span>$6.49</span></p></div><a href="/prosciutto/p/21049131_EA?source=nspt" class="chakra-linkbox__overlay css-1hnz6hu"><div class="css-0"><p class="chakra-text css-1ecdp9w" data-testid="product-brand">PC Splendido</p><h3 class="chakra-heading css-6qrhwc" id="21049131_EA" data-testid="product-title">Prosciutto</h3><p class="chakra-text css-1yftjin" data-testid="product-package-size">100 g, $6.49/100g</p></div></a><div class="css-8keand"></div></div><div class="css-1q5omjq"><div class="css-fcebb8"><div data-testid="atc-compact" class="css-y94ivq" style="width: 45px;"><button type="button" class="chakra-button css-mudsm6" data-testid="atc-button"><svg stroke="currentColor" fill="currentColor" stroke-width="0" viewBox="0 0 24 24" focusable="false" class="chakra-icon css-1g3sp7a" data-testid="btn-icon" aria-hidden="true" height="1em" width="1em" xmlns="http://www.w3.org/2000/svg"><path d="M19 13h-6v6h-2v-6H5v-2h6V5h2v6h6v2z"></path></svg><span class="css-idkz9h">Add Prosciutto to cart</span></button></div></div></div></div></div></div><div class="css-0"><div class="css-f5i5wc"><div class="chakra-linkbox css-vhnn8v"><div data-testid="product-image" class="css-16dr4ly"><img alt="No Name Pepperoni 500 g, $1.00/100g" src="https://assets.shop.loblaws.ca/products/20015818/b3/en/front/20015818_front_a06_@2.png" srcset="https://assets.shop.loblaws.ca/products/20015818/b3/en/front/20015818_front_a06_@2.png 1x, https://assets.shop.loblaws.ca/products/20015818/b3/en/front/20015818_front_a06_@2.png 2x" loading="lazy" class="chakra-image css-oguq8l" aria-hidden="true"></div><div class="css-qoklea"><div class="css-12dchmx"></div><div data-testid="price-product-tile" class="css-8atqhb"><p class="chakra-text css-0"><span class="chakra-text css-o93gbd" data-testid="sale-price"><span class="css-idkz9h">$5.00</span>$5.00</span><span class="chakra-text css-623q5h" data-testid="was-price"><span class="css-idkz9h">$6.00</span>$6.00</span></p><p class="chakra-text css-1m5a6y8" data-testid="price-descriptor">SAVE $1.00</p></div><a href="/pepperoni/p/20015818_EA?source=nspt" class="chakra-linkbox__overlay css-1hnz6hu"><div class="css-0"><p class="chakra-text css-1ecdp9w" data-testid="product-brand">No Name</p><h3 class="chakra-heading css-6qrhwc" id="20015818_EA" data-testid="product-title">Pepperoni</h3><p class="chakra-text css-1yftjin" data-testid="product-package-size">500 g, $1.00/100g</p></div></a><div class="css-8keand"></div></div><div class="css-1q5omjq"><div class="css-fcebb8"><div data-testid="atc-compact" class="css-y94ivq" style="width: 45px;"><button type="button" class="chakra-button css-mudsm6" data-testid="atc-button"><svg stroke="currentColor" fill="currentColor" stroke-width="0" viewBox="0 0 24 24" focusable="false" class="chakra-icon css-1g3sp7a" data-testid="btn-icon" aria-hidden="true" height="1em" width="1em" xmlns="http://www.w3.org/2000/svg"><path d="M19 13h-6v6h-2v-6H5v-2h6V5h2v6h6v2z"></path></svg><span class="css-idkz9h">Add Pepperoni to cart</span></button></div></div></div></div></div></div><div class="css-0"><div class="css-f5i5wc"><div class="chakra-linkbox css-vhnn8v"><div data-testid="product-image" class="css-16dr4ly"><img alt="Pillers Tuscan Style Salami Sticks Dry Cured 300 g, $2.83/100g" src="https://assets.shop.loblaws.ca/products/21170544/b3/en/front/21170544_front_a06_@2.png" srcset="https://assets.shop.loblaws.ca/products/21170544/b3/en/front/21170544_front_a06_@2.png 1x, https://assets.shop.loblaws.ca/products/21170544/b3/en/front/21170544_front_a06_@2.png 2x" loading="lazy" class="chakra-image css-oguq8l" aria-hidden="true"></div><div class="css-qoklea"><div class="css-12dchmx"></div><div data-testid="price-product-tile" class="css-8atqhb"><p class="chakra-text css-0"><span class="chakra-text css-o93gbd" data-testid="sale-price"><span class="css-idkz9h">$8.49</span>$8.49</span><span class="chakra-text css-623q5h" data-testid="was-price"><span class="css-idkz9h">$8.99</span>$8.99</span></p><p class="chakra-text css-1m5a6y8" data-testid="price-descriptor">SAVE $0.50</p></div><a href="/tuscan-style-salami-sticks-dry-cured/p/21170544_EA?source=nspt" class="chakra-linkbox__overlay css-1hnz6hu"><div class="css-0"><p class="chakra-text css-1ecdp9w" data-testid="product-brand">Pillers</p><h3 class="chakra-heading css-6qrhwc" id="21170544_EA" data-testid="product-title">Tuscan Style Salami Sticks Dry Cured</h3><p class="chakra-text css-1yftjin" data-testid="product-package-size">300 g, $2.83/100g</p></div></a><div class="css-8keand"></div></div><div class="css-1q5omjq"><div class="css-fcebb8"><div data-testid="atc-compact" class="css-y94ivq" style="width: 45px;"><button type="button" class="chakra-button css-mudsm6" data-testid="atc-button"><svg stroke="currentColor" fill="currentColor" stroke-width="0" viewBox="0 0 24 24" focusable="false" class="chakra-icon css-1g3sp7a" data-testid="btn-icon" aria-hidden="true" height="1em" width="1em" xmlns="http://www.w3.org/2000/svg"><path d="M19 13h-6v6h-2v-6H5v-2h6V5h2v6h6v2z"></path></svg><span class="css-idkz9h">Add Tuscan Style Salami Sticks Dry Cured to cart</span></button></div></div></div></div></div></div><div class="css-0"><div class="css-f5i5wc"><div class="chakra-linkbox css-vhnn8v"><div data-testid="product-image" class="css-16dr4ly"><img alt="Pillers Dry Cured Bavarian Salami Sticks 300 g, $2.83/100g" src="https://assets.shop.loblaws.ca/products/21307438/b3/en/front/21307438_front_a06_@2.png" srcset="https://assets.shop.loblaws.ca/products/21307438/b3/en/front/21307438_front_a06_@2.png 1x, https://assets.shop.loblaws.ca/products/21307438/b3/en/front/21307438_front_a06_@2.png 2x" loading="lazy" class="chakra-image css-oguq8l" aria-hidden="true"></div><div class="css-qoklea"><div class="css-12dchmx"></div><div data-testid="price-product-tile" class="css-8atqhb"><p class="chakra-text css-0"><span class="chakra-text css-o93gbd" data-testid="sale-price"><span class="css-idkz9h">$8.49</span>$8.49</span><span class="chakra-text css-623q5h" data-testid="was-price"><span class="css-idkz9h">$10.99</span>$10.99</span></p><p class="chakra-text css-1m5a6y8" data-testid="price-descriptor">SAVE $2.50</p></div><a href="/dry-cured-bavarian-salami-sticks/p/21307438_EA?source=nspt" class="chakra-linkbox__overlay css-1hnz6hu"><div class="css-0"><p class="chakra-text css-1ecdp9w" data-testid="product-brand">Pillers</p><h3 class="chakra-heading css-6qrhwc" id="21307438_EA" data-testid="product-title">Dry Cured Bavarian Salami Sticks</h3><p class="chakra-text css-1yftjin" data-testid="product-package-size">300 g, $2.83/100g</p></div></a><div class="css-8keand"></div></div><div class="css-1q5omjq"><div class="css-fcebb8"><div data-testid="atc-compact" class="css-y94ivq" style="width: 45px;"><button type="button" class="chakra-button css-mudsm6" data-testid="atc-button"><svg stroke="currentColor" fill="currentColor" stroke-width="0" viewBox="0 0 24 24" focusable="false" class="chakra-icon css-1g3sp7a" data-testid="btn-icon" aria-hidden="true" height="1em" width="1em" xmlns="http://www.w3.org/2000/svg"><path d="M19 13h-6v6h-2v-6H5v-2h6V5h2v6h6v2z"></path></svg><span class="css-idkz9h">Add Dry Cured Bavarian Salami Sticks to cart</span></button></div></div></div></div></div></div><div class="css-0"><div class="css-f5i5wc"><div class="chakra-linkbox css-vhnn8v"><div data-testid="product-image" class="css-16dr4ly"><img alt="Schneider Blue Ribbon Classic Bologna 500 g, $15.98/1kg $1.60/100g" src="https://assets.shop.loblaws.ca/products/20039186/b3/en/front/20039186_front_a06_@2.png" srcset="https://assets.shop.loblaws.ca/products/20039186/b3/en/front/20039186_front_a06_@2.png 1x, https://assets.shop.loblaws.ca/products/20039186/b3/en/front/20039186_front_a06_@2.png 2x" loading="lazy" class="chakra-image css-oguq8l" aria-hidden="true"></div><div class="css-qoklea"><div class="css-12dchmx"></div><div data-testid="price-product-tile" class="css-8atqhb"><p class="chakra-text css-0"><span class="chakra-text css-pwnbcb" data-testid="regular-price"><span class="css-idkz9h">$7.99</span>$7.99</span></p></div><a href="/blue-ribbon-classic-bologna/p/20039186_EA?source=nspt" class="chakra-linkbox__overlay css-1hnz6hu"><div class="css-0"><p class="chakra-text css-1ecdp9w" data-testid="product-brand">Schneider</p><h3 class="chakra-heading css-6qrhwc" id="20039186_EA" data-testid="product-title">Blue Ribbon Classic Bologna</h3><p class="chakra-text css-1yftjin" data-testid="product-package-size">500 g, $15.98/1kg $1.60/100g</p></div></a><div class="css-8keand"></div></div><div class="css-1q5omjq"><div class="css-fcebb8"><div data-testid="atc-compact" class="css-y94ivq" style="width: 45px;"><button type="button" class="chakra-button css-mudsm6" data-testid="atc-button"><svg stroke="currentColor" fill="currentColor" stroke-width="0" viewBox="0 0 24 24" focusable="false" class="chakra-icon css-1g3sp7a" data-testid="btn-icon" aria-hidden="true" height="1em" width="1em" xmlns="http://www.w3.org/2000/svg"><path d="M19 13h-6v6h-2v-6H5v-2h6V5h2v6h6v2z"></path></svg><span class="css-idkz9h">Add Blue Ribbon Classic Bologna to cart</span></button></div></div></div></div></div></div><div class="css-0"><div class="css-f5i5wc"><div class="chakra-linkbox css-vhnn8v"><div data-testid="product-image" class="css-16dr4ly"><img alt="Mastro Salami Genoa 375 g, $2.67/100g" src="https://assets.shop.loblaws.ca/products/21114952/b3/en/front/21114952_front_a06_@2.png" srcset="https://assets.shop.loblaws.ca/products/21114952/b3/en/front/21114952_front_a06_@2.png 1x, https://assets.shop.loblaws.ca/products/21114952/b3/en/front/21114952_front_a06_@2.png 2x" loading="lazy" class="chakra-image css-oguq8l" aria-hidden="true"></div><div class="css-qoklea"><div class="css-12dchmx"></div><div data-testid="price-product-tile" class="css-8atqhb"><p class="chakra-text css-0"><span class="chakra-text css-pwnbcb" data-testid="regular-price"><span class="css-idkz9h">$10.00</span>$10.00</span></p></div><a href="/salami-genoa/p/21114952_EA?source=nspt" class="chakra-linkbox__overlay css-1hnz6hu"><div class="css-0"><p class="chakra-text css-1ecdp9w" data-testid="product-brand">Mastro</p><h3 class="chakra-heading css-6qrhwc" id="21114952_EA" data-testid="product-title">Salami Genoa</h3><p class="chakra-text css-1yftjin" data-testid="product-package-size">375 g, $2.67/100g</p></div></a><div class="css-8keand"></div></div><div class="css-1q5omjq"><div class="css-fcebb8"><div data-testid="atc-compact" class="css-y94ivq" style="width: 45px;"><button type="button" class="chakra-button css-mudsm6" data-testid="atc-button"><svg stroke="currentColor" fill="currentColor" stroke-width="0" viewBox="0 0 24 24" focusable="false" class="chakra-icon css-1g3sp7a" data-testid="btn-icon" aria-hidden="true" height="1em" width="1em" xmlns="http://www.w3.org/2000/svg"><path d="M19 13h-6v6h-2v-6H5v-2h6V5h2v6h6v2z"></path></svg><span class="css-idkz9h">Add Salami Genoa to cart</span></button></div></div></div></div></div></div><div class="css-0"><div class="css-f5i5wc"><div class="chakra-linkbox css-vhnn8v"><div data-testid="product-image" class="css-16dr4ly"><img alt="Schneider Traditional All Beef Bologna 375 g, $18.64/1kg $1.86/100g" src="https://assets.shop.loblaws.ca/products/20604693/b3/en/front/20604693_front_a06_@2.png" srcset="https://assets.shop.loblaws.ca/products/20604693/b3/en/front/20604693_front_a06_@2.png 1x, https://assets.shop.loblaws.ca/products/20604693/b3/en/front/20604693_front_a06_@2.png 2x" loading="lazy" class="chakra-image css-oguq8l" aria-hidden="true"></div><div class="css-qoklea"><div class="css-12dchmx"></div><div data-testid="price-product-tile" class="css-8atqhb"><p class="chakra-text css-0"><span class="chakra-text css-pwnbcb" data-testid="regular-price"><span class="css-idkz9h">$6.99</span>$6.99</span></p></div><a href="/traditional-all-beef-bologna/p/20604693_EA?source=nspt" class="chakra-linkbox__overlay css-1hnz6hu"><div class="css-0"><p class="chakra-text css-1ecdp9w" data-testid="product-brand">Schneider</p><h3 class="chakra-heading css-6qrhwc" id="20604693_EA" data-testid="product-title">Traditional All Beef Bologna</h3><p class="chakra-text css-1yftjin" data-testid="product-package-size">375 g, $18.64/1kg $1.86/100g</p></div></a><div class="css-8keand"></div></div><div class="css-1q5omjq"><div class="css-fcebb8"><div data-testid="atc-compact" class="css-y94ivq" style="width: 45px;"><button type="button" class="chakra-button css-mudsm6" data-testid="atc-button"><svg stroke="currentColor" fill="currentColor" stroke-width="0" viewBox="0 0 24 24" focusable="false" class="chakra-icon css-1g3sp7a" data-testid="btn-icon" aria-hidden="true" height="1em" width="1em" xmlns="http://www.w3.org/2000/svg"><path d="M19 13h-6v6h-2v-6H5v-2h6V5h2v6h6v2z"></path></svg><span class="css-idkz9h">Add Traditional All Beef Bologna to cart</span></button></div></div></div></div></div></div><div class="css-0"><div class="css-f5i5wc"><div class="chakra-linkbox css-vhnn8v"><div data-testid="product-image" class="css-16dr4ly"><img alt="One World Halal Chubbs - Pepperoni 375 g, $2.00/100g" src="https://assets.shop.loblaws.ca/products/21348483/b3/en/front/21348483_front_a06_@2.png" srcset="https://assets.shop.loblaws.ca/products/21348483/b3/en/front/21348483_front_a06_@2.png 1x, https://assets.shop.loblaws.ca/products/21348483/b3/en/front/21348483_front_a06_@2.png 2x" loading="lazy" class="chakra-image css-oguq8l" aria-hidden="true"></div><div class="css-qoklea"><div class="css-12dchmx"></div><div data-testid="price-product-tile" class="css-8atqhb"><p class="chakra-text css-0"><span class="chakra-text css-pwnbcb" data-testid="regular-price"><span class="css-idkz9h">$7.49</span>$7.49</span></p></div><a href="/chubbs-pepperoni/p/21348483_EA?source=nspt" class="chakra-linkbox__overlay css-1hnz6hu"><div class="css-0"><p class="chakra-text css-1ecdp9w" data-testid="product-brand">One World Halal</p><h3 class="chakra-heading css-6qrhwc" id="21348483_EA" data-testid="product-title">Chubbs - Pepperoni</h3><p class="chakra-text css-1yftjin" data-testid="product-package-size">375 g, $2.00/100g</p></div></a><div class="css-8keand"></div></div><div class="css-1q5omjq"><div class="css-fcebb8"><div data-testid="atc-compact" class="css-y94ivq" style="width: 45px;"><button type="button" class="chakra-button css-mudsm6" data-testid="atc-button"><svg stroke="currentColor" fill="currentColor" stroke-width="0" viewBox="0 0 24 24" focusable="false" class="chakra-icon css-1g3sp7a" data-testid="btn-icon" aria-hidden="true" height="1em" width="1em" xmlns="http://www.w3.org/2000/svg"><path d="M19 13h-6v6h-2v-6H5v-2h6V5h2v6h6v2z"></path></svg><span class="css-idkz9h">Add Chubbs - Pepperoni to cart</span></button></div></div></div></div></div></div><div class="css-0"><div class="css-f5i5wc"><div class="chakra-linkbox css-vhnn8v"><div data-testid="product-image" class="css-16dr4ly"><img alt="Schneider Smoked Black Forest Ham 175 g, $3.42/100g" src="https://assets.shop.loblaws.ca/products/21550791/b3/en/front/21550791_front_a06_@2.png" srcset="https://assets.shop.loblaws.ca/products/21550791/b3/en/front/21550791_front_a06_@2.png 1x, https://assets.shop.loblaws.ca/products/21550791/b3/en/front/21550791_front_a06_@2.png 2x" loading="lazy" class="chakra-image css-oguq8l" aria-hidden="true"></div><div class="css-qoklea"><div class="css-12dchmx"></div><div data-testid="price-product-tile" class="css-8atqhb"><p class="chakra-text css-0"><span class="chakra-text css-o93gbd" data-testid="sale-price"><span class="css-idkz9h">$5.99</span>$5.99</span><span class="chakra-text css-623q5h" data-testid="was-price"><span class="css-idkz9h">$7.49</span>$7.49</span></p><p class="chakra-text css-1m5a6y8" data-testid="price-descriptor">SAVE $1.50</p></div><a href="/smoked-black-forest-ham/p/21550791_EA?source=nspt" class="chakra-linkbox__overlay css-1hnz6hu"><div class="css-0"><p class="chakra-text css-1ecdp9w" data-testid="product-brand">Schneider</p><h3 class="chakra-heading css-6qrhwc" id="21550791_EA" data-testid="product-title">Smoked Black Forest Ham</h3><p class="chakra-text css-1yftjin" data-testid="product-package-size">175 g, $3.42/100g</p></div></a><div class="css-8keand"></div></div><div class="css-1q5omjq"><div class="css-fcebb8"><div data-testid="atc-compact" class="css-y94ivq" style="width: 45px;"><button type="button" class="chakra-button css-mudsm6" data-testid="atc-button"><svg stroke="currentColor" fill="currentColor" stroke-width="0" viewBox="0 0 24 24" focusable="false" class="chakra-icon css-1g3sp7a" data-testid="btn-icon" aria-hidden="true" height="1em" width="1em" xmlns="http://www.w3.org/2000/svg"><path d="M19 13h-6v6h-2v-6H5v-2h6V5h2v6h6v2z"></path></svg><span class="css-idkz9h">Add Smoked Black Forest Ham to cart</span></button></div></div></div></div></div></div><div class="css-0"><div class="css-f5i5wc"><div class="chakra-linkbox css-vhnn8v"><div data-testid="product-image" class="css-16dr4ly"><img alt="Mastro Casalingo Salami 375 g, $26.37/1kg $2.64/100g" src="https://assets.shop.loblaws.ca/products/20683130/b3/en/front/20683130_front_a06_@2.png" srcset="https://assets.shop.loblaws.ca/products/20683130/b3/en/front/20683130_front_a06_@2.png 1x, https://assets.shop.loblaws.ca/products/20683130/b3/en/front/20683130_front_a06_@2.png 2x" loading="lazy" class="chakra-image css-oguq8l" aria-hidden="true"></div><div class="css-qoklea"><div class="css-12dchmx"></div><div data-testid="price-product-tile" class="css-8atqhb"><p class="chakra-text css-0"><span class="chakra-text css-pwnbcb" data-testid="regular-price"><span class="css-idkz9h">$9.89</span>$9.89</span></p></div><a href="/casalingo-salami/p/20683130_EA?source=nspt" class="chakra-linkbox__overlay css-1hnz6hu"><div class="css-0"><p class="chakra-text css-1ecdp9w" data-testid="product-brand">Mastro</p><h3 class="chakra-heading css-6qrhwc" id="20683130_EA" data-testid="product-title">Casalingo Salami</h3><p class="chakra-text css-1yftjin" data-testid="product-package-size">375 g, $26.37/1kg $2.64/100g</p></div></a><div class="css-8keand"></div></div><div class="css-1q5omjq"><div class="css-fcebb8"><div data-testid="atc-compact" class="css-y94ivq" style="width: 45px;"><button type="button" class="chakra-button css-mudsm6" data-testid="atc-button"><svg stroke="currentColor" fill="currentColor" stroke-width="0" viewBox="0 0 24 24" focusable="false" class="chakra-icon css-1g3sp7a" data-testid="btn-icon" aria-hidden="true" height="1em" width="1em" xmlns="http://www.w3.org/2000/svg"><path d="M19 13h-6v6h-2v-6H5v-2h6V5h2v6h6v2z"></path></svg><span class="css-idkz9h">Add Casalingo Salami to cart</span></button></div></div></div></div></div></div><div class="css-0"><div class="css-f5i5wc"><div class="chakra-linkbox css-vhnn8v"><div data-testid="product-image" class="css-16dr4ly"><img alt="Pillers Turkey Bites Smoked Turkey Sausage Spicy 300 g, $28.30/1kg $2.83/100g" src="https://assets.shop.loblaws.ca/products/20582987/b3/en/front/20582987_front_a06_@2.png" srcset="https://assets.shop.loblaws.ca/products/20582987/b3/en/front/20582987_front_a06_@2.png 1x, https://assets.shop.loblaws.ca/products/20582987/b3/en/front/20582987_front_a06_@2.png 2x" loading="lazy" class="chakra-image css-oguq8l" aria-hidden="true"></div><div class="css-qoklea"><div class="css-12dchmx"></div><div data-testid="price-product-tile" class="css-8atqhb"><p class="chakra-text css-0"><span class="chakra-text css-o93gbd" data-testid="sale-price"><span class="css-idkz9h">$8.49</span>$8.49</span><span class="chakra-text css-623q5h" data-testid="was-price"><span class="css-idkz9h">$10.99</span>$10.99</span></p><p class="chakra-text css-1m5a6y8" data-testid="price-descriptor">SAVE $2.50</p></div><a href="/turkey-bites-smoked-turkey-sausage-spicy/p/20582987_EA?source=nspt" class="chakra-linkbox__overlay css-1hnz6hu"><div class="css-0"><p class="chakra-text css-1ecdp9w" data-testid="product-brand">Pillers</p><h3 class="chakra-heading css-6qrhwc" id="20582987_EA" data-testid="product-title">Turkey Bites Smoked Turkey Sausage Spicy</h3><p class="chakra-text css-1yftjin" data-testid="product-package-size">300 g, $28.30/1kg $2.83/100g</p></div></a><div class="css-8keand"></div></div><div class="css-1q5omjq"><div class="css-fcebb8"><div data-testid="atc-compact" class="css-y94ivq" style="width: 45px;"><button type="button" class="chakra-button css-mudsm6" data-testid="atc-button"><svg stroke="currentColor" fill="currentColor" stroke-width="0" viewBox="0 0 24 24" focusable="false" class="chakra-icon css-1g3sp7a" data-testid="btn-icon" aria-hidden="true" height="1em" width="1em" xmlns="http://www.w3.org/2000/svg"><path d="M19 13h-6v6h-2v-6H5v-2h6V5h2v6h6v2z"></path></svg><span class="css-idkz9h">Add Turkey Bites Smoked Turkey Sausage Spicy to cart</span></button></div></div><div class="css-4saf4a"><p class="chakra-text css-py8788" data-testid="inventory-badge-text">Low Stock</p></div></div></div></div></div></div>