[
    {
        "id": 1,
        "name": "Ritz Original Crackers",
        "price": "180 g, $1.94/100g",
        "brand": "Christie",
        "image_url": "https://assets.shop.loblaws.ca/products/21547034/b3/en/front/21547034_front_a06_@2.png",
        "image_alt": "Christie Ritz Original Crackers 180 g, $1.94/100g",
        "price_product_tile": "$3.49$3.49"
    },
    {
        "id": 2,
        "name": "Pretzel Crisps, Original",
        "price": "200 g, $2.50/100g",
        "brand": "The Snack Factory",
        "image_url": "https://assets.shop.loblaws.ca/products/20948940/b3/en/front/20948940_front_a06_@2.png",
        "image_alt": "The Snack Factory Pretzel Crisps, Original 200 g, $2.50/100g",
        "price_product_tile": "$4.99$4.99$5.99$5.99SAVE $1.00"
    },
    {
        "id": 3,
        "name": "Sea Salt Crackers",
        "price": "185 g, $1.62/100g",
        "brand": "President's Choice",
        "image_url": "https://assets.shop.loblaws.ca/products/20603888003/b3/en/front/20603888003_front_a06_@2.png",
        "image_alt": "President's Choice Sea Salt Crackers 185 g, $1.62/100g",
        "price_product_tile": "$2.99$2.99"
    },
    {
        "id": 4,
        "name": "Traditional Naan Dippers",
        "price": "200 g, $2.00/100g",
        "brand": "President's Choice",
        "image_url": "https://assets.shop.loblaws.ca/products/21092033/b3/en/front/21092033_front_a06_@2.png",
        "image_alt": "President's Choice Traditional Naan Dippers 200 g, $2.00/100g",
        "price_product_tile": "$3.99$3.99$4.79$4.79SAVE $0.80"
    },
    {
        "id": 5,
        "name": "Toppables Crackers",
        "price": "386 g, $0.90/100g",
        "brand": "Christie",
        "image_url": "https://assets.shop.loblaws.ca/products/21449871/b3/en/front/21449871_front_a06_@2.png",
        "image_alt": "Christie Toppables Crackers 386 g, $0.90/100g",
        "price_product_tile": "$3.49$3.49"
    },
    {
        "id": 6,
        "name": "Wheat Thins Multigrain Crackers",
        "price": "180 g, $1.38/100g",
        "brand": "Christie",
        "image_url": "https://assets.shop.loblaws.ca/products/21547048/b3/en/front/21547048_front_a06_@2.png",
        "image_alt": "Christie Wheat Thins Multigrain Crackers 180 g, $1.38/100g",
        "price_product_tile": "$1.88$1.88Limit 6, after limit $2.49"
    },
    {
        "id": 7,
        "name": "Rosemary Crackers",
        "price": "185 g, $1.62/100g",
        "brand": "President's Choice",
        "image_url": "https://assets.shop.loblaws.ca/products/20603888002/b3/en/front/20603888002_front_a06_@2.png",
        "image_alt": "President's Choice Rosemary Crackers 185 g, $1.62/100g",
        "price_product_tile": "$2.99$2.99"
    },
    {
        "id": 8,
        "name": "Pretzel Crisps, Garlic Parmesan",
        "price": "200 g, $2.50/100g",
        "brand": "The Snack Factory",
        "image_url": "https://assets.shop.loblaws.ca/products/20948939/b3/en/front/20948939_front_a06_@2.png",
        "image_alt": "The Snack Factory Pretzel Crisps, Garlic Parmesan     200 g, $2.50/100g",
        "price_product_tile": "$4.99$4.99$5.99$5.99SAVE $1.00"
    },
    {
        "id": 9,
        "name": "Wheat Thins Original Crackers",
        "price": "180 g, $1.38/100g",
        "brand": "Christie",
        "image_url": "https://assets.shop.loblaws.ca/products/21547049/b3/en/front/21547049_front_a06_@2.png",
        "image_alt": "Christie Wheat Thins Original Crackers 180 g, $1.38/100g",
        "price_product_tile": "$1.88$1.88Limit 6, after limit $2.49"
    },
    {
        "id": 10,
        "name": "Pretzel Crisps, Everything",
        "price": "200 g, $2.50/100g",
        "brand": "The Snack Factory",
        "image_url": "https://assets.shop.loblaws.ca/products/20948904/b3/en/front/20948904_front_a06_@2.png",
        "image_alt": "The Snack Factory Pretzel Crisps, Everything     200 g, $2.50/100g",
        "price_product_tile": "$4.99$4.99$5.99$5.99SAVE $1.00"
    },
    {
        "id": 11,
        "name": "Vegetable Thins Original Crackers",
        "price": "180 g, $1.38/100g",
        "brand": "Christie",
        "image_url": "https://assets.shop.loblaws.ca/products/21547047/b3/en/front/21547047_front_a06_@2.png",
        "image_alt": "Christie Vegetable Thins Original Crackers 180 g, $1.38/100g",
        "price_product_tile": "$1.88$1.88Limit 6, after limit $2.49"
    },
    {
        "id": 12,
        "name": "Mega Bites Sharp Cheddar",
        "price": "167 g, $2.27/100g",
        "brand": "Pepperidge Farm",
        "image_url": "https://assets.shop.loblaws.ca/products/21472373/b3/en/front/21472373_front_a06_@2.png",
        "image_alt": "Pepperidge Farm Mega Bites Sharp Cheddar 167 g, $2.27/100g",
        "price_product_tile": "$3.79$3.79"
    },
    {
        "id": 13,
        "name": "Breton Garden Vegetable Crackers",
        "price": "200 g, $1.40/100g",
        "brand": "Dare",
        "image_url": "https://assets.shop.loblaws.ca/products/21520682/b3/en/front/21520682_front_a06_@2.png",
        "image_alt": "Dare Breton Garden Vegetable Crackers 200 g, $1.40/100g",
        "price_product_tile": "$2.79$2.79"
    },
    {
        "id": 14,
        "name": "Breton Original Crackers",
        "price": "200 g, $1.40/100g",
        "brand": "Dare",
        "image_url": "https://assets.shop.loblaws.ca/products/21520666/b3/en/front/21520666_front_a06_@2.png",
        "image_alt": "Dare Breton Original Crackers 200 g, $1.40/100g",
        "price_product_tile": "$2.79$2.79"
    },
    {
        "id": 15,
        "name": "Baked Graham Snacks Hello Kitty Strawberry Shortcake Flavoured Grahams Limited Edition",
        "price": "180 g, $1.94/100g",
        "brand": "Pepperidge Farm",
        "image_url": "https://assets.shop.loblaws.ca/products/21574954/b3/en/front/21574954_front_a06_@2.png",
        "image_alt": "Pepperidge Farm Baked Graham Snacks Hello Kitty Strawberry Shortcake Flavoured Grahams Limited Edition 180 g, $1.94/100g",
        "price_product_tile": "$3.49$3.49"
    },
    {
        "id": 16,
        "name": "Ritz Lows Sodium Crackers",
        "price": "180 g, $1.94/100g",
        "brand": "Christie",
        "image_url": "https://assets.shop.loblaws.ca/products/21547040/b3/en/front/21547040_front_a06_@2.png",
        "image_alt": "Christie Ritz Lows Sodium Crackers 180 g, $1.94/100g",
        "price_product_tile": "$3.49$3.49"
    },
    {
        "id": 17,
        "name": "Vegetable Thins 40% Less Fat Snacking Crackers",
        "price": "180 g, $1.38/100g",
        "brand": "Christie",
        "image_url": "https://assets.shop.loblaws.ca/products/21547046/b3/en/front/21547046_front_a06_@2.png",
        "image_alt": "Christie Vegetable Thins 40% Less Fat Snacking Crackers 180 g, $1.38/100g",
        "price_product_tile": "$1.88$1.88Limit 6, after limit $2.49"
    },
    {
        "id": 18,
        "name": "Ritz Swiss Cheese Crackers",
        "price": "180 g, $1.94/100g",
        "brand": "Christie",
        "image_url": "https://assets.shop.loblaws.ca/products/21547021/b3/en/front/21547021_front_a06_@2.png",
        "image_alt": "Christie Ritz Swiss Cheese Crackers 180 g, $1.94/100g",
        "price_product_tile": "$3.49$3.49"
    },
    {
        "id": 19,
        "name": "Water Crackers",
        "price": "125 g, $1.99/100g",
        "brand": "President's Choice",
        "image_url": "https://assets.shop.loblaws.ca/products/20431236/b3/en/front/20431236_front_a06_@2.png",
        "image_alt": "President's Choice Water Crackers 125 g, $1.99/100g",
        "price_product_tile": "$2.49$2.49"
    },
    {
        "id": 20,
        "name": "Ritz Cheese Nibs Crackers",
        "price": "180 g, $1.94/100g",
        "brand": "Christie",
        "image_url": "https://assets.shop.loblaws.ca/products/21547043/b3/en/front/21547043_front_a06_@2.png",
        "image_alt": "Christie Ritz Cheese Nibs Crackers 180 g, $1.94/100g",
        "price_product_tile": "$3.49$3.49"
    },
    {
        "id": 21,
        "name": "Ritz Real Cheddar Cheese Crackers",
        "price": "180 g, $1.94/100g",
        "brand": "Christie",
        "image_url": "https://assets.shop.loblaws.ca/products/21547023/b3/en/front/21547023_front_a06_@2.png",
        "image_alt": "Christie Ritz Real Cheddar Cheese Crackers 180 g, $1.94/100g",
        "price_product_tile": "$3.49$3.49"
    },
    {
        "id": 22,
        "name": "Crisp & Thin Vegetable Crackers",
        "price": "225 g, $1.33/100g",
        "brand": "President's Choice",
        "image_url": "https://assets.shop.loblaws.ca/products/20185144001/b3/en/front/20185144001_front_a06_@2.png",
        "image_alt": "President's Choice Crisp & Thin Vegetable Crackers 225 g, $1.33/100g",
        "price_product_tile": "$2.99$2.99"
    },
    {
        "id": 23,
        "name": "Mega Bites Cheddar Jalapeno",
        "price": "167 g, $2.27/100g",
        "brand": "Pepperidge Farm",
        "image_url": "https://assets.shop.loblaws.ca/products/21472420/b3/en/front/21472420_front_a06_@2.png",
        "image_alt": "Pepperidge Farm Mega Bites Cheddar Jalapeno 167 g, $2.27/100g",
        "price_product_tile": "$3.79$3.79"
    },
    {
        "id": 24,
        "name": "Cheese Bits, Cheddar",
        "price": "180 g, $1.94/100g",
        "brand": "Christie",
        "image_url": "https://assets.shop.loblaws.ca/products/21547029/b3/en/front/21547029_front_a06_@2.png",
        "image_alt": "Christie Cheese Bits, Cheddar 180 g, $1.94/100g",
        "price_product_tile": "$3.49$3.49"
    },
    {
        "id": 25,
        "name": "Veggie Crisps Cracker Chips All Dressed",
        "price": "100 g, $2.79/100g",
        "brand": "Dare",
        "image_url": "https://assets.shop.loblaws.ca/products/21520207/b3/en/front/21520207_front_a06_@2.png",
        "image_alt": "Dare Veggie Crisps Cracker Chips All Dressed 100 g, $2.79/100g",
        "price_product_tile": "$2.79$2.79"
    },
    {
        "id": 26,
        "name": "Breton Basil and Olive Oil Crackers",
        "price": "200 g, $1.40/100g",
        "brand": "Dare",
        "image_url": "https://assets.shop.loblaws.ca/products/21520698/b3/en/front/21520698_front_a06_@2.png",
        "image_alt": "Dare Breton Basil and Olive Oil Crackers 200 g, $1.40/100g",
        "price_product_tile": "$2.79$2.79"
    },
    {
        "id": 27,
        "name": "M.Y Sans Crackers",
        "price": "800 g, $0.87/100g",
        "brand": "Skyflakes",
        "image_url": "https://assets.shop.loblaws.ca/products/21176798/b3/en/front/21176798_front_a06_@2.png",
        "image_alt": "Skyflakes M.Y Sans Crackers 800 g, $0.87/100g",
        "price_product_tile": "$6.99$6.99"
    },
    {
        "id": 28,
        "name": "Fine Cracker Assortment",
        "price": "250 g, $1.92/100g",
        "brand": "President's Choice",
        "image_url": "https://assets.shop.loblaws.ca/products/20162130/b3/en/front/20162130_front_a06_@2.png",
        "image_alt": "President's Choice Fine Cracker Assortment 250 g, $1.92/100g",
        "price_product_tile": "$4.79$4.79"
    },
    {
        "id": 29,
        "name": "Thin Crisps Jalapeno Crackers",
        "price": "200 g, $1.25/100g",
        "brand": "Triscuit",
        "image_url": "https://assets.shop.loblaws.ca/products/21433485/b3/en/front/21433485_front_a06_@2.png",
        "image_alt": "Triscuit Thin Crisps Jalapeno Crackers 200 g, $1.25/100g",
        "price_product_tile": "$1.88$1.88Limit 6, after limit $2.49"
    },
    {
        "id": 30,
        "name": "Mini Cheese Crackers",
        "price": "6x30.0 g, $1.94/100g",
        "brand": "Christie",
        "image_url": "https://assets.shop.loblaws.ca/products/21500649/b3/en/front/21500649_front_a06_@2.png",
        "image_alt": "Christie Mini Cheese Crackers 6x30.0 g, $1.94/100g",
        "price_product_tile": "$3.49$3.49"
    },
    {
        "id": 31,
        "name": "Mini Crisp & Thin Multigrain Crackers",
        "price": "200 g, $1.65/100g",
        "brand": "President's Choice",
        "image_url": "https://assets.shop.loblaws.ca/products/21295601/b3/en/front/21295601_front_a06_@2.png",
        "image_alt": "President's Choice Mini Crisp & Thin Multigrain Crackers 200 g, $1.65/100g",
        "price_product_tile": "$3.29$3.29"
    },
    {
        "id": 32,
        "name": "Thins Three Cheese Flatbreads",
        "price": "125 g, $3.83/100g",
        "brand": "Ryvita",
        "image_url": "https://assets.shop.loblaws.ca/products/21124906/b3/en/front/21124906_front_a06_@2.png",
        "image_alt": "Ryvita Thins Three Cheese Flatbreads 125 g, $3.83/100g",
        "price_product_tile": "$4.79$4.79"
    },
    {
        "id": 33,
        "name": "Breton Reduced Fat and Salt Crackers",
        "price": "200 g, $1.40/100g",
        "brand": "Dare",
        "image_url": "https://assets.shop.loblaws.ca/products/21520707/b3/en/front/21520707_front_a06_@2.png",
        "image_alt": "Dare Breton Reduced Fat and Salt Crackers 200 g, $1.40/100g",
        "price_product_tile": "$2.79$2.79"
    },
    {
        "id": 34,
        "name": "Crackers jalape\u00f1o Jack Flavour Snack",
        "price": "213 g, $2.01/100g",
        "brand": "Cheez-It",
        "image_url": "https://assets.shop.loblaws.ca/products/21449840/b3/en/front/21449840_front_a06_@2.png",
        "image_alt": "Cheez-It Crackers jalape\u00f1o Jack Flavour Snack  213 g, $2.01/100g",
        "price_product_tile": "$4.29$4.29"
    },
    {
        "id": 35,
        "name": "Mini Crisp & Thin Vegetable Crackers",
        "price": "200 g, $1.65/100g",
        "brand": "President's Choice",
        "image_url": "https://assets.shop.loblaws.ca/products/21295605/b3/en/front/21295605_front_a06_@2.png",
        "image_alt": "President's Choice Mini Crisp & Thin Vegetable Crackers 200 g, $1.65/100g",
        "price_product_tile": "$3.29$3.29"
    },
    {
        "id": 36,
        "name": "Cheese Nibs Cheddar/Jalapeno Crackers",
        "price": "200 g, $1.75/100g",
        "brand": "Christie",
        "image_url": "https://assets.shop.loblaws.ca/products/21522300/b3/en/front/21522300_front_a06_@2.png",
        "image_alt": "Christie Cheese Nibs Cheddar/Jalapeno Crackers 200 g, $1.75/100g",
        "price_product_tile": "$3.49$3.49"
    },
    {
        "id": 37,
        "name": "Jamaican Water Crackers",
        "price": "300 g, $0.60/100g",
        "brand": "Excelsior",
        "image_url": "https://assets.shop.loblaws.ca/products/20040825/b3/en/front/20040825_front_a06_@2.png",
        "image_alt": "Excelsior Jamaican Water Crackers 300 g, $0.60/100g",
        "price_product_tile": "$1.79$1.79$1.99$1.99SAVE $0.20"
    },
    {
        "id": 38,
        "name": "Crackers Everything",
        "price": "200 g, $1.40/100g",
        "brand": "Dare",
        "image_url": "https://assets.shop.loblaws.ca/products/21589303/b3/en/front/21589303_front_a06_@2.png",
        "image_alt": "Dare Crackers Everything 200 g, $1.40/100g",
        "price_product_tile": "$2.79$2.79"
    },
    {
        "id": 39,
        "name": "Sauce Original Recipe",
        "price": "350 ml, $1.71/100ml",
        "brand": "Maple Leaf",
        "image_url": "https://assets.shop.loblaws.ca/products/20097148/b3/en/front/20097148_front_a06_@2.png",
        "image_alt": "Maple Leaf Sauce Original Recipe 350 ml, $1.71/100ml",
        "price_product_tile": "$5.99$5.99"
    },
    {
        "id": 40,
        "name": "Thin Vegetable Crackers",
        "price": "200 g, $1.65/100g",
        "brand": "No Name",
        "image_url": "https://assets.shop.loblaws.ca/products/21295604/b3/en/front/21295604_front_a06_@2.png",
        "image_alt": "No Name Thin Vegetable Crackers 200 g, $1.65/100g",
        "price_product_tile": "$3.29$3.29"
    },
    {
        "id": 41,
        "name": "Crackers Double Cheese Flavour Snack",
        "price": "213 g, $2.01/100g",
        "brand": "Cheez-It",
        "image_url": "https://assets.shop.loblaws.ca/products/21451181/b3/en/front/21451181_front_a06_@2.png",
        "image_alt": "Cheez-It Crackers Double Cheese Flavour Snack 213 g, $2.01/100g",
        "price_product_tile": "$4.29$4.29"
    },
    {
        "id": 42,
        "name": "37% Less Fat Crackers",
        "price": "180 g, $1.38/100g",
        "brand": "Christie",
        "image_url": "https://assets.shop.loblaws.ca/products/21547045/b3/en/front/21547045_front_a06_@2.png",
        "image_alt": "Christie 37% Less Fat Crackers 180 g, $1.38/100g",
        "price_product_tile": "$1.88$1.88Limit 6, after limit $2.49"
    },
    {
        "id": 43,
        "name": "Melba Toast Sourdough Flavour",
        "price": "400 g, $1.25/100g",
        "brand": "Grissol",
        "image_url": "https://assets.shop.loblaws.ca/products/21520208/b3/en/front/21520208_front_a06_@2.png",
        "image_alt": "Grissol Melba Toast Sourdough Flavour 400 g, $1.25/100g",
        "price_product_tile": "$4.99$4.99"
    },
    {
        "id": 44,
        "name": "Crisp & Thin Crackers with Flax & Honey",
        "price": "225 g, $1.33/100g",
        "brand": "President's Choice",
        "image_url": "https://assets.shop.loblaws.ca/products/20185144004/b3/en/front/20185144004_front_a06_@2.png",
        "image_alt": "President's Choice Crisp & Thin Crackers with Flax & Honey 225 g, $1.33/100g",
        "price_product_tile": "$2.99$2.99"
    },
    {
        "id": 45,
        "name": "Mini Pita Crackers, White Cheddar Flavour",
        "price": "142 g, $2.11/100g",
        "brand": "President's Choice",
        "image_url": "https://assets.shop.loblaws.ca/products/21380337/b3/en/front/21380337_front_a06_@2.png",
        "image_alt": "President's Choice Mini Pita Crackers, White Cheddar Flavour 142 g, $2.11/100g",
        "price_product_tile": "$2.99$2.99"
    },
    {
        "id": 46,
        "name": "Cheese Nibs Sweet Chili & Sour Cream Crackers",
        "price": "200 g, $1.75/100g",
        "brand": "Christie",
        "image_url": "https://assets.shop.loblaws.ca/products/21522564/b3/en/front/21522564_front_a06_@2.png",
        "image_alt": "Christie Cheese Nibs Sweet Chili & Sour Cream Crackers 200 g, $1.75/100g",
        "price_product_tile": "$3.49$3.49"
    },
    {
        "id": 47,
        "name": "Paris Toasts",
        "price": "80 g, $3.49/100g",
        "brand": "Paris Toasts",
        "image_url": "https://assets.shop.loblaws.ca/products/20501050/b3/en/front/20501050_front_a06_@2.png",
        "image_alt": "Paris Toasts Paris Toasts 80 g, $3.49/100g",
        "price_product_tile": "$2.79$2.79"
    },
    {
        "id": 48,
        "name": "Crackers Cheddar Sour Cream & Onion Flavour Snack",
        "price": "213 g, $2.01/100g",
        "brand": "Cheez-It",
        "image_url": "https://assets.shop.loblaws.ca/products/21449846/b3/en/front/21449846_front_a06_@2.png",
        "image_alt": "Cheez-It Crackers Cheddar Sour Cream & Onion Flavour Snack  213 g, $2.01/100g",
        "price_product_tile": "$4.29$4.29"
    },
    {
        "id": 49,
        "name": "Garden Vegetable Crackers, No Artificial Colours or Flavours",
        "price": "185 g, $1.35/100g",
        "brand": "Triscuit",
        "image_url": "https://assets.shop.loblaws.ca/products/21577817/b3/en/front/21577817_front_a06_@2.png",
        "image_alt": "Triscuit Garden Vegetable Crackers, No Artificial Colours or Flavours 185 g, $1.35/100g",
        "price_product_tile": "$1.88$1.88Limit 6, after limit $2.49"
    },
    {
        "id": 50,
        "name": "Cream Crackers",
        "price": "200 g, $1.15/100g",
        "brand": "S&F",
        "image_url": "https://assets.shop.loblaws.ca/products/20002878/b3/en/front/20002878_front_a06_@2.png",
        "image_alt": "S&F Cream Crackers 200 g, $1.15/100g",
        "price_product_tile": "$2.29$2.29"
    },
    {
        "id": 51,
        "name": "Whole Wheat Paris Toasts",
        "price": "80 g, $4.11/100g",
        "brand": "Paris Toasts",
        "image_url": "https://assets.shop.loblaws.ca/products/20500959/b3/en/front/20500959_front_a06_@2.png",
        "image_alt": "Paris Toasts Whole Wheat Paris Toasts 80 g, $4.11/100g",
        "price_product_tile": "$3.29$3.29"
    }
]