<div data-testid="product-grid" class="css-epcqr3"><div class="css-0"><div class="css-f5i5wc"><div class="chakra-linkbox css-vhnn8v"><div data-testid="product-image" class="css-16dr4ly"><img alt="Farmer's Market Banana Loaf Cake, Sliced 376 g, $1.33/100g" src="https://assets.shop.loblaws.ca/products/21542160/b3/en/front/21542160_front_a06_@2.png" srcset="https://assets.shop.loblaws.ca/products/21542160/b3/en/front/21542160_front_a06_@2.png 1x, https://assets.shop.loblaws.ca/products/21542160/b3/en/front/21542160_front_a06_@2.png 2x" loading="lazy" class="chakra-image css-oguq8l" aria-hidden="true"></div><div class="css-qoklea"><div class="css-12dchmx"></div><div data-testid="price-product-tile" class="css-8atqhb"><p class="chakra-text css-0"><span class="chakra-text css-pwnbcb" data-testid="regular-price"><span class="css-idkz9h">$5.00</span>$5.00</span></p></div><a href="/banana-loaf-cake-sliced/p/21542160_EA?source=nspt" class="chakra-linkbox__overlay css-1hnz6hu"><div class="css-0"><p class="chakra-text css-1ecdp9w" data-testid="product-brand">Farmer's Market</p><h3 class="chakra-heading css-6qrhwc" id="21542160_EA" data-testid="product-title">Banana Loaf Cake, Sliced</h3><p class="chakra-text css-1yftjin" data-testid="product-package-size">376 g, $1.33/100g</p></div></a><div class="css-8keand"></div></div><div class="css-1q5omjq"><div class="css-fcebb8"><div data-testid="atc-compact" class="css-y94ivq" style="width: 45px;"><button type="button" class="chakra-button css-mudsm6" data-testid="atc-button"><svg stroke="currentColor" fill="currentColor" stroke-width="0" viewBox="0 0 24 24" focusable="false" class="chakra-icon css-1g3sp7a" data-testid="btn-icon" aria-hidden="true" height="1em" width="1em" xmlns="http://www.w3.org/2000/svg"><path d="M19 13h-6v6h-2v-6H5v-2h6V5h2v6h6v2z"></path></svg><span class="css-idkz9h">Add Banana Loaf Cake, Sliced to cart</span></button></div></div></div></div></div></div><div class="css-0"><div class="css-f5i5wc"><div class="chakra-linkbox css-vhnn8v"><div data-testid="product-image" class="css-16dr4ly"><img alt="Farmer's Market Sliced Loaf Cake, Vanilla 344 g, $1.45/100g" src="https://assets.shop.loblaws.ca/products/21542159/b3/en/front/21542159_front_a06_@2.png" srcset="https://assets.shop.loblaws.ca/products/21542159/b3/en/front/21542159_front_a06_@2.png 1x, https://assets.shop.loblaws.ca/products/21542159/b3/en/front/21542159_front_a06_@2.png 2x" loading="lazy" class="chakra-image css-oguq8l" aria-hidden="true"></div><div class="css-qoklea"><div class="css-12dchmx"></div><div data-testid="price-product-tile" class="css-8atqhb"><p class="chakra-text css-0"><span class="chakra-text css-pwnbcb" data-testid="regular-price"><span class="css-idkz9h">$5.00</span>$5.00</span></p></div><a href="/sliced-loaf-cake-vanilla/p/21542159_EA?source=nspt" class="chakra-linkbox__overlay css-1hnz6hu"><div class="css-0"><p class="chakra-text css-1ecdp9w" data-testid="product-brand">Farmer's Market</p><h3 class="chakra-heading css-6qrhwc" id="21542159_EA" data-testid="product-title">Sliced Loaf Cake, Vanilla</h3><p class="chakra-text css-1yftjin" data-testid="product-package-size">344 g, $1.45/100g</p></div></a><div class="css-8keand"></div></div><div class="css-1q5omjq"><div class="css-fcebb8"><div data-testid="atc-compact" class="css-y94ivq" style="width: 45px;"><button type="button" class="chakra-button css-mudsm6" data-testid="atc-button"><svg stroke="currentColor" fill="currentColor" stroke-width="0" viewBox="0 0 24 24" focusable="false" class="chakra-icon css-1g3sp7a" data-testid="btn-icon" aria-hidden="true" height="1em" width="1em" xmlns="http://www.w3.org/2000/svg"><path d="M19 13h-6v6h-2v-6H5v-2h6V5h2v6h6v2z"></path></svg><span class="css-idkz9h">Add Sliced Loaf Cake, Vanilla to cart</span></button></div></div></div></div></div></div><div class="css-0"><div class="css-f5i5wc"><div class="chakra-linkbox css-vhnn8v"><div data-testid="product-image" class="css-16dr4ly"><img alt="Farmer's Market Sliced Loaf Cake, Marble 344 g, $1.45/100g" src="https://assets.shop.loblaws.ca/products/21542157/b3/en/front/21542157_front_a06_@2.png" srcset="https://assets.shop.loblaws.ca/products/21542157/b3/en/front/21542157_front_a06_@2.png 1x, https://assets.shop.loblaws.ca/products/21542157/b3/en/front/21542157_front_a06_@2.png 2x" loading="lazy" class="chakra-image css-oguq8l" aria-hidden="true"></div><div class="css-qoklea"><div class="css-12dchmx"></div><div data-testid="price-product-tile" class="css-8atqhb"><p class="chakra-text css-0"><span class="chakra-text css-pwnbcb" data-testid="regular-price"><span class="css-idkz9h">$5.00</span>$5.00</span></p></div><a href="/sliced-loaf-cake-marble/p/21542157_EA?source=nspt" class="chakra-linkbox__overlay css-1hnz6hu"><div class="css-0"><p class="chakra-text css-1ecdp9w" data-testid="product-brand">Farmer's Market</p><h3 class="chakra-heading css-6qrhwc" id="21542157_EA" data-testid="product-title">Sliced Loaf Cake, Marble</h3><p class="chakra-text css-1yftjin" data-testid="product-package-size">344 g, $1.45/100g</p></div></a><div class="css-8keand"></div></div><div class="css-1q5omjq"><div class="css-fcebb8"><div data-testid="atc-compact" class="css-y94ivq" style="width: 45px;"><button type="button" class="chakra-button css-mudsm6" data-testid="atc-button"><svg stroke="currentColor" fill="currentColor" stroke-width="0" viewBox="0 0 24 24" focusable="false" class="chakra-icon css-1g3sp7a" data-testid="btn-icon" aria-hidden="true" height="1em" width="1em" xmlns="http://www.w3.org/2000/svg"><path d="M19 13h-6v6h-2v-6H5v-2h6V5h2v6h6v2z"></path></svg><span class="css-idkz9h">Add Sliced Loaf Cake, Marble to cart</span></button></div></div></div></div></div></div><div class="css-0"><div class="css-f5i5wc"><div class="chakra-linkbox css-vhnn8v"><div data-testid="product-image" class="css-16dr4ly"><img alt="Farmer's Market Loaf Cake, Banana 390 g, $1.28/100g" src="https://assets.shop.loblaws.ca/products/20565382/b3/en/front/20565382_front_a06_@2.png" srcset="https://assets.shop.loblaws.ca/products/20565382/b3/en/front/20565382_front_a06_@2.png 1x, https://assets.shop.loblaws.ca/products/20565382/b3/en/front/20565382_front_a06_@2.png 2x" loading="lazy" class="chakra-image css-oguq8l" aria-hidden="true"></div><div class="css-qoklea"><div class="css-12dchmx"></div><div data-testid="price-product-tile" class="css-8atqhb"><p class="chakra-text css-0"><span class="chakra-text css-pwnbcb" data-testid="regular-price"><span class="css-idkz9h">$5.00</span>$5.00</span></p></div><a href="/loaf-cake-banana/p/20565382_EA?source=nspt" class="chakra-linkbox__overlay css-1hnz6hu"><div class="css-0"><p class="chakra-text css-1ecdp9w" data-testid="product-brand">Farmer's Market</p><h3 class="chakra-heading css-6qrhwc" id="20565382_EA" data-testid="product-title">Loaf Cake, Banana</h3><p class="chakra-text css-1yftjin" data-testid="product-package-size">390 g, $1.28/100g</p></div></a><div class="css-8keand"></div></div><div class="css-1q5omjq"><div class="css-fcebb8"><div data-testid="atc-compact" class="css-y94ivq" style="width: 45px;"><button type="button" class="chakra-button css-mudsm6" data-testid="atc-button"><svg stroke="currentColor" fill="currentColor" stroke-width="0" viewBox="0 0 24 24" focusable="false" class="chakra-icon css-1g3sp7a" data-testid="btn-icon" aria-hidden="true" height="1em" width="1em" xmlns="http://www.w3.org/2000/svg"><path d="M19 13h-6v6h-2v-6H5v-2h6V5h2v6h6v2z"></path></svg><span class="css-idkz9h">Add Loaf Cake, Banana to cart</span></button></div></div></div></div></div></div><div class="css-0"><div class="css-f5i5wc"><div class="chakra-linkbox css-vhnn8v"><div data-testid="product-image" class="css-16dr4ly"><img alt="Farmer's Market Loaf Cake, Cinnamon Swirl 390 g, $1.28/100g" src="https://assets.shop.loblaws.ca/products/20610846/b3/en/front/20610846_front_a06_@2.png" srcset="https://assets.shop.loblaws.ca/products/20610846/b3/en/front/20610846_front_a06_@2.png 1x, https://assets.shop.loblaws.ca/products/20610846/b3/en/front/20610846_front_a06_@2.png 2x" loading="lazy" class="chakra-image css-oguq8l" aria-hidden="true"></div><div class="css-qoklea"><div class="css-12dchmx"></div><div data-testid="price-product-tile" class="css-8atqhb"><p class="chakra-text css-0"><span class="chakra-text css-pwnbcb" data-testid="regular-price"><span class="css-idkz9h">$5.00</span>$5.00</span></p></div><a href="/loaf-cake-cinnamon-swirl/p/20610846_EA?source=nspt" class="chakra-linkbox__overlay css-1hnz6hu"><div class="css-0"><p class="chakra-text css-1ecdp9w" data-testid="product-brand">Farmer's Market</p><h3 class="chakra-heading css-6qrhwc" id="20610846_EA" data-testid="product-title">Loaf Cake, Cinnamon Swirl</h3><p class="chakra-text css-1yftjin" data-testid="product-package-size">390 g, $1.28/100g</p></div></a><div class="css-8keand"></div></div><div class="css-1q5omjq"><div class="css-fcebb8"><div data-testid="atc-compact" class="css-y94ivq" style="width: 45px;"><button type="button" class="chakra-button css-mudsm6" data-testid="atc-button"><svg stroke="currentColor" fill="currentColor" stroke-width="0" viewBox="0 0 24 24" focusable="false" class="chakra-icon css-1g3sp7a" data-testid="btn-icon" aria-hidden="true" height="1em" width="1em" xmlns="http://www.w3.org/2000/svg"><path d="M19 13h-6v6h-2v-6H5v-2h6V5h2v6h6v2z"></path></svg><span class="css-idkz9h">Add Loaf Cake, Cinnamon Swirl to cart</span></button></div></div></div></div></div></div><div class="css-0"><div class="css-f5i5wc"><div class="chakra-linkbox css-vhnn8v"><div data-testid="product-image" class="css-16dr4ly"><img alt="Gestion Touche Vanilla Sunny Shell Cakes 23.67 g, $2.11/100g" src="https://assets.shop.loblaws.ca/products/21425857/b3/en/front/21425857_front_a06_@2.png" srcset="https://assets.shop.loblaws.ca/products/21425857/b3/en/front/21425857_front_a06_@2.png 1x, https://assets.shop.loblaws.ca/products/21425857/b3/en/front/21425857_front_a06_@2.png 2x" loading="lazy" class="chakra-image css-oguq8l" aria-hidden="true"></div><div class="css-qoklea"><div class="css-12dchmx"></div><div data-testid="price-product-tile" class="css-8atqhb"><p class="chakra-text css-0"><span class="chakra-text css-pwnbcb" data-testid="regular-price"><span class="css-idkz9h">$3.00</span>$3.00</span></p></div><a href="/vanilla-sunny-shell-cakes/p/21425857_EA?source=nspt" class="chakra-linkbox__overlay css-1hnz6hu"><div class="css-0"><p class="chakra-text css-1ecdp9w" data-testid="product-brand">Gestion Touche</p><h3 class="chakra-heading css-6qrhwc" id="21425857_EA" data-testid="product-title">Vanilla Sunny Shell Cakes</h3><p class="chakra-text css-1yftjin" data-testid="product-package-size">23.67 g, $2.11/100g</p></div></a><div class="css-8keand"></div></div><div class="css-1q5omjq"><div class="css-fcebb8"><div data-testid="atc-compact" class="css-y94ivq" style="width: 45px;"><button type="button" class="chakra-button css-mudsm6" data-testid="atc-button"><svg stroke="currentColor" fill="currentColor" stroke-width="0" viewBox="0 0 24 24" focusable="false" class="chakra-icon css-1g3sp7a" data-testid="btn-icon" aria-hidden="true" height="1em" width="1em" xmlns="http://www.w3.org/2000/svg"><path d="M19 13h-6v6h-2v-6H5v-2h6V5h2v6h6v2z"></path></svg><span class="css-idkz9h">Add Vanilla Sunny Shell Cakes to cart</span></button></div></div></div></div></div></div><div class="css-0"><div class="css-f5i5wc"><div class="chakra-linkbox css-vhnn8v"><div data-testid="product-image" class="css-16dr4ly"><img alt="Farmer's Market Loaf Cake, Golden 390 g, $1.28/100g" src="https://assets.shop.loblaws.ca/products/20611092/b3/en/front/20611092_front_a06_@2.png" srcset="https://assets.shop.loblaws.ca/products/20611092/b3/en/front/20611092_front_a06_@2.png 1x, https://assets.shop.loblaws.ca/products/20611092/b3/en/front/20611092_front_a06_@2.png 2x" loading="lazy" class="chakra-image css-oguq8l" aria-hidden="true"></div><div class="css-qoklea"><div class="css-12dchmx"></div><div data-testid="price-product-tile" class="css-8atqhb"><p class="chakra-text css-0"><span class="chakra-text css-pwnbcb" data-testid="regular-price"><span class="css-idkz9h">$5.00</span>$5.00</span></p></div><a href="/loaf-cake-golden/p/20611092_EA?source=nspt" class="chakra-linkbox__overlay css-1hnz6hu"><div class="css-0"><p class="chakra-text css-1ecdp9w" data-testid="product-brand">Farmer's Market</p><h3 class="chakra-heading css-6qrhwc" id="20611092_EA" data-testid="product-title">Loaf Cake, Golden</h3><p class="chakra-text css-1yftjin" data-testid="product-package-size">390 g, $1.28/100g</p></div></a><div class="css-8keand"></div></div><div class="css-1q5omjq"><div class="css-fcebb8"><div data-testid="atc-compact" class="css-y94ivq" style="width: 45px;"><button type="button" class="chakra-button css-mudsm6" data-testid="atc-button"><svg stroke="currentColor" fill="currentColor" stroke-width="0" viewBox="0 0 24 24" focusable="false" class="chakra-icon css-1g3sp7a" data-testid="btn-icon" aria-hidden="true" height="1em" width="1em" xmlns="http://www.w3.org/2000/svg"><path d="M19 13h-6v6h-2v-6H5v-2h6V5h2v6h6v2z"></path></svg><span class="css-idkz9h">Add Loaf Cake, Golden to cart</span></button></div></div></div></div></div></div><div class="css-0"><div class="css-f5i5wc"><div class="chakra-linkbox css-vhnn8v"><div data-testid="product-image" class="css-16dr4ly"><img alt="Farmer's Market Loaf Cake, Marble 390 g, $1.28/100g" src="https://assets.shop.loblaws.ca/products/20611096/b3/en/front/20611096_front_a06_@2.png" srcset="https://assets.shop.loblaws.ca/products/20611096/b3/en/front/20611096_front_a06_@2.png 1x, https://assets.shop.loblaws.ca/products/20611096/b3/en/front/20611096_front_a06_@2.png 2x" loading="lazy" class="chakra-image css-oguq8l" aria-hidden="true"></div><div class="css-qoklea"><div class="css-12dchmx"></div><div data-testid="price-product-tile" class="css-8atqhb"><p class="chakra-text css-0"><span class="chakra-text css-pwnbcb" data-testid="regular-price"><span class="css-idkz9h">$5.00</span>$5.00</span></p></div><a href="/loaf-cake-marble/p/20611096_EA?source=nspt" class="chakra-linkbox__overlay css-1hnz6hu"><div class="css-0"><p class="chakra-text css-1ecdp9w" data-testid="product-brand">Farmer's Market</p><h3 class="chakra-heading css-6qrhwc" id="20611096_EA" data-testid="product-title">Loaf Cake, Marble</h3><p class="chakra-text css-1yftjin" data-testid="product-package-size">390 g, $1.28/100g</p></div></a><div class="css-8keand"></div></div><div class="css-1q5omjq"><div class="css-fcebb8"><div data-testid="atc-compact" class="css-y94ivq" style="width: 45px;"><button type="button" class="chakra-button css-mudsm6" data-testid="atc-button"><svg stroke="currentColor" fill="currentColor" stroke-width="0" viewBox="0 0 24 24" focusable="false" class="chakra-icon css-1g3sp7a" data-testid="btn-icon" aria-hidden="true" height="1em" width="1em" xmlns="http://www.w3.org/2000/svg"><path d="M19 13h-6v6h-2v-6H5v-2h6V5h2v6h6v2z"></path></svg><span class="css-idkz9h">Add Loaf Cake, Marble to cart</span></button></div></div></div></div></div></div><div class="css-0"><div class="css-f5i5wc"><div class="chakra-linkbox css-vhnn8v"><div data-testid="product-image" class="css-16dr4ly"><img alt="Farmer's Market Mini Angel Food Cakes 270 g, $1.85/100g" src="https://assets.shop.loblaws.ca/products/21313112/b3/en/front/21313112_front_a06_@2.png" srcset="https://assets.shop.loblaws.ca/products/21313112/b3/en/front/21313112_front_a06_@2.png 1x, https://assets.shop.loblaws.ca/products/21313112/b3/en/front/21313112_front_a06_@2.png 2x" loading="lazy" class="chakra-image css-oguq8l" aria-hidden="true"></div><div class="css-qoklea"><div class="css-12dchmx"></div><div data-testid="price-product-tile" class="css-8atqhb"><p class="chakra-text css-0"><span class="chakra-text css-pwnbcb" data-testid="regular-price"><span class="css-idkz9h">$5.00</span>$5.00</span></p></div><a href="/mini-angel-food-cakes/p/21313112_EA?source=nspt" class="chakra-linkbox__overlay css-1hnz6hu"><div class="css-0"><p class="chakra-text css-1ecdp9w" data-testid="product-brand">Farmer's Market</p><h3 class="chakra-heading css-6qrhwc" id="21313112_EA" data-testid="product-title">Mini Angel Food Cakes</h3><p class="chakra-text css-1yftjin" data-testid="product-package-size">270 g, $1.85/100g</p></div></a><div class="css-8keand"></div></div><div class="css-1q5omjq"><div class="css-fcebb8"><div data-testid="atc-compact" class="css-y94ivq" style="width: 45px;"><button type="button" class="chakra-button css-mudsm6" data-testid="atc-button"><svg stroke="currentColor" fill="currentColor" stroke-width="0" viewBox="0 0 24 24" focusable="false" class="chakra-icon css-1g3sp7a" data-testid="btn-icon" aria-hidden="true" height="1em" width="1em" xmlns="http://www.w3.org/2000/svg"><path d="M19 13h-6v6h-2v-6H5v-2h6V5h2v6h6v2z"></path></svg><span class="css-idkz9h">Add Mini Angel Food Cakes to cart</span></button></div></div></div></div></div></div><div class="css-0"><div class="css-f5i5wc"><div class="chakra-linkbox css-vhnn8v"><div data-testid="product-image" class="css-16dr4ly"><img alt="Farmer's Market Angel Food Cake 283 g, $1.77/100g" src="https://assets.shop.loblaws.ca/products/21313115/b3/en/front/21313115_front_a06_@2.png" srcset="https://assets.shop.loblaws.ca/products/21313115/b3/en/front/21313115_front_a06_@2.png 1x, https://assets.shop.loblaws.ca/products/21313115/b3/en/front/21313115_front_a06_@2.png 2x" loading="lazy" class="chakra-image css-oguq8l" aria-hidden="true"></div><div class="css-qoklea"><div class="css-12dchmx"></div><div data-testid="price-product-tile" class="css-8atqhb"><p class="chakra-text css-0"><span class="chakra-text css-pwnbcb" data-testid="regular-price"><span class="css-idkz9h">$5.00</span>$5.00</span></p></div><a href="/angel-food-cake/p/21313115_EA?source=nspt" class="chakra-linkbox__overlay css-1hnz6hu"><div class="css-0"><p class="chakra-text css-1ecdp9w" data-testid="product-brand">Farmer's Market</p><h3 class="chakra-heading css-6qrhwc" id="21313115_EA" data-testid="product-title">Angel Food Cake</h3><p class="chakra-text css-1yftjin" data-testid="product-package-size">283 g, $1.77/100g</p></div></a><div class="css-8keand"></div></div><div class="css-1q5omjq"><div class="css-fcebb8"><div data-testid="atc-compact" class="css-y94ivq" style="width: 45px;"><button type="button" class="chakra-button css-mudsm6" data-testid="atc-button"><svg stroke="currentColor" fill="currentColor" stroke-width="0" viewBox="0 0 24 24" focusable="false" class="chakra-icon css-1g3sp7a" data-testid="btn-icon" aria-hidden="true" height="1em" width="1em" xmlns="http://www.w3.org/2000/svg"><path d="M19 13h-6v6h-2v-6H5v-2h6V5h2v6h6v2z"></path></svg><span class="css-idkz9h">Add Angel Food Cake to cart</span></button></div></div></div></div></div></div><div class="css-0"><div class="css-f5i5wc"><div class="chakra-linkbox css-vhnn8v"><div data-testid="product-image" class="css-16dr4ly"><img alt="two-bite Mini Vanilla Cupcakes 12 Pack 284 g, $1.41/100g" src="https://assets.shop.loblaws.ca/products/21298140/b3/en/front/21298140_front_a06_@2.png" srcset="https://assets.shop.loblaws.ca/products/21298140/b3/en/front/21298140_front_a06_@2.png 1x, https://assets.shop.loblaws.ca/products/21298140/b3/en/front/21298140_front_a06_@2.png 2x" loading="lazy" class="chakra-image css-oguq8l" aria-hidden="true"></div><div class="css-qoklea"><div class="css-12dchmx"></div><div data-testid="price-product-tile" class="css-8atqhb"><p class="chakra-text css-0"><span class="chakra-text css-pwnbcb" data-testid="regular-price"><span class="css-idkz9h">$4.00</span>$4.00</span></p></div><a href="/mini-vanilla-cupcakes-12-pack/p/21298140_EA?source=nspt" class="chakra-linkbox__overlay css-1hnz6hu"><div class="css-0"><p class="chakra-text css-1ecdp9w" data-testid="product-brand">two-bite</p><h3 class="chakra-heading css-6qrhwc" id="21298140_EA" data-testid="product-title">Mini Vanilla Cupcakes 12 Pack</h3><p class="chakra-text css-1yftjin" data-testid="product-package-size">284 g, $1.41/100g</p></div></a><div class="css-8keand"></div></div><div class="css-1q5omjq"><div class="css-fcebb8"><div data-testid="atc-compact" class="css-y94ivq" style="width: 45px;"><button type="button" class="chakra-button css-mudsm6" data-testid="atc-button"><svg stroke="currentColor" fill="currentColor" stroke-width="0" viewBox="0 0 24 24" focusable="false" class="chakra-icon css-1g3sp7a" data-testid="btn-icon" aria-hidden="true" height="1em" width="1em" xmlns="http://www.w3.org/2000/svg"><path d="M19 13h-6v6h-2v-6H5v-2h6V5h2v6h6v2z"></path></svg><span class="css-idkz9h">Add Mini Vanilla Cupcakes 12 Pack to cart</span></button></div></div></div></div></div></div><div class="css-0"><div class="css-f5i5wc"><div class="chakra-linkbox css-vhnn8v"><div data-testid="product-image" class="css-16dr4ly"><img alt="Farmer's Market Tuxedo Cake 753 g, $1.66/100g" src="https://assets.shop.loblaws.ca/products/21500612/b3/en/front/21500612_front_a06_@2.png" srcset="https://assets.shop.loblaws.ca/products/21500612/b3/en/front/21500612_front_a06_@2.png 1x, https://assets.shop.loblaws.ca/products/21500612/b3/en/front/21500612_front_a06_@2.png 2x" loading="lazy" class="chakra-image css-oguq8l" aria-hidden="true"></div><div class="css-qoklea"><div class="css-12dchmx"></div><div data-testid="price-product-tile" class="css-8atqhb"><p class="chakra-text css-0"><span class="chakra-text css-pwnbcb" data-testid="regular-price"><span class="css-idkz9h">$12.50</span>$12.50</span></p></div><a href="/tuxedo-cake/p/21500612_EA?source=nspt" class="chakra-linkbox__overlay css-1hnz6hu"><div class="css-0"><p class="chakra-text css-1ecdp9w" data-testid="product-brand">Farmer's Market</p><h3 class="chakra-heading css-6qrhwc" id="21500612_EA" data-testid="product-title">Tuxedo Cake</h3><p class="chakra-text css-1yftjin" data-testid="product-package-size">753 g, $1.66/100g</p></div></a><div class="css-8keand"></div></div><div class="css-1q5omjq"><div class="css-fcebb8"><div data-testid="atc-compact" class="css-y94ivq" style="width: 45px;"><button type="button" class="chakra-button css-mudsm6" data-testid="atc-button"><svg stroke="currentColor" fill="currentColor" stroke-width="0" viewBox="0 0 24 24" focusable="false" class="chakra-icon css-1g3sp7a" data-testid="btn-icon" aria-hidden="true" height="1em" width="1em" xmlns="http://www.w3.org/2000/svg"><path d="M19 13h-6v6h-2v-6H5v-2h6V5h2v6h6v2z"></path></svg><span class="css-idkz9h">Add Tuxedo Cake to cart</span></button></div></div></div></div></div></div><div class="css-0"><div class="css-f5i5wc"><div class="chakra-linkbox css-vhnn8v"><div data-testid="product-image" class="css-16dr4ly"><img alt="two-bite Cupcakes Assorted 284 g, $1.65/100g" src="https://assets.shop.loblaws.ca/products/21530130/b3/en/front/21530130_front_a06_@2.png" srcset="https://assets.shop.loblaws.ca/products/21530130/b3/en/front/21530130_front_a06_@2.png 1x, https://assets.shop.loblaws.ca/products/21530130/b3/en/front/21530130_front_a06_@2.png 2x" loading="lazy" class="chakra-image css-oguq8l" aria-hidden="true"></div><div class="css-qoklea"><div class="css-12dchmx"></div><div data-testid="price-product-tile" class="css-8atqhb"><p class="chakra-text css-0"><span class="chakra-text css-pwnbcb" data-testid="regular-price"><span class="css-idkz9h">$4.69</span>$4.69</span></p></div><a href="/cupcakes-assorted/p/21530130_EA?source=nspt" class="chakra-linkbox__overlay css-1hnz6hu"><div class="css-0"><p class="chakra-text css-1ecdp9w" data-testid="product-brand">two-bite</p><h3 class="chakra-heading css-6qrhwc" id="21530130_EA" data-testid="product-title">Cupcakes Assorted</h3><p class="chakra-text css-1yftjin" data-testid="product-package-size">284 g, $1.65/100g</p></div></a><div class="css-8keand"></div></div><div class="css-1q5omjq"><div class="css-fcebb8"><div data-testid="atc-compact" class="css-y94ivq" style="width: 45px;"><button disabled="" type="button" class="chakra-button css-mudsm6" data-testid="atc-button"><svg stroke="currentColor" fill="currentColor" stroke-width="0" viewBox="0 0 24 24" focusable="false" class="chakra-icon css-1g3sp7a" data-testid="btn-icon" aria-hidden="true" height="1em" width="1em" xmlns="http://www.w3.org/2000/svg"><path d="M19 13h-6v6h-2v-6H5v-2h6V5h2v6h6v2z"></path></svg><span class="css-idkz9h">Add Cupcakes Assorted to cart</span></button></div></div><div class="css-4saf4a"><p class="chakra-text css-py8788" data-testid="inventory-badge-text">Out of Stock</p></div></div></div></div></div><div class="css-0"><div class="css-f5i5wc"><div class="chakra-linkbox css-vhnn8v"><div data-testid="product-image" class="css-16dr4ly"><img alt="President's Choice Meringue Nests  96 g, $5.21/100g" src="https://assets.shop.loblaws.ca/products/21572454/b3/en/front/21572454_front_a06_@2.png" srcset="https://assets.shop.loblaws.ca/products/21572454/b3/en/front/21572454_front_a06_@2.png 1x, https://assets.shop.loblaws.ca/products/21572454/b3/en/front/21572454_front_a06_@2.png 2x" loading="lazy" class="chakra-image css-oguq8l" aria-hidden="true"></div><div class="css-qoklea"><div class="css-12dchmx"></div><div data-testid="price-product-tile" class="css-8atqhb"><p class="chakra-text css-0"><span class="chakra-text css-pwnbcb" data-testid="regular-price"><span class="css-idkz9h">$5.00</span>$5.00</span></p></div><a href="/meringue-nests/p/21572454_EA?source=nspt" class="chakra-linkbox__overlay css-1hnz6hu"><div class="css-0"><p class="chakra-text css-1ecdp9w" data-testid="product-brand">President's Choice</p><h3 class="chakra-heading css-6qrhwc" id="21572454_EA" data-testid="product-title">Meringue Nests </h3><p class="chakra-text css-1yftjin" data-testid="product-package-size">96 g, $5.21/100g</p></div></a><div class="css-8keand"></div></div><div class="css-1q5omjq"><div class="css-fcebb8"><div data-testid="atc-compact" class="css-y94ivq" style="width: 45px;"><button type="button" class="chakra-button css-mudsm6" data-testid="atc-button"><svg stroke="currentColor" fill="currentColor" stroke-width="0" viewBox="0 0 24 24" focusable="false" class="chakra-icon css-1g3sp7a" data-testid="btn-icon" aria-hidden="true" height="1em" width="1em" xmlns="http://www.w3.org/2000/svg"><path d="M19 13h-6v6h-2v-6H5v-2h6V5h2v6h6v2z"></path></svg><span class="css-idkz9h">Add Meringue Nests  to cart</span></button></div></div></div></div></div></div><div class="css-0"><div class="css-f5i5wc"><div class="chakra-linkbox css-vhnn8v"><div data-testid="product-image" class="css-16dr4ly"><img alt="Farmer's Market Strawberry Shortcake 755 g, $1.66/100g" src="https://assets.shop.loblaws.ca/products/21500763/b3/en/front/21500763_front_a06_@2.png" srcset="https://assets.shop.loblaws.ca/products/21500763/b3/en/front/21500763_front_a06_@2.png 1x, https://assets.shop.loblaws.ca/products/21500763/b3/en/front/21500763_front_a06_@2.png 2x" loading="lazy" class="chakra-image css-oguq8l" aria-hidden="true"></div><div class="css-qoklea"><div class="css-12dchmx"></div><div data-testid="price-product-tile" class="css-8atqhb"><p class="chakra-text css-0"><span class="chakra-text css-pwnbcb" data-testid="regular-price"><span class="css-idkz9h">$12.50</span>$12.50</span></p></div><a href="/strawberry-shortcake/p/21500763_EA?source=nspt" class="chakra-linkbox__overlay css-1hnz6hu"><div class="css-0"><p class="chakra-text css-1ecdp9w" data-testid="product-brand">Farmer's Market</p><h3 class="chakra-heading css-6qrhwc" id="21500763_EA" data-testid="product-title">Strawberry Shortcake</h3><p class="chakra-text css-1yftjin" data-testid="product-package-size">755 g, $1.66/100g</p></div></a><div class="css-8keand"></div></div><div class="css-1q5omjq"><div class="css-fcebb8"><div data-testid="atc-compact" class="css-y94ivq" style="width: 45px;"><button type="button" class="chakra-button css-mudsm6" data-testid="atc-button"><svg stroke="currentColor" fill="currentColor" stroke-width="0" viewBox="0 0 24 24" focusable="false" class="chakra-icon css-1g3sp7a" data-testid="btn-icon" aria-hidden="true" height="1em" width="1em" xmlns="http://www.w3.org/2000/svg"><path d="M19 13h-6v6h-2v-6H5v-2h6V5h2v6h6v2z"></path></svg><span class="css-idkz9h">Add Strawberry Shortcake to cart</span></button></div></div></div></div></div></div><div class="css-0"><div class="css-f5i5wc"><div class="chakra-linkbox css-vhnn8v"><div data-testid="product-image" class="css-16dr4ly"><img alt="two-bite Mini Chocolate Cupcakes 12 Pack 284 g, $1.41/100g" src="https://assets.shop.loblaws.ca/products/21298138/b3/en/front/21298138_front_a06_@2.png" srcset="https://assets.shop.loblaws.ca/products/21298138/b3/en/front/21298138_front_a06_@2.png 1x, https://assets.shop.loblaws.ca/products/21298138/b3/en/front/21298138_front_a06_@2.png 2x" loading="lazy" class="chakra-image css-oguq8l" aria-hidden="true"></div><div class="css-qoklea"><div class="css-12dchmx"></div><div data-testid="price-product-tile" class="css-8atqhb"><p class="chakra-text css-0"><span class="chakra-text css-pwnbcb" data-testid="regular-price"><span class="css-idkz9h">$4.00</span>$4.00</span></p></div><a href="/mini-chocolate-cupcakes-12-pack/p/21298138_EA?source=nspt" class="chakra-linkbox__overlay css-1hnz6hu"><div class="css-0"><p class="chakra-text css-1ecdp9w" data-testid="product-brand">two-bite</p><h3 class="chakra-heading css-6qrhwc" id="21298138_EA" data-testid="product-title">Mini Chocolate Cupcakes 12 Pack</h3><p class="chakra-text css-1yftjin" data-testid="product-package-size">284 g, $1.41/100g</p></div></a><div class="css-8keand"></div></div><div class="css-1q5omjq"><div class="css-fcebb8"><div data-testid="atc-compact" class="css-y94ivq" style="width: 45px;"><button type="button" class="chakra-button css-mudsm6" data-testid="atc-button"><svg stroke="currentColor" fill="currentColor" stroke-width="0" viewBox="0 0 24 24" focusable="false" class="chakra-icon css-1g3sp7a" data-testid="btn-icon" aria-hidden="true" height="1em" width="1em" xmlns="http://www.w3.org/2000/svg"><path d="M19 13h-6v6h-2v-6H5v-2h6V5h2v6h6v2z"></path></svg><span class="css-idkz9h">Add Mini Chocolate Cupcakes 12 Pack to cart</span></button></div></div></div></div></div></div><div class="css-0"><div class="css-f5i5wc"><div class="chakra-linkbox css-vhnn8v"><div data-testid="product-image" class="css-16dr4ly"><img alt="Farmer's Market Chocolate Coffee Cake 500 g, $1.20/100g" src="https://assets.shop.loblaws.ca/products/21582945/b3/en/front/21582945_front_a06_@2.png" srcset="https://assets.shop.loblaws.ca/products/21582945/b3/en/front/21582945_front_a06_@2.png 1x, https://assets.shop.loblaws.ca/products/21582945/b3/en/front/21582945_front_a06_@2.png 2x" loading="lazy" class="chakra-image css-oguq8l" aria-hidden="true"></div><div class="css-qoklea"><div class="css-12dchmx"><div class="chakra-badge css-34x0wr" data-testid="product-badge"><div class="css-u4p24i">New</div></div></div><div data-testid="price-product-tile" class="css-8atqhb"><p class="chakra-text css-0"><span class="chakra-text css-pwnbcb" data-testid="regular-price"><span class="css-idkz9h">$6.00</span>$6.00</span></p></div><a href="/chocolate-coffee-cake/p/21582945_EA?source=nspt" class="chakra-linkbox__overlay css-1hnz6hu"><div class="css-0"><p class="chakra-text css-1ecdp9w" data-testid="product-brand">Farmer's Market</p><h3 class="chakra-heading css-6qrhwc" id="21582945_EA" data-testid="product-title">Chocolate Coffee Cake</h3><p class="chakra-text css-1yftjin" data-testid="product-package-size">500 g, $1.20/100g</p></div></a><div class="css-8keand"></div></div><div class="css-1q5omjq"><div class="css-fcebb8"><div data-testid="atc-compact" class="css-y94ivq" style="width: 45px;"><button type="button" class="chakra-button css-mudsm6" data-testid="atc-button"><svg stroke="currentColor" fill="currentColor" stroke-width="0" viewBox="0 0 24 24" focusable="false" class="chakra-icon css-1g3sp7a" data-testid="btn-icon" aria-hidden="true" height="1em" width="1em" xmlns="http://www.w3.org/2000/svg"><path d="M19 13h-6v6h-2v-6H5v-2h6V5h2v6h6v2z"></path></svg><span class="css-idkz9h">Add Chocolate Coffee Cake to cart</span></button></div></div></div></div></div></div><div class="css-0"><div class="css-f5i5wc"><div class="chakra-linkbox css-vhnn8v"><div data-testid="product-image" class="css-16dr4ly"><img alt="Farmer's Market Cinnamon Coffee Cake 500 g, $1.20/100g" src="https://assets.shop.loblaws.ca/products/21583022/b3/en/front/21583022_front_a06_@2.png" srcset="https://assets.shop.loblaws.ca/products/21583022/b3/en/front/21583022_front_a06_@2.png 1x, https://assets.shop.loblaws.ca/products/21583022/b3/en/front/21583022_front_a06_@2.png 2x" loading="lazy" class="chakra-image css-oguq8l" aria-hidden="true"></div><div class="css-qoklea"><div class="css-12dchmx"><div class="chakra-badge css-34x0wr" data-testid="product-badge"><div class="css-u4p24i">New</div></div></div><div data-testid="price-product-tile" class="css-8atqhb"><p class="chakra-text css-0"><span class="chakra-text css-pwnbcb" data-testid="regular-price"><span class="css-idkz9h">$6.00</span>$6.00</span></p></div><a href="/cinnamon-coffee-cake/p/21583022_EA?source=nspt" class="chakra-linkbox__overlay css-1hnz6hu"><div class="css-0"><p class="chakra-text css-1ecdp9w" data-testid="product-brand">Farmer's Market</p><h3 class="chakra-heading css-6qrhwc" id="21583022_EA" data-testid="product-title">Cinnamon Coffee Cake</h3><p class="chakra-text css-1yftjin" data-testid="product-package-size">500 g, $1.20/100g</p></div></a><div class="css-8keand"></div></div><div class="css-1q5omjq"><div class="css-fcebb8"><div data-testid="atc-compact" class="css-y94ivq" style="width: 45px;"><button type="button" class="chakra-button css-mudsm6" data-testid="atc-button"><svg stroke="currentColor" fill="currentColor" stroke-width="0" viewBox="0 0 24 24" focusable="false" class="chakra-icon css-1g3sp7a" data-testid="btn-icon" aria-hidden="true" height="1em" width="1em" xmlns="http://www.w3.org/2000/svg"><path d="M19 13h-6v6h-2v-6H5v-2h6V5h2v6h6v2z"></path></svg><span class="css-idkz9h">Add Cinnamon Coffee Cake to cart</span></button></div></div></div></div></div></div><div class="css-0"><div class="css-f5i5wc"><div class="chakra-linkbox css-vhnn8v"><div data-testid="product-image" class="css-16dr4ly"><img alt="Farmer's Market Tiramisu Cake 675 g, $1.85/100g" src="https://assets.shop.loblaws.ca/products/21500693/b3/en/front/21500693_front_a06_@2.png" srcset="https://assets.shop.loblaws.ca/products/21500693/b3/en/front/21500693_front_a06_@2.png 1x, https://assets.shop.loblaws.ca/products/21500693/b3/en/front/21500693_front_a06_@2.png 2x" loading="lazy" class="chakra-image css-oguq8l" aria-hidden="true"></div><div class="css-qoklea"><div class="css-12dchmx"></div><div data-testid="price-product-tile" class="css-8atqhb"><p class="chakra-text css-0"><span class="chakra-text css-pwnbcb" data-testid="regular-price"><span class="css-idkz9h">$12.50</span>$12.50</span></p></div><a href="/tiramisu-cake/p/21500693_EA?source=nspt" class="chakra-linkbox__overlay css-1hnz6hu"><div class="css-0"><p class="chakra-text css-1ecdp9w" data-testid="product-brand">Farmer's Market</p><h3 class="chakra-heading css-6qrhwc" id="21500693_EA" data-testid="product-title">Tiramisu Cake</h3><p class="chakra-text css-1yftjin" data-testid="product-package-size">675 g, $1.85/100g</p></div></a><div class="css-8keand"></div></div><div class="css-1q5omjq"><div class="css-fcebb8"><div data-testid="atc-compact" class="css-y94ivq" style="width: 45px;"><button type="button" class="chakra-button css-mudsm6" data-testid="atc-button"><svg stroke="currentColor" fill="currentColor" stroke-width="0" viewBox="0 0 24 24" focusable="false" class="chakra-icon css-1g3sp7a" data-testid="btn-icon" aria-hidden="true" height="1em" width="1em" xmlns="http://www.w3.org/2000/svg"><path d="M19 13h-6v6h-2v-6H5v-2h6V5h2v6h6v2z"></path></svg><span class="css-idkz9h">Add Tiramisu Cake to cart</span></button></div></div></div></div></div></div><div class="css-0"><div class="css-f5i5wc"><div class="chakra-linkbox css-vhnn8v"><div data-testid="product-image" class="css-16dr4ly"><img alt="Old Mill Marble Loaf Cakes, Club Pack 1170 g, $0.68/100g" src="https://assets.shop.loblaws.ca/products/20974175/b3/en/front/20974175_front_a06_@2.png" srcset="https://assets.shop.loblaws.ca/products/20974175/b3/en/front/20974175_front_a06_@2.png 1x, https://assets.shop.loblaws.ca/products/20974175/b3/en/front/20974175_front_a06_@2.png 2x" loading="lazy" class="chakra-image css-oguq8l" aria-hidden="true"></div><div class="css-qoklea"><div class="css-12dchmx"></div><div data-testid="price-product-tile" class="css-8atqhb"><p class="chakra-text css-0"><span class="chakra-text css-pwnbcb" data-testid="regular-price"><span class="css-idkz9h">$8.00</span>$8.00</span></p></div><a href="/marble-loaf-cakes-club-pack/p/20974175_EA?source=nspt" class="chakra-linkbox__overlay css-1hnz6hu"><div class="css-0"><p class="chakra-text css-1ecdp9w" data-testid="product-brand">Old Mill</p><h3 class="chakra-heading css-6qrhwc" id="20974175_EA" data-testid="product-title">Marble Loaf Cakes, Club Pack</h3><p class="chakra-text css-1yftjin" data-testid="product-package-size">1170 g, $0.68/100g</p></div></a><div class="css-8keand"></div></div><div class="css-1q5omjq"><div class="css-fcebb8"><div data-testid="atc-compact" class="css-y94ivq" style="width: 45px;"><button type="button" class="chakra-button css-mudsm6" data-testid="atc-button"><svg stroke="currentColor" fill="currentColor" stroke-width="0" viewBox="0 0 24 24" focusable="false" class="chakra-icon css-1g3sp7a" data-testid="btn-icon" aria-hidden="true" height="1em" width="1em" xmlns="http://www.w3.org/2000/svg"><path d="M19 13h-6v6h-2v-6H5v-2h6V5h2v6h6v2z"></path></svg><span class="css-idkz9h">Add Marble Loaf Cakes, Club Pack to cart</span></button></div></div></div></div></div></div><div class="css-0"><div class="css-f5i5wc"><div class="chakra-linkbox css-vhnn8v"><div data-testid="product-image" class="css-16dr4ly"><img alt="Farmer's Market Marble Coffee Cake 500 g, $1.20/100g" src="https://assets.shop.loblaws.ca/products/21582953/b3/en/front/21582953_front_a06_@2.png" srcset="https://assets.shop.loblaws.ca/products/21582953/b3/en/front/21582953_front_a06_@2.png 1x, https://assets.shop.loblaws.ca/products/21582953/b3/en/front/21582953_front_a06_@2.png 2x" loading="lazy" class="chakra-image css-oguq8l" aria-hidden="true"></div><div class="css-qoklea"><div class="css-12dchmx"><div class="chakra-badge css-34x0wr" data-testid="product-badge"><div class="css-u4p24i">New</div></div></div><div data-testid="price-product-tile" class="css-8atqhb"><p class="chakra-text css-0"><span class="chakra-text css-pwnbcb" data-testid="regular-price"><span class="css-idkz9h">$6.00</span>$6.00</span></p></div><a href="/marble-coffee-cake/p/21582953_EA?source=nspt" class="chakra-linkbox__overlay css-1hnz6hu"><div class="css-0"><p class="chakra-text css-1ecdp9w" data-testid="product-brand">Farmer's Market</p><h3 class="chakra-heading css-6qrhwc" id="21582953_EA" data-testid="product-title">Marble Coffee Cake</h3><p class="chakra-text css-1yftjin" data-testid="product-package-size">500 g, $1.20/100g</p></div></a><div class="css-8keand"></div></div><div class="css-1q5omjq"><div class="css-fcebb8"><div data-testid="atc-compact" class="css-y94ivq" style="width: 45px;"><button type="button" class="chakra-button css-mudsm6" data-testid="atc-button"><svg stroke="currentColor" fill="currentColor" stroke-width="0" viewBox="0 0 24 24" focusable="false" class="chakra-icon css-1g3sp7a" data-testid="btn-icon" aria-hidden="true" height="1em" width="1em" xmlns="http://www.w3.org/2000/svg"><path d="M19 13h-6v6h-2v-6H5v-2h6V5h2v6h6v2z"></path></svg><span class="css-idkz9h">Add Marble Coffee Cake to cart</span></button></div></div></div></div></div></div><div class="css-0"><div class="css-f5i5wc"><div class="chakra-linkbox css-vhnn8v"><div data-testid="product-image" class="css-16dr4ly"><img alt="Farmer's Market Lemon Coffee Cake 500 g, $1.20/100g" src="https://assets.shop.loblaws.ca/products/21582859/b3/en/front/21582859_front_a06_@2.png" srcset="https://assets.shop.loblaws.ca/products/21582859/b3/en/front/21582859_front_a06_@2.png 1x, https://assets.shop.loblaws.ca/products/21582859/b3/en/front/21582859_front_a06_@2.png 2x" loading="lazy" class="chakra-image css-oguq8l" aria-hidden="true"></div><div class="css-qoklea"><div class="css-12dchmx"><div class="chakra-badge css-34x0wr" data-testid="product-badge"><div class="css-u4p24i">New</div></div></div><div data-testid="price-product-tile" class="css-8atqhb"><p class="chakra-text css-0"><span class="chakra-text css-pwnbcb" data-testid="regular-price"><span class="css-idkz9h">$6.00</span>$6.00</span></p></div><a href="/lemon-coffee-cake/p/21582859_EA?source=nspt" class="chakra-linkbox__overlay css-1hnz6hu"><div class="css-0"><p class="chakra-text css-1ecdp9w" data-testid="product-brand">Farmer's Market</p><h3 class="chakra-heading css-6qrhwc" id="21582859_EA" data-testid="product-title">Lemon Coffee Cake</h3><p class="chakra-text css-1yftjin" data-testid="product-package-size">500 g, $1.20/100g</p></div></a><div class="css-8keand"></div></div><div class="css-1q5omjq"><div class="css-fcebb8"><div data-testid="atc-compact" class="css-y94ivq" style="width: 45px;"><button type="button" class="chakra-button css-mudsm6" data-testid="atc-button"><svg stroke="currentColor" fill="currentColor" stroke-width="0" viewBox="0 0 24 24" focusable="false" class="chakra-icon css-1g3sp7a" data-testid="btn-icon" aria-hidden="true" height="1em" width="1em" xmlns="http://www.w3.org/2000/svg"><path d="M19 13h-6v6h-2v-6H5v-2h6V5h2v6h6v2z"></path></svg><span class="css-idkz9h">Add Lemon Coffee Cake to cart</span></button></div></div></div></div></div></div><div class="css-0"><div class="css-f5i5wc"><div class="chakra-linkbox css-vhnn8v"><div data-testid="product-image" class="css-16dr4ly"><img alt="Charlottes Chocolate Fudge Cake 6&quot; 475 g, $1.26/100g" src="https://assets.shop.loblaws.ca/products/20970813/b3/en/front/20970813_front_a06_@2.png" srcset="https://assets.shop.loblaws.ca/products/20970813/b3/en/front/20970813_front_a06_@2.png 1x, https://assets.shop.loblaws.ca/products/20970813/b3/en/front/20970813_front_a06_@2.png 2x" loading="lazy" class="chakra-image css-oguq8l" aria-hidden="true"></div><div class="css-qoklea"><div class="css-12dchmx"></div><div data-testid="price-product-tile" class="css-8atqhb"><p class="chakra-text css-0"><span class="chakra-text css-pwnbcb" data-testid="regular-price"><span class="css-idkz9h">$6.00</span>$6.00</span></p></div><a href="/chocolate-fudge-cake-6/p/20970813_EA?source=nspt" class="chakra-linkbox__overlay css-1hnz6hu"><div class="css-0"><p class="chakra-text css-1ecdp9w" data-testid="product-brand">Charlottes</p><h3 class="chakra-heading css-6qrhwc" id="20970813_EA" data-testid="product-title">Chocolate Fudge Cake 6"</h3><p class="chakra-text css-1yftjin" data-testid="product-package-size">475 g, $1.26/100g</p></div></a><div class="css-8keand"></div></div><div class="css-1q5omjq"><div class="css-fcebb8"><div data-testid="atc-compact" class="css-y94ivq" style="width: 45px;"><button type="button" class="chakra-button css-mudsm6" data-testid="atc-button"><svg stroke="currentColor" fill="currentColor" stroke-width="0" viewBox="0 0 24 24" focusable="false" class="chakra-icon css-1g3sp7a" data-testid="btn-icon" aria-hidden="true" height="1em" width="1em" xmlns="http://www.w3.org/2000/svg"><path d="M19 13h-6v6h-2v-6H5v-2h6V5h2v6h6v2z"></path></svg><span class="css-idkz9h">Add Chocolate Fudge Cake 6" to cart</span></button></div></div></div></div></div></div><div class="css-0"><div class="css-f5i5wc"><div class="chakra-linkbox css-vhnn8v"><div data-testid="product-image" class="css-16dr4ly"><img alt="President's Choice Sliced Cheesecake Selection, 12 slices 1 kg, $1.90/100g" src="https://assets.shop.loblaws.ca/products/20599530/b3/en/front/20599530_front_a06_@2.png" srcset="https://assets.shop.loblaws.ca/products/20599530/b3/en/front/20599530_front_a06_@2.png 1x, https://assets.shop.loblaws.ca/products/20599530/b3/en/front/20599530_front_a06_@2.png 2x" loading="lazy" class="chakra-image css-oguq8l" aria-hidden="true"></div><div class="css-qoklea"><div class="css-12dchmx"></div><div data-testid="price-product-tile" class="css-8atqhb"><p class="chakra-text css-0"><span class="chakra-text css-pwnbcb" data-testid="regular-price"><span class="css-idkz9h">$19.00</span>$19.00</span></p></div><a href="/sliced-cheesecake-selection-12-slices/p/20599530_EA?source=nspt" class="chakra-linkbox__overlay css-1hnz6hu"><div class="css-0"><p class="chakra-text css-1ecdp9w" data-testid="product-brand">President's Choice</p><h3 class="chakra-heading css-6qrhwc" id="20599530_EA" data-testid="product-title">Sliced Cheesecake Selection, 12 slices</h3><p class="chakra-text css-1yftjin" data-testid="product-package-size">1 kg, $1.90/100g</p></div></a><div class="css-8keand"></div></div><div class="css-1q5omjq"><div class="css-fcebb8"><div data-testid="atc-compact" class="css-y94ivq" style="width: 45px;"><button type="button" class="chakra-button css-mudsm6" data-testid="atc-button"><svg stroke="currentColor" fill="currentColor" stroke-width="0" viewBox="0 0 24 24" focusable="false" class="chakra-icon css-1g3sp7a" data-testid="btn-icon" aria-hidden="true" height="1em" width="1em" xmlns="http://www.w3.org/2000/svg"><path d="M19 13h-6v6h-2v-6H5v-2h6V5h2v6h6v2z"></path></svg><span class="css-idkz9h">Add Sliced Cheesecake Selection, 12 slices to cart</span></button></div></div></div></div></div></div><div class="css-0"><div class="css-f5i5wc"><div class="chakra-linkbox css-vhnn8v"><div data-testid="product-image" class="css-16dr4ly"><img alt="Farmer's Market Waffles 420 g, $1.55/100g" src="https://assets.shop.loblaws.ca/products/21396165/b3/en/front/21396165_front_a06_@2.png" srcset="https://assets.shop.loblaws.ca/products/21396165/b3/en/front/21396165_front_a06_@2.png 1x, https://assets.shop.loblaws.ca/products/21396165/b3/en/front/21396165_front_a06_@2.png 2x" loading="lazy" class="chakra-image css-oguq8l" aria-hidden="true"></div><div class="css-qoklea"><div class="css-12dchmx"></div><div data-testid="price-product-tile" class="css-8atqhb"><p class="chakra-text css-0"><span class="chakra-text css-pwnbcb" data-testid="regular-price"><span class="css-idkz9h">$6.50</span>$6.50</span></p></div><a href="/waffles/p/21396165_EA?source=nspt" class="chakra-linkbox__overlay css-1hnz6hu"><div class="css-0"><p class="chakra-text css-1ecdp9w" data-testid="product-brand">Farmer's Market</p><h3 class="chakra-heading css-6qrhwc" id="21396165_EA" data-testid="product-title">Waffles</h3><p class="chakra-text css-1yftjin" data-testid="product-package-size">420 g, $1.55/100g</p></div></a><div class="css-8keand"></div></div><div class="css-1q5omjq"><div class="css-fcebb8"><div data-testid="atc-compact" class="css-y94ivq" style="width: 45px;"><button type="button" class="chakra-button css-mudsm6" data-testid="atc-button"><svg stroke="currentColor" fill="currentColor" stroke-width="0" viewBox="0 0 24 24" focusable="false" class="chakra-icon css-1g3sp7a" data-testid="btn-icon" aria-hidden="true" height="1em" width="1em" xmlns="http://www.w3.org/2000/svg"><path d="M19 13h-6v6h-2v-6H5v-2h6V5h2v6h6v2z"></path></svg><span class="css-idkz9h">Add Waffles to cart</span></button></div></div></div></div></div></div><div class="css-0"><div class="css-f5i5wc"><div class="chakra-linkbox css-vhnn8v"><div data-testid="product-image" class="css-16dr4ly"><img alt="President's Choice Gluten Free Strawberry Cake  553 g, $2.35/100g" src="https://assets.shop.loblaws.ca/products/20794367/b3/en/front/20794367_front_a06_@2.png" srcset="https://assets.shop.loblaws.ca/products/20794367/b3/en/front/20794367_front_a06_@2.png 1x, https://assets.shop.loblaws.ca/products/20794367/b3/en/front/20794367_front_a06_@2.png 2x" loading="lazy" class="chakra-image css-oguq8l" aria-hidden="true"></div><div class="css-qoklea"><div class="css-12dchmx"></div><div data-testid="price-product-tile" class="css-8atqhb"><p class="chakra-text css-0"><span class="chakra-text css-pwnbcb" data-testid="regular-price"><span class="css-idkz9h">$13.00</span>$13.00</span></p></div><a href="/gluten-free-strawberry-cake/p/20794367_EA?source=nspt" class="chakra-linkbox__overlay css-1hnz6hu"><div class="css-0"><p class="chakra-text css-1ecdp9w" data-testid="product-brand">President's Choice</p><h3 class="chakra-heading css-6qrhwc" id="20794367_EA" data-testid="product-title">Gluten Free Strawberry Cake </h3><p class="chakra-text css-1yftjin" data-testid="product-package-size">553 g, $2.35/100g</p></div></a><div class="css-8keand"></div></div><div class="css-1q5omjq"><div class="css-fcebb8"><div data-testid="atc-compact" class="css-y94ivq" style="width: 45px;"><button type="button" class="chakra-button css-mudsm6" data-testid="atc-button"><svg stroke="currentColor" fill="currentColor" stroke-width="0" viewBox="0 0 24 24" focusable="false" class="chakra-icon css-1g3sp7a" data-testid="btn-icon" aria-hidden="true" height="1em" width="1em" xmlns="http://www.w3.org/2000/svg"><path d="M19 13h-6v6h-2v-6H5v-2h6V5h2v6h6v2z"></path></svg><span class="css-idkz9h">Add Gluten Free Strawberry Cake  to cart</span></button></div></div></div></div></div></div><div class="css-0"><div class="css-f5i5wc"><div class="chakra-linkbox css-vhnn8v"><div data-testid="product-image" class="css-16dr4ly"><img alt="two-bite Cupcakes Strawberry 284 g, $1.41/100g" src="https://assets.shop.loblaws.ca/products/21598066/b3/en/front/21598066_front_a06_@2.png" srcset="https://assets.shop.loblaws.ca/products/21598066/b3/en/front/21598066_front_a06_@2.png 1x, https://assets.shop.loblaws.ca/products/21598066/b3/en/front/21598066_front_a06_@2.png 2x" loading="lazy" class="chakra-image css-oguq8l" aria-hidden="true"></div><div class="css-qoklea"><div class="css-12dchmx"><div class="chakra-badge css-34x0wr" data-testid="product-badge"><div class="css-u4p24i">New</div></div></div><div data-testid="price-product-tile" class="css-8atqhb"><p class="chakra-text css-0"><span class="chakra-text css-pwnbcb" data-testid="regular-price"><span class="css-idkz9h">$4.00</span>$4.00</span></p></div><a href="/cupcakes-strawberry/p/21598066_EA?source=nspt" class="chakra-linkbox__overlay css-1hnz6hu"><div class="css-0"><p class="chakra-text css-1ecdp9w" data-testid="product-brand">two-bite</p><h3 class="chakra-heading css-6qrhwc" id="21598066_EA" data-testid="product-title">Cupcakes Strawberry</h3><p class="chakra-text css-1yftjin" data-testid="product-package-size">284 g, $1.41/100g</p></div></a><div class="css-8keand"></div></div><div class="css-1q5omjq"><div class="css-fcebb8"><div data-testid="atc-compact" class="css-y94ivq" style="width: 45px;"><button disabled="" type="button" class="chakra-button css-mudsm6" data-testid="atc-button"><svg stroke="currentColor" fill="currentColor" stroke-width="0" viewBox="0 0 24 24" focusable="false" class="chakra-icon css-1g3sp7a" data-testid="btn-icon" aria-hidden="true" height="1em" width="1em" xmlns="http://www.w3.org/2000/svg"><path d="M19 13h-6v6h-2v-6H5v-2h6V5h2v6h6v2z"></path></svg><span class="css-idkz9h">Add Cupcakes Strawberry to cart</span></button></div></div><div class="css-4saf4a"><p class="chakra-text css-py8788" data-testid="inventory-badge-text">Out of Stock</p></div></div></div></div></div><div class="css-0"><div class="css-f5i5wc"><div class="chakra-linkbox css-vhnn8v"><div data-testid="product-image" class="css-16dr4ly"><img alt="President's Choice Cherry-Topped New York-Style Cheesecake 600 g, $1.83/100g" src="https://assets.shop.loblaws.ca/products/20147627/b3/en/front/20147627_front_a06_@2.png" srcset="https://assets.shop.loblaws.ca/products/20147627/b3/en/front/20147627_front_a06_@2.png 1x, https://assets.shop.loblaws.ca/products/20147627/b3/en/front/20147627_front_a06_@2.png 2x" loading="lazy" class="chakra-image css-oguq8l" aria-hidden="true"></div><div class="css-qoklea"><div class="css-12dchmx"></div><div data-testid="price-product-tile" class="css-8atqhb"><p class="chakra-text css-0"><span class="chakra-text css-pwnbcb" data-testid="regular-price"><span class="css-idkz9h">$11.00</span>$11.00</span></p></div><a href="/cherry-topped-new-york-style-cheesecake/p/20147627_EA?source=nspt" class="chakra-linkbox__overlay css-1hnz6hu"><div class="css-0"><p class="chakra-text css-1ecdp9w" data-testid="product-brand">President's Choice</p><h3 class="chakra-heading css-6qrhwc" id="20147627_EA" data-testid="product-title">Cherry-Topped New York-Style Cheesecake</h3><p class="chakra-text css-1yftjin" data-testid="product-package-size">600 g, $1.83/100g</p></div></a><div class="css-8keand"></div></div><div class="css-1q5omjq"><div class="css-fcebb8"><div data-testid="atc-compact" class="css-y94ivq" style="width: 45px;"><button type="button" class="chakra-button css-mudsm6" data-testid="atc-button"><svg stroke="currentColor" fill="currentColor" stroke-width="0" viewBox="0 0 24 24" focusable="false" class="chakra-icon css-1g3sp7a" data-testid="btn-icon" aria-hidden="true" height="1em" width="1em" xmlns="http://www.w3.org/2000/svg"><path d="M19 13h-6v6h-2v-6H5v-2h6V5h2v6h6v2z"></path></svg><span class="css-idkz9h">Add Cherry-Topped New York-Style Cheesecake to cart</span></button></div></div></div></div></div></div><div class="css-0"><div class="css-f5i5wc"><div class="chakra-linkbox css-vhnn8v"><div data-testid="product-image" class="css-16dr4ly"><img alt="Charlottes Black Forest Cake 6&quot; 400 g, $1.50/100g" src="https://assets.shop.loblaws.ca/products/20970811/b3/en/front/20970811_front_a06_@2.png" srcset="https://assets.shop.loblaws.ca/products/20970811/b3/en/front/20970811_front_a06_@2.png 1x, https://assets.shop.loblaws.ca/products/20970811/b3/en/front/20970811_front_a06_@2.png 2x" loading="lazy" class="chakra-image css-oguq8l" aria-hidden="true"></div><div class="css-qoklea"><div class="css-12dchmx"></div><div data-testid="price-product-tile" class="css-8atqhb"><p class="chakra-text css-0"><span class="chakra-text css-pwnbcb" data-testid="regular-price"><span class="css-idkz9h">$6.00</span>$6.00</span></p></div><a href="/black-forest-cake-6/p/20970811_EA?source=nspt" class="chakra-linkbox__overlay css-1hnz6hu"><div class="css-0"><p class="chakra-text css-1ecdp9w" data-testid="product-brand">Charlottes</p><h3 class="chakra-heading css-6qrhwc" id="20970811_EA" data-testid="product-title">Black Forest Cake 6"</h3><p class="chakra-text css-1yftjin" data-testid="product-package-size">400 g, $1.50/100g</p></div></a><div class="css-8keand"></div></div><div class="css-1q5omjq"><div class="css-fcebb8"><div data-testid="atc-compact" class="css-y94ivq" style="width: 45px;"><button type="button" class="chakra-button css-mudsm6" data-testid="atc-button"><svg stroke="currentColor" fill="currentColor" stroke-width="0" viewBox="0 0 24 24" focusable="false" class="chakra-icon css-1g3sp7a" data-testid="btn-icon" aria-hidden="true" height="1em" width="1em" xmlns="http://www.w3.org/2000/svg"><path d="M19 13h-6v6h-2v-6H5v-2h6V5h2v6h6v2z"></path></svg><span class="css-idkz9h">Add Black Forest Cake 6" to cart</span></button></div></div></div></div></div></div><div class="css-0"><div class="css-f5i5wc"><div class="chakra-linkbox css-vhnn8v"><div data-testid="product-image" class="css-16dr4ly"><img alt="President's Choice Gluten Free Chocolate Cake 553 g, $2.35/100g" src="https://assets.shop.loblaws.ca/products/20794594/b3/en/front/20794594_front_a06_@2.png" srcset="https://assets.shop.loblaws.ca/products/20794594/b3/en/front/20794594_front_a06_@2.png 1x, https://assets.shop.loblaws.ca/products/20794594/b3/en/front/20794594_front_a06_@2.png 2x" loading="lazy" class="chakra-image css-oguq8l" aria-hidden="true"></div><div class="css-qoklea"><div class="css-12dchmx"></div><div data-testid="price-product-tile" class="css-8atqhb"><p class="chakra-text css-0"><span class="chakra-text css-pwnbcb" data-testid="regular-price"><span class="css-idkz9h">$13.00</span>$13.00</span></p></div><a href="/gluten-free-chocolate-cake/p/20794594_EA?source=nspt" class="chakra-linkbox__overlay css-1hnz6hu"><div class="css-0"><p class="chakra-text css-1ecdp9w" data-testid="product-brand">President's Choice</p><h3 class="chakra-heading css-6qrhwc" id="20794594_EA" data-testid="product-title">Gluten Free Chocolate Cake</h3><p class="chakra-text css-1yftjin" data-testid="product-package-size">553 g, $2.35/100g</p></div></a><div class="css-8keand"></div></div><div class="css-1q5omjq"><div class="css-fcebb8"><div data-testid="atc-compact" class="css-y94ivq" style="width: 45px;"><button type="button" class="chakra-button css-mudsm6" data-testid="atc-button"><svg stroke="currentColor" fill="currentColor" stroke-width="0" viewBox="0 0 24 24" focusable="false" class="chakra-icon css-1g3sp7a" data-testid="btn-icon" aria-hidden="true" height="1em" width="1em" xmlns="http://www.w3.org/2000/svg"><path d="M19 13h-6v6h-2v-6H5v-2h6V5h2v6h6v2z"></path></svg><span class="css-idkz9h">Add Gluten Free Chocolate Cake to cart</span></button></div></div></div></div></div></div><div class="css-0"><div class="css-f5i5wc"><div class="chakra-linkbox css-vhnn8v"><div data-testid="product-image" class="css-16dr4ly"><img alt="President's Choice Double Decker New York-Style Cheesecake 600 g, $1.83/100g" src="https://assets.shop.loblaws.ca/products/20287738/b3/en/front/20287738_front_a06_@2.png" srcset="https://assets.shop.loblaws.ca/products/20287738/b3/en/front/20287738_front_a06_@2.png 1x, https://assets.shop.loblaws.ca/products/20287738/b3/en/front/20287738_front_a06_@2.png 2x" loading="lazy" class="chakra-image css-oguq8l" aria-hidden="true"></div><div class="css-qoklea"><div class="css-12dchmx"></div><div data-testid="price-product-tile" class="css-8atqhb"><p class="chakra-text css-0"><span class="chakra-text css-pwnbcb" data-testid="regular-price"><span class="css-idkz9h">$11.00</span>$11.00</span></p></div><a href="/double-decker-new-york-style-cheesecake/p/20287738_EA?source=nspt" class="chakra-linkbox__overlay css-1hnz6hu"><div class="css-0"><p class="chakra-text css-1ecdp9w" data-testid="product-brand">President's Choice</p><h3 class="chakra-heading css-6qrhwc" id="20287738_EA" data-testid="product-title">Double Decker New York-Style Cheesecake</h3><p class="chakra-text css-1yftjin" data-testid="product-package-size">600 g, $1.83/100g</p></div></a><div class="css-8keand"></div></div><div class="css-1q5omjq"><div class="css-fcebb8"><div data-testid="atc-compact" class="css-y94ivq" style="width: 45px;"><button type="button" class="chakra-button css-mudsm6" data-testid="atc-button"><svg stroke="currentColor" fill="currentColor" stroke-width="0" viewBox="0 0 24 24" focusable="false" class="chakra-icon css-1g3sp7a" data-testid="btn-icon" aria-hidden="true" height="1em" width="1em" xmlns="http://www.w3.org/2000/svg"><path d="M19 13h-6v6h-2v-6H5v-2h6V5h2v6h6v2z"></path></svg><span class="css-idkz9h">Add Double Decker New York-Style Cheesecake to cart</span></button></div></div></div></div></div></div><div class="css-0"><div class="css-f5i5wc"><div class="chakra-linkbox css-vhnn8v"><div data-testid="product-image" class="css-16dr4ly"><img alt="Charlottes Cookies &amp; Cream Cake 6&quot; 400 g, $1.50/100g" src="https://assets.shop.loblaws.ca/products/21003336/b3/en/front/21003336_front_a06_@2.png" srcset="https://assets.shop.loblaws.ca/products/21003336/b3/en/front/21003336_front_a06_@2.png 1x, https://assets.shop.loblaws.ca/products/21003336/b3/en/front/21003336_front_a06_@2.png 2x" loading="lazy" class="chakra-image css-oguq8l" aria-hidden="true"></div><div class="css-qoklea"><div class="css-12dchmx"></div><div data-testid="price-product-tile" class="css-8atqhb"><p class="chakra-text css-0"><span class="chakra-text css-pwnbcb" data-testid="regular-price"><span class="css-idkz9h">$6.00</span>$6.00</span></p></div><a href="/cookies-cream-cake-6/p/21003336_EA?source=nspt" class="chakra-linkbox__overlay css-1hnz6hu"><div class="css-0"><p class="chakra-text css-1ecdp9w" data-testid="product-brand">Charlottes</p><h3 class="chakra-heading css-6qrhwc" id="21003336_EA" data-testid="product-title">Cookies &amp; Cream Cake 6"</h3><p class="chakra-text css-1yftjin" data-testid="product-package-size">400 g, $1.50/100g</p></div></a><div class="css-8keand"></div></div><div class="css-1q5omjq"><div class="css-fcebb8"><div data-testid="atc-compact" class="css-y94ivq" style="width: 45px;"><button type="button" class="chakra-button css-mudsm6" data-testid="atc-button"><svg stroke="currentColor" fill="currentColor" stroke-width="0" viewBox="0 0 24 24" focusable="false" class="chakra-icon css-1g3sp7a" data-testid="btn-icon" aria-hidden="true" height="1em" width="1em" xmlns="http://www.w3.org/2000/svg"><path d="M19 13h-6v6h-2v-6H5v-2h6V5h2v6h6v2z"></path></svg><span class="css-idkz9h">Add Cookies &amp; Cream Cake 6" to cart</span></button></div></div></div></div></div></div><div class="css-0"><div class="css-f5i5wc"><div class="chakra-linkbox css-vhnn8v"><div data-testid="product-image" class="css-16dr4ly"><img alt="President's Choice Original New York- Style Cheesecake 600 g, $1.83/100g" src="https://assets.shop.loblaws.ca/products/20318102/b3/en/front/20318102_front_a06_@2.png" srcset="https://assets.shop.loblaws.ca/products/20318102/b3/en/front/20318102_front_a06_@2.png 1x, https://assets.shop.loblaws.ca/products/20318102/b3/en/front/20318102_front_a06_@2.png 2x" loading="lazy" class="chakra-image css-oguq8l" aria-hidden="true"></div><div class="css-qoklea"><div class="css-12dchmx"></div><div data-testid="price-product-tile" class="css-8atqhb"><p class="chakra-text css-0"><span class="chakra-text css-pwnbcb" data-testid="regular-price"><span class="css-idkz9h">$11.00</span>$11.00</span></p></div><a href="/original-new-york-style-cheesecake/p/20318102_EA?source=nspt" class="chakra-linkbox__overlay css-1hnz6hu"><div class="css-0"><p class="chakra-text css-1ecdp9w" data-testid="product-brand">President's Choice</p><h3 class="chakra-heading css-6qrhwc" id="20318102_EA" data-testid="product-title">Original New York- Style Cheesecake</h3><p class="chakra-text css-1yftjin" data-testid="product-package-size">600 g, $1.83/100g</p></div></a><div class="css-8keand"></div></div><div class="css-1q5omjq"><div class="css-fcebb8"><div data-testid="atc-compact" class="css-y94ivq" style="width: 45px;"><button type="button" class="chakra-button css-mudsm6" data-testid="atc-button"><svg stroke="currentColor" fill="currentColor" stroke-width="0" viewBox="0 0 24 24" focusable="false" class="chakra-icon css-1g3sp7a" data-testid="btn-icon" aria-hidden="true" height="1em" width="1em" xmlns="http://www.w3.org/2000/svg"><path d="M19 13h-6v6h-2v-6H5v-2h6V5h2v6h6v2z"></path></svg><span class="css-idkz9h">Add Original New York- Style Cheesecake to cart</span></button></div></div></div></div></div></div><div class="css-0"><div class="css-f5i5wc"><div class="chakra-linkbox css-vhnn8v"><div data-testid="product-image" class="css-16dr4ly"><img alt="President's Choice Chocolate Caramel Pecan Cluster New York-Style Cheesecake 600 g, $1.83/100g" src="https://assets.shop.loblaws.ca/products/21395368/b3/en/front/21395368_front_a06_@2.png" srcset="https://assets.shop.loblaws.ca/products/21395368/b3/en/front/21395368_front_a06_@2.png 1x, https://assets.shop.loblaws.ca/products/21395368/b3/en/front/21395368_front_a06_@2.png 2x" loading="lazy" class="chakra-image css-oguq8l" aria-hidden="true"></div><div class="css-qoklea"><div class="css-12dchmx"></div><div data-testid="price-product-tile" class="css-8atqhb"><p class="chakra-text css-0"><span class="chakra-text css-pwnbcb" data-testid="regular-price"><span class="css-idkz9h">$11.00</span>$11.00</span></p></div><a href="/chocolate-caramel-pecan-cluster-new-york-style-che/p/21395368_EA?source=nspt" class="chakra-linkbox__overlay css-1hnz6hu"><div class="css-0"><p class="chakra-text css-1ecdp9w" data-testid="product-brand">President's Choice</p><h3 class="chakra-heading css-6qrhwc" id="21395368_EA" data-testid="product-title">Chocolate Caramel Pecan Cluster New York-Style Cheesecake</h3><p class="chakra-text css-1yftjin" data-testid="product-package-size">600 g, $1.83/100g</p></div></a><div class="css-8keand"></div></div><div class="css-1q5omjq"><div class="css-fcebb8"><div data-testid="atc-compact" class="css-y94ivq" style="width: 45px;"><button type="button" class="chakra-button css-mudsm6" data-testid="atc-button"><svg stroke="currentColor" fill="currentColor" stroke-width="0" viewBox="0 0 24 24" focusable="false" class="chakra-icon css-1g3sp7a" data-testid="btn-icon" aria-hidden="true" height="1em" width="1em" xmlns="http://www.w3.org/2000/svg"><path d="M19 13h-6v6h-2v-6H5v-2h6V5h2v6h6v2z"></path></svg><span class="css-idkz9h">Add Chocolate Caramel Pecan Cluster New York-Style Cheesecake to cart</span></button></div></div></div></div></div></div><div class="css-0"><div class="css-f5i5wc"><div class="chakra-linkbox css-vhnn8v"><div data-testid="product-image" class="css-16dr4ly"><img alt="Charlottes Carrot Cake 6&quot; 475 g, $1.26/100g" src="https://assets.shop.loblaws.ca/products/21002214/b3/en/front/21002214_front_a06_@2.png" srcset="https://assets.shop.loblaws.ca/products/21002214/b3/en/front/21002214_front_a06_@2.png 1x, https://assets.shop.loblaws.ca/products/21002214/b3/en/front/21002214_front_a06_@2.png 2x" loading="lazy" class="chakra-image css-oguq8l" aria-hidden="true"></div><div class="css-qoklea"><div class="css-12dchmx"></div><div data-testid="price-product-tile" class="css-8atqhb"><p class="chakra-text css-0"><span class="chakra-text css-pwnbcb" data-testid="regular-price"><span class="css-idkz9h">$6.00</span>$6.00</span></p></div><a href="/carrot-cake-6/p/21002214_EA?source=nspt" class="chakra-linkbox__overlay css-1hnz6hu"><div class="css-0"><p class="chakra-text css-1ecdp9w" data-testid="product-brand">Charlottes</p><h3 class="chakra-heading css-6qrhwc" id="21002214_EA" data-testid="product-title">Carrot Cake 6"</h3><p class="chakra-text css-1yftjin" data-testid="product-package-size">475 g, $1.26/100g</p></div></a><div class="css-8keand"></div></div><div class="css-1q5omjq"><div class="css-fcebb8"><div data-testid="atc-compact" class="css-y94ivq" style="width: 45px;"><button type="button" class="chakra-button css-mudsm6" data-testid="atc-button"><svg stroke="currentColor" fill="currentColor" stroke-width="0" viewBox="0 0 24 24" focusable="false" class="chakra-icon css-1g3sp7a" data-testid="btn-icon" aria-hidden="true" height="1em" width="1em" xmlns="http://www.w3.org/2000/svg"><path d="M19 13h-6v6h-2v-6H5v-2h6V5h2v6h6v2z"></path></svg><span class="css-idkz9h">Add Carrot Cake 6" to cart</span></button></div></div></div></div></div></div><div class="css-0"><div class="css-f5i5wc"><div class="chakra-linkbox css-vhnn8v"><div data-testid="product-image" class="css-16dr4ly"><img alt="Farmer's Market Carrot Cake 875 g, $1.20/100g" src="https://assets.shop.loblaws.ca/products/21392550/b3/en/front/21392550_front_a06_@2.png" srcset="https://assets.shop.loblaws.ca/products/21392550/b3/en/front/21392550_front_a06_@2.png 1x, https://assets.shop.loblaws.ca/products/21392550/b3/en/front/21392550_front_a06_@2.png 2x" loading="lazy" class="chakra-image css-oguq8l" aria-hidden="true"></div><div class="css-qoklea"><div class="css-12dchmx"></div><div data-testid="price-product-tile" class="css-8atqhb"><p class="chakra-text css-0"><span class="chakra-text css-pwnbcb" data-testid="regular-price"><span class="css-idkz9h">$10.50</span>$10.50</span></p></div><a href="/carrot-cake/p/21392550_EA?source=nspt" class="chakra-linkbox__overlay css-1hnz6hu"><div class="css-0"><p class="chakra-text css-1ecdp9w" data-testid="product-brand">Farmer's Market</p><h3 class="chakra-heading css-6qrhwc" id="21392550_EA" data-testid="product-title">Carrot Cake</h3><p class="chakra-text css-1yftjin" data-testid="product-package-size">875 g, $1.20/100g</p></div></a><div class="css-8keand"></div></div><div class="css-1q5omjq"><div class="css-fcebb8"><div data-testid="atc-compact" class="css-y94ivq" style="width: 45px;"><button type="button" class="chakra-button css-mudsm6" data-testid="atc-button"><svg stroke="currentColor" fill="currentColor" stroke-width="0" viewBox="0 0 24 24" focusable="false" class="chakra-icon css-1g3sp7a" data-testid="btn-icon" aria-hidden="true" height="1em" width="1em" xmlns="http://www.w3.org/2000/svg"><path d="M19 13h-6v6h-2v-6H5v-2h6V5h2v6h6v2z"></path></svg><span class="css-idkz9h">Add Carrot Cake to cart</span></button></div></div></div></div></div></div><div class="css-0"><div class="css-f5i5wc"><div class="chakra-linkbox css-vhnn8v"><div data-testid="product-image" class="css-16dr4ly"><img alt="Charlottes Cake Vanilla Celebration 475 g, $1.26/100g" src="https://assets.shop.loblaws.ca/products/21381555/b3/en/front/21381555_front_a06_@2.png" srcset="https://assets.shop.loblaws.ca/products/21381555/b3/en/front/21381555_front_a06_@2.png 1x, https://assets.shop.loblaws.ca/products/21381555/b3/en/front/21381555_front_a06_@2.png 2x" loading="lazy" class="chakra-image css-oguq8l" aria-hidden="true"></div><div class="css-qoklea"><div class="css-12dchmx"></div><div data-testid="price-product-tile" class="css-8atqhb"><p class="chakra-text css-0"><span class="chakra-text css-pwnbcb" data-testid="regular-price"><span class="css-idkz9h">$6.00</span>$6.00</span></p></div><a href="/cake-vanilla-celebration/p/21381555_EA?source=nspt" class="chakra-linkbox__overlay css-1hnz6hu"><div class="css-0"><p class="chakra-text css-1ecdp9w" data-testid="product-brand">Charlottes</p><h3 class="chakra-heading css-6qrhwc" id="21381555_EA" data-testid="product-title">Cake Vanilla Celebration</h3><p class="chakra-text css-1yftjin" data-testid="product-package-size">475 g, $1.26/100g</p></div></a><div class="css-8keand"></div></div><div class="css-1q5omjq"><div class="css-fcebb8"><div data-testid="atc-compact" class="css-y94ivq" style="width: 45px;"><button type="button" class="chakra-button css-mudsm6" data-testid="atc-button"><svg stroke="currentColor" fill="currentColor" stroke-width="0" viewBox="0 0 24 24" focusable="false" class="chakra-icon css-1g3sp7a" data-testid="btn-icon" aria-hidden="true" height="1em" width="1em" xmlns="http://www.w3.org/2000/svg"><path d="M19 13h-6v6h-2v-6H5v-2h6V5h2v6h6v2z"></path></svg><span class="css-idkz9h">Add Cake Vanilla Celebration to cart</span></button></div></div></div></div></div></div><div class="css-0"><div class="css-f5i5wc"><div class="chakra-linkbox css-vhnn8v"><div data-testid="product-image" class="css-16dr4ly"><img alt="Farmer's Market Cake Black Forest 1200 g, $1.42/100g" src="https://assets.shop.loblaws.ca/products/21591636/b3/en/front/21591636_front_a06_@2.png" srcset="https://assets.shop.loblaws.ca/products/21591636/b3/en/front/21591636_front_a06_@2.png 1x, https://assets.shop.loblaws.ca/products/21591636/b3/en/front/21591636_front_a06_@2.png 2x" loading="lazy" class="chakra-image css-oguq8l" aria-hidden="true"></div><div class="css-qoklea"><div class="css-12dchmx"></div><div data-testid="price-product-tile" class="css-8atqhb"><p class="chakra-text css-0"><span class="chakra-text css-pwnbcb" data-testid="regular-price"><span class="css-idkz9h">$17.00</span>$17.00</span></p></div><a href="/cake-black-forest/p/21591636_EA?source=nspt" class="chakra-linkbox__overlay css-1hnz6hu"><div class="css-0"><p class="chakra-text css-1ecdp9w" data-testid="product-brand">Farmer's Market</p><h3 class="chakra-heading css-6qrhwc" id="21591636_EA" data-testid="product-title">Cake Black Forest</h3><p class="chakra-text css-1yftjin" data-testid="product-package-size">1200 g, $1.42/100g</p></div></a><div class="css-8keand"></div></div><div class="css-1q5omjq"><div class="css-fcebb8"><div data-testid="atc-compact" class="css-y94ivq" style="width: 45px;"><button disabled="" type="button" class="chakra-button css-mudsm6" data-testid="atc-button"><svg stroke="currentColor" fill="currentColor" stroke-width="0" viewBox="0 0 24 24" focusable="false" class="chakra-icon css-1g3sp7a" data-testid="btn-icon" aria-hidden="true" height="1em" width="1em" xmlns="http://www.w3.org/2000/svg"><path d="M19 13h-6v6h-2v-6H5v-2h6V5h2v6h6v2z"></path></svg><span class="css-idkz9h">Add Cake Black Forest to cart</span></button></div></div><div class="css-4saf4a"><p class="chakra-text css-py8788" data-testid="inventory-badge-text">Out of Stock</p></div></div></div></div></div><div class="css-0"><div class="css-f5i5wc"><div class="chakra-linkbox css-vhnn8v"><div data-testid="product-image" class="css-16dr4ly"><img alt="Farmer's Market Cake Chocolate 1.5 kg, $1.13/100g" src="https://assets.shop.loblaws.ca/products/21193724/b3/en/front/21193724_front_a06_@2.png" srcset="https://assets.shop.loblaws.ca/products/21193724/b3/en/front/21193724_front_a06_@2.png 1x, https://assets.shop.loblaws.ca/products/21193724/b3/en/front/21193724_front_a06_@2.png 2x" loading="lazy" class="chakra-image css-oguq8l" aria-hidden="true"></div><div class="css-qoklea"><div class="css-12dchmx"></div><div data-testid="price-product-tile" class="css-8atqhb"><p class="chakra-text css-0"><span class="chakra-text css-pwnbcb" data-testid="regular-price"><span class="css-idkz9h">$17.00</span>$17.00</span></p></div><a href="/cake-chocolate/p/21193724_EA?source=nspt" class="chakra-linkbox__overlay css-1hnz6hu"><div class="css-0"><p class="chakra-text css-1ecdp9w" data-testid="product-brand">Farmer's Market</p><h3 class="chakra-heading css-6qrhwc" id="21193724_EA" data-testid="product-title">Cake Chocolate</h3><p class="chakra-text css-1yftjin" data-testid="product-package-size">1.5 kg, $1.13/100g</p></div></a><div class="css-8keand"></div></div><div class="css-1q5omjq"><div class="css-fcebb8"><div data-testid="atc-compact" class="css-y94ivq" style="width: 45px;"><button disabled="" type="button" class="chakra-button css-mudsm6" data-testid="atc-button"><svg stroke="currentColor" fill="currentColor" stroke-width="0" viewBox="0 0 24 24" focusable="false" class="chakra-icon css-1g3sp7a" data-testid="btn-icon" aria-hidden="true" height="1em" width="1em" xmlns="http://www.w3.org/2000/svg"><path d="M19 13h-6v6h-2v-6H5v-2h6V5h2v6h6v2z"></path></svg><span class="css-idkz9h">Add Cake Chocolate to cart</span></button></div></div><div class="css-4saf4a"><p class="chakra-text css-py8788" data-testid="inventory-badge-text">Out of Stock</p></div></div></div></div></div><div class="css-0"><div class="css-f5i5wc"><div class="chakra-linkbox css-vhnn8v"><div data-testid="product-image" class="css-16dr4ly"><img alt="null Truffle Royale 600 g, $2.50/100g" src="https://assets.shop.loblaws.ca/products/20378142/b3/en/front/20378142_front_a06_@2.png" srcset="https://assets.shop.loblaws.ca/products/20378142/b3/en/front/20378142_front_a06_@2.png 1x, https://assets.shop.loblaws.ca/products/20378142/b3/en/front/20378142_front_a06_@2.png 2x" loading="lazy" class="chakra-image css-oguq8l" aria-hidden="true"></div><div class="css-qoklea"><div class="css-12dchmx"></div><div data-testid="price-product-tile" class="css-8atqhb"><p class="chakra-text css-0"><span class="chakra-text css-pwnbcb" data-testid="regular-price"><span class="css-idkz9h">$15.00</span>$15.00</span></p></div><a href="/truffle-royale/p/20378142_EA?source=nspt" class="chakra-linkbox__overlay css-1hnz6hu"><div class="css-0"><h3 class="chakra-heading css-6qrhwc" id="20378142_EA" data-testid="product-title">Truffle Royale</h3><p class="chakra-text css-1yftjin" data-testid="product-package-size">600 g, $2.50/100g</p></div></a><div class="css-8keand"></div></div><div class="css-1q5omjq"><div class="css-fcebb8"><div data-testid="atc-compact" class="css-y94ivq" style="width: 45px;"><button type="button" class="chakra-button css-mudsm6" data-testid="atc-button"><svg stroke="currentColor" fill="currentColor" stroke-width="0" viewBox="0 0 24 24" focusable="false" class="chakra-icon css-1g3sp7a" data-testid="btn-icon" aria-hidden="true" height="1em" width="1em" xmlns="http://www.w3.org/2000/svg"><path d="M19 13h-6v6h-2v-6H5v-2h6V5h2v6h6v2z"></path></svg><span class="css-idkz9h">Add Truffle Royale to cart</span></button></div></div><div class="css-4saf4a"><p class="chakra-text css-py8788" data-testid="inventory-badge-text">Low Stock</p></div></div></div></div></div><div class="css-0"><div class="css-f5i5wc"><div class="chakra-linkbox css-vhnn8v"><div data-testid="product-image" class="css-16dr4ly"><img alt="President's Choice Chocolate Brownie Cheesecake with Ganache Topping 600 g, $1.83/100g" src="https://assets.shop.loblaws.ca/products/20299699/b3/en/front/20299699_front_a06_@2.png" srcset="https://assets.shop.loblaws.ca/products/20299699/b3/en/front/20299699_front_a06_@2.png 1x, https://assets.shop.loblaws.ca/products/20299699/b3/en/front/20299699_front_a06_@2.png 2x" loading="lazy" class="chakra-image css-oguq8l" aria-hidden="true"></div><div class="css-qoklea"><div class="css-12dchmx"></div><div data-testid="price-product-tile" class="css-8atqhb"><p class="chakra-text css-0"><span class="chakra-text css-pwnbcb" data-testid="regular-price"><span class="css-idkz9h">$11.00</span>$11.00</span></p></div><a href="/chocolate-brownie-cheesecake-with-ganache-topping/p/20299699_EA?source=nspt" class="chakra-linkbox__overlay css-1hnz6hu"><div class="css-0"><p class="chakra-text css-1ecdp9w" data-testid="product-brand">President's Choice</p><h3 class="chakra-heading css-6qrhwc" id="20299699_EA" data-testid="product-title">Chocolate Brownie Cheesecake with Ganache Topping</h3><p class="chakra-text css-1yftjin" data-testid="product-package-size">600 g, $1.83/100g</p></div></a><div class="css-8keand"></div></div><div class="css-1q5omjq"><div class="css-fcebb8"><div data-testid="atc-compact" class="css-y94ivq" style="width: 45px;"><button type="button" class="chakra-button css-mudsm6" data-testid="atc-button"><svg stroke="currentColor" fill="currentColor" stroke-width="0" viewBox="0 0 24 24" focusable="false" class="chakra-icon css-1g3sp7a" data-testid="btn-icon" aria-hidden="true" height="1em" width="1em" xmlns="http://www.w3.org/2000/svg"><path d="M19 13h-6v6h-2v-6H5v-2h6V5h2v6h6v2z"></path></svg><span class="css-idkz9h">Add Chocolate Brownie Cheesecake with Ganache Topping to cart</span></button></div></div></div></div></div></div><div class="css-0"><div class="css-f5i5wc"><div class="chakra-linkbox css-vhnn8v"><div data-testid="product-image" class="css-16dr4ly"><img alt="Farmer's Market Banana Chocolate Chip Coffee Cake 500 g, $1.20/100g" src="https://assets.shop.loblaws.ca/products/21583031/b3/en/front/21583031_front_a06_@2.png" srcset="https://assets.shop.loblaws.ca/products/21583031/b3/en/front/21583031_front_a06_@2.png 1x, https://assets.shop.loblaws.ca/products/21583031/b3/en/front/21583031_front_a06_@2.png 2x" loading="lazy" class="chakra-image css-oguq8l" aria-hidden="true"></div><div class="css-qoklea"><div class="css-12dchmx"><div class="chakra-badge css-34x0wr" data-testid="product-badge"><div class="css-u4p24i">New</div></div></div><div data-testid="price-product-tile" class="css-8atqhb"><p class="chakra-text css-0"><span class="chakra-text css-pwnbcb" data-testid="regular-price"><span class="css-idkz9h">$6.00</span>$6.00</span></p></div><a href="/banana-chocolate-chip-coffee-cake/p/21583031_EA?source=nspt" class="chakra-linkbox__overlay css-1hnz6hu"><div class="css-0"><p class="chakra-text css-1ecdp9w" data-testid="product-brand">Farmer's Market</p><h3 class="chakra-heading css-6qrhwc" id="21583031_EA" data-testid="product-title">Banana Chocolate Chip Coffee Cake</h3><p class="chakra-text css-1yftjin" data-testid="product-package-size">500 g, $1.20/100g</p></div></a><div class="css-8keand"></div></div><div class="css-1q5omjq"><div class="css-fcebb8"><div data-testid="atc-compact" class="css-y94ivq" style="width: 45px;"><button type="button" class="chakra-button css-mudsm6" data-testid="atc-button"><svg stroke="currentColor" fill="currentColor" stroke-width="0" viewBox="0 0 24 24" focusable="false" class="chakra-icon css-1g3sp7a" data-testid="btn-icon" aria-hidden="true" height="1em" width="1em" xmlns="http://www.w3.org/2000/svg"><path d="M19 13h-6v6h-2v-6H5v-2h6V5h2v6h6v2z"></path></svg><span class="css-idkz9h">Add Banana Chocolate Chip Coffee Cake to cart</span></button></div></div></div></div></div></div><div class="css-0"><div class="css-f5i5wc"><div class="chakra-linkbox css-vhnn8v"><div data-testid="product-image" class="css-16dr4ly"><img alt="two-bite Vanilla Cupcakes 284 g, $1.41/100g" src="https://assets.shop.loblaws.ca/products/21296811/b3/en/front/21296811_front_a06_@2.png" srcset="https://assets.shop.loblaws.ca/products/21296811/b3/en/front/21296811_front_a06_@2.png 1x, https://assets.shop.loblaws.ca/products/21296811/b3/en/front/21296811_front_a06_@2.png 2x" loading="lazy" class="chakra-image css-oguq8l" aria-hidden="true"></div><div class="css-qoklea"><div class="css-12dchmx"></div><div data-testid="price-product-tile" class="css-8atqhb"><p class="chakra-text css-0"><span class="chakra-text css-pwnbcb" data-testid="regular-price"><span class="css-idkz9h">$4.00</span>$4.00</span></p></div><a href="/vanilla-cupcakes/p/21296811_EA?source=nspt" class="chakra-linkbox__overlay css-1hnz6hu"><div class="css-0"><p class="chakra-text css-1ecdp9w" data-testid="product-brand">two-bite</p><h3 class="chakra-heading css-6qrhwc" id="21296811_EA" data-testid="product-title">Vanilla Cupcakes</h3><p class="chakra-text css-1yftjin" data-testid="product-package-size">284 g, $1.41/100g</p></div></a><div class="css-8keand"></div></div><div class="css-1q5omjq"><div class="css-fcebb8"><div data-testid="atc-compact" class="css-y94ivq" style="width: 45px;"><button disabled="" type="button" class="chakra-button css-mudsm6" data-testid="atc-button"><svg stroke="currentColor" fill="currentColor" stroke-width="0" viewBox="0 0 24 24" focusable="false" class="chakra-icon css-1g3sp7a" data-testid="btn-icon" aria-hidden="true" height="1em" width="1em" xmlns="http://www.w3.org/2000/svg"><path d="M19 13h-6v6h-2v-6H5v-2h6V5h2v6h6v2z"></path></svg><span class="css-idkz9h">Add Vanilla Cupcakes to cart</span></button></div></div><div class="css-4saf4a"><p class="chakra-text css-py8788" data-testid="inventory-badge-text">Out of Stock</p></div></div></div></div></div><div class="css-0"><div class="css-f5i5wc"><div class="chakra-linkbox css-vhnn8v"><div data-testid="product-image" class="css-16dr4ly"><img alt="Farmer's Market Chocolate Cake 850 g, $1.24/100g" src="https://assets.shop.loblaws.ca/products/21392544/b3/en/front/21392544_front_a06_@2.png" srcset="https://assets.shop.loblaws.ca/products/21392544/b3/en/front/21392544_front_a06_@2.png 1x, https://assets.shop.loblaws.ca/products/21392544/b3/en/front/21392544_front_a06_@2.png 2x" loading="lazy" class="chakra-image css-oguq8l" aria-hidden="true"></div><div class="css-qoklea"><div class="css-12dchmx"></div><div data-testid="price-product-tile" class="css-8atqhb"><p class="chakra-text css-0"><span class="chakra-text css-pwnbcb" data-testid="regular-price"><span class="css-idkz9h">$10.50</span>$10.50</span></p></div><a href="/chocolate-cake/p/21392544_EA?source=nspt" class="chakra-linkbox__overlay css-1hnz6hu"><div class="css-0"><p class="chakra-text css-1ecdp9w" data-testid="product-brand">Farmer's Market</p><h3 class="chakra-heading css-6qrhwc" id="21392544_EA" data-testid="product-title">Chocolate Cake</h3><p class="chakra-text css-1yftjin" data-testid="product-package-size">850 g, $1.24/100g</p></div></a><div class="css-8keand"></div></div><div class="css-1q5omjq"><div class="css-fcebb8"><div data-testid="atc-compact" class="css-y94ivq" style="width: 45px;"><button type="button" class="chakra-button css-mudsm6" data-testid="atc-button"><svg stroke="currentColor" fill="currentColor" stroke-width="0" viewBox="0 0 24 24" focusable="false" class="chakra-icon css-1g3sp7a" data-testid="btn-icon" aria-hidden="true" height="1em" width="1em" xmlns="http://www.w3.org/2000/svg"><path d="M19 13h-6v6h-2v-6H5v-2h6V5h2v6h6v2z"></path></svg><span class="css-idkz9h">Add Chocolate Cake to cart</span></button></div></div></div></div></div></div><div class="css-0"><div class="css-f5i5wc"><div class="chakra-linkbox css-vhnn8v"><div data-testid="product-image" class="css-16dr4ly"><img alt="Farmer's Market Cake Vanilla 1.5 kg, $1.13/100g" src="https://assets.shop.loblaws.ca/products/21193721/b3/en/front/21193721_front_a06_@2.png" srcset="https://assets.shop.loblaws.ca/products/21193721/b3/en/front/21193721_front_a06_@2.png 1x, https://assets.shop.loblaws.ca/products/21193721/b3/en/front/21193721_front_a06_@2.png 2x" loading="lazy" class="chakra-image css-oguq8l" aria-hidden="true"></div><div class="css-qoklea"><div class="css-12dchmx"></div><div data-testid="price-product-tile" class="css-8atqhb"><p class="chakra-text css-0"><span class="chakra-text css-pwnbcb" data-testid="regular-price"><span class="css-idkz9h">$17.00</span>$17.00</span></p></div><a href="/cake-vanilla/p/21193721_EA?source=nspt" class="chakra-linkbox__overlay css-1hnz6hu"><div class="css-0"><p class="chakra-text css-1ecdp9w" data-testid="product-brand">Farmer's Market</p><h3 class="chakra-heading css-6qrhwc" id="21193721_EA" data-testid="product-title">Cake Vanilla</h3><p class="chakra-text css-1yftjin" data-testid="product-package-size">1.5 kg, $1.13/100g</p></div></a><div class="css-8keand"></div></div><div class="css-1q5omjq"><div class="css-fcebb8"><div data-testid="atc-compact" class="css-y94ivq" style="width: 45px;"><button disabled="" type="button" class="chakra-button css-mudsm6" data-testid="atc-button"><svg stroke="currentColor" fill="currentColor" stroke-width="0" viewBox="0 0 24 24" focusable="false" class="chakra-icon css-1g3sp7a" data-testid="btn-icon" aria-hidden="true" height="1em" width="1em" xmlns="http://www.w3.org/2000/svg"><path d="M19 13h-6v6h-2v-6H5v-2h6V5h2v6h6v2z"></path></svg><span class="css-idkz9h">Add Cake Vanilla to cart</span></button></div></div><div class="css-4saf4a"><p class="chakra-text css-py8788" data-testid="inventory-badge-text">Out of Stock</p></div></div></div></div></div><div class="css-0"><div class="css-f5i5wc"><div class="chakra-linkbox css-vhnn8v"><div data-testid="product-image" class="css-16dr4ly"><img alt="Anmol Fruitcake 340 g, $0.88/100g" src="https://assets.shop.loblaws.ca/products/20083566/b3/en/front/20083566_front_a06_@2.png" srcset="https://assets.shop.loblaws.ca/products/20083566/b3/en/front/20083566_front_a06_@2.png 1x, https://assets.shop.loblaws.ca/products/20083566/b3/en/front/20083566_front_a06_@2.png 2x" loading="lazy" class="chakra-image css-oguq8l" aria-hidden="true"></div><div class="css-qoklea"><div class="css-12dchmx"></div><div data-testid="price-product-tile" class="css-8atqhb"><p class="chakra-text css-0"><span class="chakra-text css-pwnbcb" data-testid="regular-price"><span class="css-idkz9h">$2.99</span>$2.99</span></p></div><a href="/fruitcake/p/20083566_EA?source=nspt" class="chakra-linkbox__overlay css-1hnz6hu"><div class="css-0"><p class="chakra-text css-1ecdp9w" data-testid="product-brand">Anmol</p><h3 class="chakra-heading css-6qrhwc" id="20083566_EA" data-testid="product-title">Fruitcake</h3><p class="chakra-text css-1yftjin" data-testid="product-package-size">340 g, $0.88/100g</p></div></a><div class="css-8keand"></div></div><div class="css-1q5omjq"><div class="css-fcebb8"><div data-testid="atc-compact" class="css-y94ivq" style="width: 45px;"><button type="button" class="chakra-button css-mudsm6" data-testid="atc-button"><svg stroke="currentColor" fill="currentColor" stroke-width="0" viewBox="0 0 24 24" focusable="false" class="chakra-icon css-1g3sp7a" data-testid="btn-icon" aria-hidden="true" height="1em" width="1em" xmlns="http://www.w3.org/2000/svg"><path d="M19 13h-6v6h-2v-6H5v-2h6V5h2v6h6v2z"></path></svg><span class="css-idkz9h">Add Fruitcake to cart</span></button></div></div></div></div></div></div><div class="css-0"><div class="css-f5i5wc"><div class="chakra-linkbox css-vhnn8v"><div data-testid="product-image" class="css-16dr4ly"><img alt="President's Choice Wild Blueberry-Topped New York-Style Cheesecake 600 g, $1.83/100g" src="https://assets.shop.loblaws.ca/products/20305400/b3/en/front/20305400_front_a06_@2.png" srcset="https://assets.shop.loblaws.ca/products/20305400/b3/en/front/20305400_front_a06_@2.png 1x, https://assets.shop.loblaws.ca/products/20305400/b3/en/front/20305400_front_a06_@2.png 2x" loading="lazy" class="chakra-image css-oguq8l" aria-hidden="true"></div><div class="css-qoklea"><div class="css-12dchmx"></div><div data-testid="price-product-tile" class="css-8atqhb"><p class="chakra-text css-0"><span class="chakra-text css-pwnbcb" data-testid="regular-price"><span class="css-idkz9h">$11.00</span>$11.00</span></p></div><a href="/wild-blueberry-topped-new-york-style-cheesecake/p/20305400_EA?source=nspt" class="chakra-linkbox__overlay css-1hnz6hu"><div class="css-0"><p class="chakra-text css-1ecdp9w" data-testid="product-brand">President's Choice</p><h3 class="chakra-heading css-6qrhwc" id="20305400_EA" data-testid="product-title">Wild Blueberry-Topped New York-Style Cheesecake</h3><p class="chakra-text css-1yftjin" data-testid="product-package-size">600 g, $1.83/100g</p></div></a><div class="css-8keand"></div></div><div class="css-1q5omjq"><div class="css-fcebb8"><div data-testid="atc-compact" class="css-y94ivq" style="width: 45px;"><button type="button" class="chakra-button css-mudsm6" data-testid="atc-button"><svg stroke="currentColor" fill="currentColor" stroke-width="0" viewBox="0 0 24 24" focusable="false" class="chakra-icon css-1g3sp7a" data-testid="btn-icon" aria-hidden="true" height="1em" width="1em" xmlns="http://www.w3.org/2000/svg"><path d="M19 13h-6v6h-2v-6H5v-2h6V5h2v6h6v2z"></path></svg><span class="css-idkz9h">Add Wild Blueberry-Topped New York-Style Cheesecake to cart</span></button></div></div></div></div></div></div><div class="css-0"><div class="css-f5i5wc"><div class="chakra-linkbox css-vhnn8v"><div data-testid="product-image" class="css-16dr4ly"><img alt="Farmer's Market Cookies and Creme Cake 825 g, $1.27/100g" src="https://assets.shop.loblaws.ca/products/21392554/b3/en/front/21392554_front_a06_@2.png" srcset="https://assets.shop.loblaws.ca/products/21392554/b3/en/front/21392554_front_a06_@2.png 1x, https://assets.shop.loblaws.ca/products/21392554/b3/en/front/21392554_front_a06_@2.png 2x" loading="lazy" class="chakra-image css-oguq8l" aria-hidden="true"></div><div class="css-qoklea"><div class="css-12dchmx"></div><div data-testid="price-product-tile" class="css-8atqhb"><p class="chakra-text css-0"><span class="chakra-text css-pwnbcb" data-testid="regular-price"><span class="css-idkz9h">$10.50</span>$10.50</span></p></div><a href="/cookies-and-creme-cake/p/21392554_EA?source=nspt" class="chakra-linkbox__overlay css-1hnz6hu"><div class="css-0"><p class="chakra-text css-1ecdp9w" data-testid="product-brand">Farmer's Market</p><h3 class="chakra-heading css-6qrhwc" id="21392554_EA" data-testid="product-title">Cookies and Creme Cake</h3><p class="chakra-text css-1yftjin" data-testid="product-package-size">825 g, $1.27/100g</p></div></a><div class="css-8keand"></div></div><div class="css-1q5omjq"><div class="css-fcebb8"><div data-testid="atc-compact" class="css-y94ivq" style="width: 45px;"><button type="button" class="chakra-button css-mudsm6" data-testid="atc-button"><svg stroke="currentColor" fill="currentColor" stroke-width="0" viewBox="0 0 24 24" focusable="false" class="chakra-icon css-1g3sp7a" data-testid="btn-icon" aria-hidden="true" height="1em" width="1em" xmlns="http://www.w3.org/2000/svg"><path d="M19 13h-6v6h-2v-6H5v-2h6V5h2v6h6v2z"></path></svg><span class="css-idkz9h">Add Cookies and Creme Cake to cart</span></button></div></div></div></div></div></div></div><div data-testid="product-grid" class="css-epcqr3"><div class="css-0"><div class="css-f5i5wc"><div class="chakra-linkbox css-vhnn8v"><div data-testid="product-image" class="css-16dr4ly"><img alt="two-bite Cupcakes, Maple 284 g, $1.41/100g" src="https://assets.shop.loblaws.ca/products/21242659/b3/en/front/21242659_front_a06_@2.png" srcset="https://assets.shop.loblaws.ca/products/21242659/b3/en/front/21242659_front_a06_@2.png 1x, https://assets.shop.loblaws.ca/products/21242659/b3/en/front/21242659_front_a06_@2.png 2x" loading="lazy" class="chakra-image css-oguq8l" aria-hidden="true"></div><div class="css-qoklea"><div class="css-12dchmx"></div><div data-testid="price-product-tile" class="css-8atqhb"><p class="chakra-text css-0"><span class="chakra-text css-pwnbcb" data-testid="regular-price"><span class="css-idkz9h">$4.00</span>$4.00</span></p></div><a href="/cupcakes-maple/p/21242659_EA?source=nspt" class="chakra-linkbox__overlay css-1hnz6hu"><div class="css-0"><p class="chakra-text css-1ecdp9w" data-testid="product-brand">two-bite</p><h3 class="chakra-heading css-6qrhwc" id="21242659_EA" data-testid="product-title">Cupcakes, Maple</h3><p class="chakra-text css-1yftjin" data-testid="product-package-size">284 g, $1.41/100g</p></div></a><div class="css-8keand"></div></div><div class="css-1q5omjq"><div class="css-fcebb8"><div data-testid="atc-compact" class="css-y94ivq" style="width: 45px;"><button disabled="" type="button" class="chakra-button css-mudsm6" data-testid="atc-button"><svg stroke="currentColor" fill="currentColor" stroke-width="0" viewBox="0 0 24 24" focusable="false" class="chakra-icon css-1g3sp7a" data-testid="btn-icon" aria-hidden="true" height="1em" width="1em" xmlns="http://www.w3.org/2000/svg"><path d="M19 13h-6v6h-2v-6H5v-2h6V5h2v6h6v2z"></path></svg><span class="css-idkz9h">Add Cupcakes, Maple to cart</span></button></div></div><div class="css-4saf4a"><p class="chakra-text css-py8788" data-testid="inventory-badge-text">Out of Stock</p></div></div></div></div></div><div class="css-0"><div class="css-f5i5wc"><div class="chakra-linkbox css-vhnn8v"><div data-testid="product-image" class="css-16dr4ly"><img alt="La Rocca 6 Inch Red Velvet Cake 600 g, $2.50/100g" src="https://assets.shop.loblaws.ca/products/20598232/b3/en/front/20598232_front_a06_@2.png" srcset="https://assets.shop.loblaws.ca/products/20598232/b3/en/front/20598232_front_a06_@2.png 1x, https://assets.shop.loblaws.ca/products/20598232/b3/en/front/20598232_front_a06_@2.png 2x" loading="lazy" class="chakra-image css-oguq8l" aria-hidden="true"></div><div class="css-qoklea"><div class="css-12dchmx"></div><div data-testid="price-product-tile" class="css-8atqhb"><p class="chakra-text css-0"><span class="chakra-text css-pwnbcb" data-testid="regular-price"><span class="css-idkz9h">$15.00</span>$15.00</span></p></div><a href="/6-inch-red-velvet-cake/p/20598232_EA?source=nspt" class="chakra-linkbox__overlay css-1hnz6hu"><div class="css-0"><p class="chakra-text css-1ecdp9w" data-testid="product-brand">La Rocca</p><h3 class="chakra-heading css-6qrhwc" id="20598232_EA" data-testid="product-title">6 Inch Red Velvet Cake</h3><p class="chakra-text css-1yftjin" data-testid="product-package-size">600 g, $2.50/100g</p></div></a><div class="css-8keand"></div></div><div class="css-1q5omjq"><div class="css-fcebb8"><div data-testid="atc-compact" class="css-y94ivq" style="width: 45px;"><button type="button" class="chakra-button css-mudsm6" data-testid="atc-button"><svg stroke="currentColor" fill="currentColor" stroke-width="0" viewBox="0 0 24 24" focusable="false" class="chakra-icon css-1g3sp7a" data-testid="btn-icon" aria-hidden="true" height="1em" width="1em" xmlns="http://www.w3.org/2000/svg"><path d="M19 13h-6v6h-2v-6H5v-2h6V5h2v6h6v2z"></path></svg><span class="css-idkz9h">Add 6 Inch Red Velvet Cake to cart</span></button></div></div></div></div></div></div><div class="css-0"><div class="css-f5i5wc"><div class="chakra-linkbox css-vhnn8v"><div data-testid="product-image" class="css-16dr4ly"><img alt="null 6&quot; Chocolate Truffle Cake 600 g, $2.50/100g" src="https://assets.shop.loblaws.ca/products/20378352/b3/en/front/20378352_front_a06_@2.png" srcset="https://assets.shop.loblaws.ca/products/20378352/b3/en/front/20378352_front_a06_@2.png 1x, https://assets.shop.loblaws.ca/products/20378352/b3/en/front/20378352_front_a06_@2.png 2x" loading="lazy" class="chakra-image css-oguq8l" aria-hidden="true"></div><div class="css-qoklea"><div class="css-12dchmx"></div><div data-testid="price-product-tile" class="css-8atqhb"><p class="chakra-text css-0"><span class="chakra-text css-pwnbcb" data-testid="regular-price"><span class="css-idkz9h">$15.00</span>$15.00</span></p></div><a href="/6-chocolate-truffle-cake/p/20378352_EA?source=nspt" class="chakra-linkbox__overlay css-1hnz6hu"><div class="css-0"><h3 class="chakra-heading css-6qrhwc" id="20378352_EA" data-testid="product-title">6" Chocolate Truffle Cake</h3><p class="chakra-text css-1yftjin" data-testid="product-package-size">600 g, $2.50/100g</p></div></a><div class="css-8keand"></div></div><div class="css-1q5omjq"><div class="css-fcebb8"><div data-testid="atc-compact" class="css-y94ivq" style="width: 45px;"><button type="button" class="chakra-button css-mudsm6" data-testid="atc-button"><svg stroke="currentColor" fill="currentColor" stroke-width="0" viewBox="0 0 24 24" focusable="false" class="chakra-icon css-1g3sp7a" data-testid="btn-icon" aria-hidden="true" height="1em" width="1em" xmlns="http://www.w3.org/2000/svg"><path d="M19 13h-6v6h-2v-6H5v-2h6V5h2v6h6v2z"></path></svg><span class="css-idkz9h">Add 6" Chocolate Truffle Cake to cart</span></button></div></div></div></div></div></div><div class="css-0"><div class="css-f5i5wc"><div class="chakra-linkbox css-vhnn8v"><div data-testid="product-image" class="css-16dr4ly"><img alt="Farmer's Market Cake Vanilla 1500 g, $1.13/100g" src="https://assets.shop.loblaws.ca/products/21591532/b3/en/front/21591532_front_a06_@2.png" srcset="https://assets.shop.loblaws.ca/products/21591532/b3/en/front/21591532_front_a06_@2.png 1x, https://assets.shop.loblaws.ca/products/21591532/b3/en/front/21591532_front_a06_@2.png 2x" loading="lazy" class="chakra-image css-oguq8l" aria-hidden="true"></div><div class="css-qoklea"><div class="css-12dchmx"></div><div data-testid="price-product-tile" class="css-8atqhb"><p class="chakra-text css-0"><span class="chakra-text css-pwnbcb" data-testid="regular-price"><span class="css-idkz9h">$17.00</span>$17.00</span></p></div><a href="/cake-vanilla/p/21591532_EA?source=nspt" class="chakra-linkbox__overlay css-1hnz6hu"><div class="css-0"><p class="chakra-text css-1ecdp9w" data-testid="product-brand">Farmer's Market</p><h3 class="chakra-heading css-6qrhwc" id="21591532_EA" data-testid="product-title">Cake Vanilla</h3><p class="chakra-text css-1yftjin" data-testid="product-package-size">1500 g, $1.13/100g</p></div></a><div class="css-8keand"></div></div><div class="css-1q5omjq"><div class="css-fcebb8"><div data-testid="atc-compact" class="css-y94ivq" style="width: 45px;"><button type="button" class="chakra-button css-mudsm6" data-testid="atc-button"><svg stroke="currentColor" fill="currentColor" stroke-width="0" viewBox="0 0 24 24" focusable="false" class="chakra-icon css-1g3sp7a" data-testid="btn-icon" aria-hidden="true" height="1em" width="1em" xmlns="http://www.w3.org/2000/svg"><path d="M19 13h-6v6h-2v-6H5v-2h6V5h2v6h6v2z"></path></svg><span class="css-idkz9h">Add Cake Vanilla to cart</span></button></div></div></div></div></div></div><div class="css-0"><div class="css-f5i5wc"><div class="chakra-linkbox css-vhnn8v"><div data-testid="product-image" class="css-16dr4ly"><img alt="Golden Eggless Fruit Cake 340 g, $0.88/100g" src="https://assets.shop.loblaws.ca/products/20219109/b3/en/front/20219109_front_a06_@2.png" srcset="https://assets.shop.loblaws.ca/products/20219109/b3/en/front/20219109_front_a06_@2.png 1x, https://assets.shop.loblaws.ca/products/20219109/b3/en/front/20219109_front_a06_@2.png 2x" loading="lazy" class="chakra-image css-oguq8l" aria-hidden="true"></div><div class="css-qoklea"><div class="css-12dchmx"></div><div data-testid="price-product-tile" class="css-8atqhb"><p class="chakra-text css-0"><span class="chakra-text css-pwnbcb" data-testid="regular-price"><span class="css-idkz9h">$2.99</span>$2.99</span></p></div><a href="/eggless-fruit-cake/p/20219109_EA?source=nspt" class="chakra-linkbox__overlay css-1hnz6hu"><div class="css-0"><p class="chakra-text css-1ecdp9w" data-testid="product-brand">Golden</p><h3 class="chakra-heading css-6qrhwc" id="20219109_EA" data-testid="product-title">Eggless Fruit Cake</h3><p class="chakra-text css-1yftjin" data-testid="product-package-size">340 g, $0.88/100g</p></div></a><div class="css-8keand"></div></div><div class="css-1q5omjq"><div class="css-fcebb8"><div data-testid="atc-compact" class="css-y94ivq" style="width: 45px;"><button type="button" class="chakra-button css-mudsm6" data-testid="atc-button"><svg stroke="currentColor" fill="currentColor" stroke-width="0" viewBox="0 0 24 24" focusable="false" class="chakra-icon css-1g3sp7a" data-testid="btn-icon" aria-hidden="true" height="1em" width="1em" xmlns="http://www.w3.org/2000/svg"><path d="M19 13h-6v6h-2v-6H5v-2h6V5h2v6h6v2z"></path></svg><span class="css-idkz9h">Add Eggless Fruit Cake to cart</span></button></div></div></div></div></div></div><div class="css-0"><div class="css-f5i5wc"><div class="chakra-linkbox css-vhnn8v"><div data-testid="product-image" class="css-16dr4ly"><img alt="Farmer's Market Cake Chocolate 1500 g, $1.13/100g" src="https://assets.shop.loblaws.ca/products/21591663/b3/en/front/21591663_front_a06_@2.png" srcset="https://assets.shop.loblaws.ca/products/21591663/b3/en/front/21591663_front_a06_@2.png 1x, https://assets.shop.loblaws.ca/products/21591663/b3/en/front/21591663_front_a06_@2.png 2x" loading="lazy" class="chakra-image css-oguq8l" aria-hidden="true"></div><div class="css-qoklea"><div class="css-12dchmx"></div><div data-testid="price-product-tile" class="css-8atqhb"><p class="chakra-text css-0"><span class="chakra-text css-pwnbcb" data-testid="regular-price"><span class="css-idkz9h">$17.00</span>$17.00</span></p></div><a href="/cake-chocolate/p/21591663_EA?source=nspt" class="chakra-linkbox__overlay css-1hnz6hu"><div class="css-0"><p class="chakra-text css-1ecdp9w" data-testid="product-brand">Farmer's Market</p><h3 class="chakra-heading css-6qrhwc" id="21591663_EA" data-testid="product-title">Cake Chocolate</h3><p class="chakra-text css-1yftjin" data-testid="product-package-size">1500 g, $1.13/100g</p></div></a><div class="css-8keand"></div></div><div class="css-1q5omjq"><div class="css-fcebb8"><div data-testid="atc-compact" class="css-y94ivq" style="width: 45px;"><button type="button" class="chakra-button css-mudsm6" data-testid="atc-button"><svg stroke="currentColor" fill="currentColor" stroke-width="0" viewBox="0 0 24 24" focusable="false" class="chakra-icon css-1g3sp7a" data-testid="btn-icon" aria-hidden="true" height="1em" width="1em" xmlns="http://www.w3.org/2000/svg"><path d="M19 13h-6v6h-2v-6H5v-2h6V5h2v6h6v2z"></path></svg><span class="css-idkz9h">Add Cake Chocolate to cart</span></button></div></div></div></div></div></div><div class="css-0"><div class="css-f5i5wc"><div class="chakra-linkbox css-vhnn8v"><div data-testid="product-image" class="css-16dr4ly"><img alt="two-bite Chocolate Cupcakes 284 g, $1.41/100g" src="https://assets.shop.loblaws.ca/products/21296818/b3/en/front/21296818_front_a06_@2.png" srcset="https://assets.shop.loblaws.ca/products/21296818/b3/en/front/21296818_front_a06_@2.png 1x, https://assets.shop.loblaws.ca/products/21296818/b3/en/front/21296818_front_a06_@2.png 2x" loading="lazy" class="chakra-image css-oguq8l" aria-hidden="true"></div><div class="css-qoklea"><div class="css-12dchmx"></div><div data-testid="price-product-tile" class="css-8atqhb"><p class="chakra-text css-0"><span class="chakra-text css-pwnbcb" data-testid="regular-price"><span class="css-idkz9h">$4.00</span>$4.00</span></p></div><a href="/chocolate-cupcakes/p/21296818_EA?source=nspt" class="chakra-linkbox__overlay css-1hnz6hu"><div class="css-0"><p class="chakra-text css-1ecdp9w" data-testid="product-brand">two-bite</p><h3 class="chakra-heading css-6qrhwc" id="21296818_EA" data-testid="product-title">Chocolate Cupcakes</h3><p class="chakra-text css-1yftjin" data-testid="product-package-size">284 g, $1.41/100g</p></div></a><div class="css-8keand"></div></div><div class="css-1q5omjq"><div class="css-fcebb8"><div data-testid="atc-compact" class="css-y94ivq" style="width: 45px;"><button disabled="" type="button" class="chakra-button css-mudsm6" data-testid="atc-button"><svg stroke="currentColor" fill="currentColor" stroke-width="0" viewBox="0 0 24 24" focusable="false" class="chakra-icon css-1g3sp7a" data-testid="btn-icon" aria-hidden="true" height="1em" width="1em" xmlns="http://www.w3.org/2000/svg"><path d="M19 13h-6v6h-2v-6H5v-2h6V5h2v6h6v2z"></path></svg><span class="css-idkz9h">Add Chocolate Cupcakes to cart</span></button></div></div><div class="css-4saf4a"><p class="chakra-text css-py8788" data-testid="inventory-badge-text">Out of Stock</p></div></div></div></div></div><div class="css-0"><div class="css-f5i5wc"><div class="chakra-linkbox css-vhnn8v"><div data-testid="product-image" class="css-16dr4ly"><img alt="Farmer's Market Maple Loaf Cake 390 g, $1.28/100g" src="https://assets.shop.loblaws.ca/products/20824405/b3/en/front/20824405_front_a06_@2.png" srcset="https://assets.shop.loblaws.ca/products/20824405/b3/en/front/20824405_front_a06_@2.png 1x, https://assets.shop.loblaws.ca/products/20824405/b3/en/front/20824405_front_a06_@2.png 2x" loading="lazy" class="chakra-image css-oguq8l" aria-hidden="true"></div><div class="css-qoklea"><div class="css-12dchmx"></div><div data-testid="price-product-tile" class="css-8atqhb"><p class="chakra-text css-0"><span class="chakra-text css-pwnbcb" data-testid="regular-price"><span class="css-idkz9h">$5.00</span>$5.00</span></p></div><a href="/maple-loaf-cake/p/20824405_EA?source=nspt" class="chakra-linkbox__overlay css-1hnz6hu"><div class="css-0"><p class="chakra-text css-1ecdp9w" data-testid="product-brand">Farmer's Market</p><h3 class="chakra-heading css-6qrhwc" id="20824405_EA" data-testid="product-title">Maple Loaf Cake</h3><p class="chakra-text css-1yftjin" data-testid="product-package-size">390 g, $1.28/100g</p></div></a><div class="css-8keand"></div></div><div class="css-1q5omjq"><div class="css-fcebb8"><div data-testid="atc-compact" class="css-y94ivq" style="width: 45px;"><button disabled="" type="button" class="chakra-button css-mudsm6" data-testid="atc-button"><svg stroke="currentColor" fill="currentColor" stroke-width="0" viewBox="0 0 24 24" focusable="false" class="chakra-icon css-1g3sp7a" data-testid="btn-icon" aria-hidden="true" height="1em" width="1em" xmlns="http://www.w3.org/2000/svg"><path d="M19 13h-6v6h-2v-6H5v-2h6V5h2v6h6v2z"></path></svg><span class="css-idkz9h">Add Maple Loaf Cake to cart</span></button></div></div><div class="css-4saf4a"><p class="chakra-text css-py8788" data-testid="inventory-badge-text">Out of Stock</p></div></div></div></div></div><div class="css-0"><div class="css-f5i5wc"><div class="chakra-linkbox css-vhnn8v"><div data-testid="product-image" class="css-16dr4ly"><img alt="Charlottes Red Velvet Cake with Cream Cheese Frosting 475 g, $1.26/100g" src="https://assets.shop.loblaws.ca/products/21000008/b3/en/front/21000008_front_a06_@2.png" srcset="https://assets.shop.loblaws.ca/products/21000008/b3/en/front/21000008_front_a06_@2.png 1x, https://assets.shop.loblaws.ca/products/21000008/b3/en/front/21000008_front_a06_@2.png 2x" loading="lazy" class="chakra-image css-oguq8l" aria-hidden="true"></div><div class="css-qoklea"><div class="css-12dchmx"></div><div data-testid="price-product-tile" class="css-8atqhb"><p class="chakra-text css-0"><span class="chakra-text css-pwnbcb" data-testid="regular-price"><span class="css-idkz9h">$6.00</span>$6.00</span></p></div><a href="/red-velvet-cake-with-cream-cheese-frosting/p/21000008_EA?source=nspt" class="chakra-linkbox__overlay css-1hnz6hu"><div class="css-0"><p class="chakra-text css-1ecdp9w" data-testid="product-brand">Charlottes</p><h3 class="chakra-heading css-6qrhwc" id="21000008_EA" data-testid="product-title">Red Velvet Cake with Cream Cheese Frosting</h3><p class="chakra-text css-1yftjin" data-testid="product-package-size">475 g, $1.26/100g</p></div></a><div class="css-8keand"></div></div><div class="css-1q5omjq"><div class="css-fcebb8"><div data-testid="atc-compact" class="css-y94ivq" style="width: 45px;"><button type="button" class="chakra-button css-mudsm6" data-testid="atc-button"><svg stroke="currentColor" fill="currentColor" stroke-width="0" viewBox="0 0 24 24" focusable="false" class="chakra-icon css-1g3sp7a" data-testid="btn-icon" aria-hidden="true" height="1em" width="1em" xmlns="http://www.w3.org/2000/svg"><path d="M19 13h-6v6h-2v-6H5v-2h6V5h2v6h6v2z"></path></svg><span class="css-idkz9h">Add Red Velvet Cake with Cream Cheese Frosting to cart</span></button></div></div></div></div></div></div><div class="css-0"><div class="css-f5i5wc"><div class="chakra-linkbox css-vhnn8v"><div data-testid="product-image" class="css-16dr4ly"><img alt="Charlottes Strawberry Shortcake 400 g, $1.50/100g" src="https://assets.shop.loblaws.ca/products/21184896/b3/en/front/21184896_front_a06_@2.png" srcset="https://assets.shop.loblaws.ca/products/21184896/b3/en/front/21184896_front_a06_@2.png 1x, https://assets.shop.loblaws.ca/products/21184896/b3/en/front/21184896_front_a06_@2.png 2x" loading="lazy" class="chakra-image css-oguq8l" aria-hidden="true"></div><div class="css-qoklea"><div class="css-12dchmx"></div><div data-testid="price-product-tile" class="css-8atqhb"><p class="chakra-text css-0"><span class="chakra-text css-pwnbcb" data-testid="regular-price"><span class="css-idkz9h">$6.00</span>$6.00</span></p></div><a href="/strawberry-shortcake/p/21184896_EA?source=nspt" class="chakra-linkbox__overlay css-1hnz6hu"><div class="css-0"><p class="chakra-text css-1ecdp9w" data-testid="product-brand">Charlottes</p><h3 class="chakra-heading css-6qrhwc" id="21184896_EA" data-testid="product-title">Strawberry Shortcake</h3><p class="chakra-text css-1yftjin" data-testid="product-package-size">400 g, $1.50/100g</p></div></a><div class="css-8keand"></div></div><div class="css-1q5omjq"><div class="css-fcebb8"><div data-testid="atc-compact" class="css-y94ivq" style="width: 45px;"><button type="button" class="chakra-button css-mudsm6" data-testid="atc-button"><svg stroke="currentColor" fill="currentColor" stroke-width="0" viewBox="0 0 24 24" focusable="false" class="chakra-icon css-1g3sp7a" data-testid="btn-icon" aria-hidden="true" height="1em" width="1em" xmlns="http://www.w3.org/2000/svg"><path d="M19 13h-6v6h-2v-6H5v-2h6V5h2v6h6v2z"></path></svg><span class="css-idkz9h">Add Strawberry Shortcake to cart</span></button></div></div></div></div></div></div><div class="css-0"><div class="css-f5i5wc"><div class="chakra-linkbox css-vhnn8v"><div data-testid="product-image" class="css-16dr4ly"><img alt="Elite Sweets Tiramisu Cake, Dome 700 g, $2.71/100g" src="https://assets.shop.loblaws.ca/products/20001390/b3/en/front/20001390_front_a06_@2.png" srcset="https://assets.shop.loblaws.ca/products/20001390/b3/en/front/20001390_front_a06_@2.png 1x, https://assets.shop.loblaws.ca/products/20001390/b3/en/front/20001390_front_a06_@2.png 2x" loading="lazy" class="chakra-image css-oguq8l" aria-hidden="true"></div><div class="css-qoklea"><div class="css-12dchmx"></div><div data-testid="price-product-tile" class="css-8atqhb"><p class="chakra-text css-0"><span class="chakra-text css-pwnbcb" data-testid="regular-price"><span class="css-idkz9h">$18.99</span>$18.99</span></p></div><a href="/tiramisu-cake-dome/p/20001390_EA?source=nspt" class="chakra-linkbox__overlay css-1hnz6hu"><div class="css-0"><p class="chakra-text css-1ecdp9w" data-testid="product-brand">Elite Sweets</p><h3 class="chakra-heading css-6qrhwc" id="20001390_EA" data-testid="product-title">Tiramisu Cake, Dome</h3><p class="chakra-text css-1yftjin" data-testid="product-package-size">700 g, $2.71/100g</p></div></a><div class="css-8keand"></div></div><div class="css-1q5omjq"><div class="css-fcebb8"><div data-testid="atc-compact" class="css-y94ivq" style="width: 45px;"><button type="button" class="chakra-button css-mudsm6" data-testid="atc-button"><svg stroke="currentColor" fill="currentColor" stroke-width="0" viewBox="0 0 24 24" focusable="false" class="chakra-icon css-1g3sp7a" data-testid="btn-icon" aria-hidden="true" height="1em" width="1em" xmlns="http://www.w3.org/2000/svg"><path d="M19 13h-6v6h-2v-6H5v-2h6V5h2v6h6v2z"></path></svg><span class="css-idkz9h">Add Tiramisu Cake, Dome to cart</span></button></div></div></div></div></div></div></div>